3450 5342
820 265 987 318 ..2,1.-

281 449 365 510 uobis
387 451 525 509 refutatio
549 450 782 510 adversariorum
805 450 892 509 liberi
916 451 1040 522 arbitrii,
1073 453 1247 530 praesertim
1270 454 1313 510 sic
1335 450 1407 510 dicti
1431 451 1527 510 deter-

279 539 408 596 minismi
433 537 643 616 psychologici,
677 539 728 616 qui
764 541 940 598 motivornm
974 541 1035 596 vim
1070 541 1101 596 in
1135 559 1166 597 re
1200 538 1299 598 ethica
1336 559 1395 596 uon
1432 538 1524 597 solum

278 627 420 702 agnoscit,
444 624 496 684 scd
519 627 607 683 etiam
632 635 793 702 exaggerat
816 626 855 705 (p.
880 629 965 703 437.)
990 626 1129 684 Ceterum
1152 624 1320 684 dissertatio
1342 625 1425 694 haec,
1458 645 1526 684 cum

278 713 368 769 etiam
391 714 555 770 recentiora
578 712 686 790 placita
710 712 825 784 referat,
849 715 910 772 suis
933 712 1092 771 lectoribus
1115 734 1175 772 nou
1197 710 1343 770 modicam
1365 713 1525 770 utilitatem

279 799 382 856 atibrre
406 808 509 876 potest.

385 896 671 982 Dwutyyodnilc
694 896 980 984 katcclretyczny
1015 898 1031 964 i
1064 896 1344 982 dasspasterslci
1376 901 1473 960 editur
1506 923 1526 958 a

279 991 297 1048 9
323 992 409 1048 annis
432 989 600 1047 'l'aruoviae
624 991 655 1047 iu
678 987 803 1060 Galicia,
827 989 873 1048 bis
897 993 928 1049 in
952 1009 1061 1060 meuse,
1095 989 1245 1049 fasciculis
1268 991 1307 1046 32
1331 1008 1398 1067 pag.
1421 991 1453 1047 iu
1478 984 1524 1054 8⁰,

277 1075 430 1154 redigente
454 1077 488 1133 R.
512 1076 549 1133 D.
573 1076 712 1134 Valentio
735 1074 907 1148 Gadowski,
941 1079 1066 1155 pretium
1089 1076 1314 1154 subscriptionis
1343 1077 1362 1134 9
1393 1096 1451 1135 cor.
1482 1075 1525 1134 lit

278 1165 341 1242 ipse
365 1163 467 1221 titulus
490 1162 628 1232 declarat,
652 1162 680 1220 D
690 1184 716 1218 w
726 1173 763 1220 ut
771 1185 792 1242 y
800 1185 820 1240 g
829 1163 874 1222 od
885 1163 949 1222 nik
961 1166 1120 1242 practicam
1133 1163 1291 1222 utilitatem
1305 1163 1525 1221 catechetamm

278 1250 456 1308 scholarium
491 1270 605 1308 necnon
639 1250 709 1308 cleri
746 1250 926 1328 parochialis
960 1253 1140 1330 propositam
1174 1248 1273 1309 hahet
1307 1249 1379 1308 ldeo
1413 1250 1525 1307 multae

277 1339 441 1407 correiones,
458 1336 686 1400 exhortationes,
702 1337 879 1397 catecheses.
895 1339 1050 1415 liturgicus
1065 1349 1095 1395 et
1106 1337 1269 1416 pastorales
1284 1335 1524 1406 consultationes,

275 1427 395 1482 cronica
416 1424 616 1482 ecclesiastica
648 1458 686 1466 -
711 1445 748 1482 eu
779 1423 884 1482 stabile
915 1438 1119 1498 argumentum
1150 1427 1280 1481 omnium
1309 1423 1524 1484 fasciculorum.

276 1511 375 1568 litiani
412 1531 449 1569 ex
485 1510 616 1568 articulis
651 1513 794 1588 separatis
829 1514 988 1589 praecipua
1020 1531 1088 1590 pars
1123 1513 1242 1589 respicit
1265 1531 1326 1568 rem
1358 1510 1524 1569 scholarem

275 1600 447 1676 praesertim
473 1599 502 1654 in
526 1597 652 1668 (lalicia,
682 1599 752 1654 item
777 1597 991 1676 paedagogium
1015 1599 1207 1657 christianam
1240 1607 1268 1656 et
1292 1600 1322 1654 in
1347 1597 1470 1654 familiis
1491 1609 1524 1654 et

276 1685 307 1742 in
331 1685 447 1745 scholis.

378 1772 427 1829 lix
450 1770 517 1828 aliis
540 1770 835 1829 commentationibus
859 1781 994 1829 notamus
1029 1793 1088 1841 eas,
1118 1791 1193 1849 (puae
1224 1772 1333 1828 nostris
1364 1769 1523 1828 lectoribus

272 1859 348 1916 scitu
371 1859 457 1916 utiles
481 1878 544 1916 esse
568 1867 708 1936 possunt:

382 1949 407 2004 1.
430 1946 501 2023 Pag.
527 1947 587 2002 213
613 1945 646 2002 ll.
671 1945 707 2005 l).
732 1945 1061 2003 Lulraszlrien'icu
1084 1943 1261 2006 coutran,
1286 1943 1521 2002 Szczesnialr

275 2043 304 2089 et
326 2031 399 2088 alios
423 2045 555 2090 atictores
578 2030 701 2109 probare
717 2031 869 2090 contendit
882 2043 999 2090 sanctos
1022 2032 1178 2090 slavorum
1201 2029 1348 2108 apostolos
1372 2029 1521 2108 (b'rillum

273 2127 302 2175 et
325 2117 510 2177 Methodium
533 2139 592 2176 nou
615 2120 702 2176 ritum
727 2139 878 2177 romanum
901 2118 954 2176 sed
985 2139 1121 2196 graecum
1152 2119 1183 2175 in
1214 2117 1316 2194 lingua
1345 2117 1457 2174 slavica
1487 2118 1520 2175 in

273 2205 409 2263 Morauia
453 2225 637 2284 propagasse.
671 2203 782 2263 Probat
815 2205 871 2264 hoc
920 2211 956 2264 ll
993 2207 1183 2282 argumentis,
1220 2225 1342 2281 qtrortnn
1376 2204 1521 2261 nonnulla

273 2293 377 2350 afferre
399 2292 496 2352 liceat.
534 2292 681 2350 Nimirum
705 2291 824 2369 liturgia
847 2313 969 2351 romana
991 2294 1023 2350 iu
1045 2293 1176 2369 linguam
1201 2291 1343 2350 clavicam
1374 2291 1521 2349 translata

272 2377 327 2436 fuit
350 2380 410 2436 iarn
424 2378 536 2436 duobus
548 2379 674 2436 saeculis
698 2399 742 2436 au
753 2390 787 2436 tc
811 2401 847 2441 ss.
871 2381 1010 2451 Fratres3
1033 2401 1103 2456 crgo
1119 2381 1215 2437 tersio
1231 2399 1329 2435 corum
1347 2376 1383 2435 de
1399 2377 1520 2454 liturgia

271 2485 378 2542 graeca
416 2481 459 2524 est
489 2465 693 2540 intelligenda.
740 2465 856 2524 Deinde
899 2467 1047 2544 liturgiam
1082 2487 1119 2524 ss.
1147 2466 1268 2523 fratrum
1303 2463 1519 2542 impugnabant

271 2554 403 2630 episcopi
424 2555 566 2628 germani,
597 2551 676 2630 quod
699 2573 757 2610 non
780 2555 875 2631 potuit
898 2553 960 2610 lieri
992 2563 1124 2630 respectu
1157 2552 1293 2628 liturgiae
1317 2571 1455 2608 romanae
1486 2554 1517 2609 iu

270 2639 374 2716 lingua
397 2639 517 2708 slavica,
541 2661 557 2697 a
582 2638 657 2698 Sede
681 2641 738 2716 Ap.
762 2641 821 2698 iam
845 2639 956 2698 ‹ludnm
979 2638 1166 2718 approbatae.
1191 2639 1322 2716 insuper,
1346 2639 1463 2716 expulsi
1477 2659 1515 2696 ex

270 2726 406 2784 Moravia
429 2747 450 2783 s.
474 2725 617 2784 Methodii
642 2725 777 2804 discipuli
802 2727 963 2786 attulerunt
978 2729 1010 2784 iu
1026 2727 1197 2803 Bulgariam
1213 2725 1339 2783 candem
1357 2725 1516 2801 liturgiam,

269 2816 383 2890 quain
406 2814 540 2872 Moraria
564 2815 607 2870 usi
631 2813 768 2886 ·fuerant;
803 2817 884 2892 atqui
915 2815 990 2872 haec
1011 2825 1056 2872 cst
1078 2814 1199 2890 liturgia
1220 2831 1334 2890 graeca.
1369 2811 1516 2890 Denique,

270 2919 307 2961 ss.
338 2901 443 2958 fratres
473 2899 662 2958 obtinuerunt
692 2921 710 2958 a
732 2901 843 2958 Ioanne
876 2899 950 2962 l'lll
983 2921 1061 2979 papa
1094 2901 1246 2958 licentiam
1279 2897 1380 2956 utendi
1413 2899 1515 2975 lingua

271 2986 383 3044 slavica
406 2988 436 3044 in
460 2987 598 3064 liturgia:
633 2989 715 3064 atqui
746 2987 866 3064 liturgia
893 3008 1014 3046 romana
1036 2990 1068 3045 in
1092 2989 1194 3064 lingua
1216 2986 1329 3044 slavica
1352 2987 1411 3043 iam
1433 2987 1515 3064 prius

269 3083 333 3131 erat
356 3093 502 3144 concessa,
525 3095 594 3151 ergo
611 3093 688 3132 nova
703 3076 852 3133 concessio
864 3077 960 3151 potius
972 3073 1009 3132 de
1021 3094 1128 3151 graeca
1143 3075 1264 3150 liturgia
1276 3072 1404 3149 intelligi
1416 3071 1514 3134 debet.

375 3164 402 3222 2,
426 3161 602 3240 Anonyurus
626 3170 725 3218 auctor
748 3157 793 3240 (a)
817 3171 922 3219 tractat
946 3160 983 3218 de
1006 3163 1114 3219 unione
1148 3161 1346 3219 ecclesiarum.
1377 3161 1404 3218 (1
1429 3161 1512 3217 unii

268 3247 436 3306 Koseioldw
461 3249 539 3326 (pag.
562 3249 633 3316 tte,
658 3250 728 3317 ote,
754 3251 823 3319 11311,
849 3248 923 3324 ties)
955 3249 1030 3306 Cum
1053 3249 1261 3306 commentatio
1285 3245 1358 3304 haec
1382 3245 1512 3304 nondum

270 3336 310 3392 sit
355 3335 448 3403 linita,
492 3337 701 3393 accuratiorem
740 3337 803 3393 cius
842 3337 1043 3393 recensionem
1080 3337 1111 3392 in
1149 3335 1276 3392 futurum
1318 3353 1512 3391 reservamus.

268 3421 334 3479 Hoc
357 3423 420 3480 loco
443 3424 584 3480 motivum
608 3419 743 3480 adnotari
766 3423 856 3492 iuvat,
880 3442 937 3499 quo
960 3432 1060 3479 auctor
1075 3421 1192 3480 ducitur
1203 3423 1235 3478 in
1247 3440 1300 3478 sua
1311 3422 1513 3498 inquisitione.

272 3508 430 3582 ,Plurimis
465 3507 601 3566 fidelibus
635 3506 812 3566 detrimenta
846 3511 877 3565 in
910 3507 968 3566 lide
991 3508 1074 3565 affert
1097 3517 1189 3565 status
1212 3508 1437 3566 christianitatis
1461 3508 1510 3584 qui

268 3615 345 3652 nunc
369 3607 433 3667 est;
458 3603 550 3653 status
564 3595 612 3652 hic
635 3614 724 3652 unam
747 3615 785 3652 ex
808 3597 974 3673 praecipuis
998 3594 1235 3653 iuditiorentismi
1259 3595 1390 3671 religiosi
1414 3595 1511 3651 causis

268 3683 429 3740 coustituit.
464 3681 560 3756 Quam
584 3701 671 3758 saepe
698 3683 778 3738 euim
801 3681 903 3739 audire
935 3702 1088 3759 possumus
1110 3701 1171 3738 rem
1196 3683 1227 3739 in
1251 3684 1362 3739 incerto
1384 3681 1511 3758 positam

267 3787 339 3837 esse,
380 3788 455 3846 quae
479 3769 516 3825 sit
546 3769 676 3845 genuina
699 3767 809 3826 Christi
841 3769 974 3837 ecclesia,
1004 3789 1070 3826 cum
1101 3789 1203 3826 omnes
1236 3778 1333 3826 sectae
1367 3766 1446 3846 apud
1478 3787 1511 3824 se

266 3863 381 3913 tantum
403 3855 521 3933 plenam
548 3857 701 3912 veritatem
724 3855 917 3914 christianam
941 3857 1068 3914 inveniri
1093 3853 1326 3933 praetendant!“
1363 3854 1402 3932 (p.
1425 3855 1511 3932 449).

267 3943 380 4000 Auctor
402 3940 482 3999 dolet
510 3961 580 4012 ,nos
604 3961 663 3998 non
687 3941 772 4000 facile
796 3944 949 4012 caritatem
973 3952 1003 4000 et
1026 3943 1168 4000 iustitiam
1191 3963 1261 4018 erga
1292 3942 1367 4000 alias
1397 3940 1510 3999 confes·

265 4029 362 4090 aiones
397 4030 580 4086 constantiae
614 4027 682 4085 fidei
717 4026 904 4106 adiungere!
953 4029 989 4087 lu
1012 4029 1144 4087 articulis
1168 4029 1318 4106 hucusque
1352 4027 1510 4105 publicatis

264 4114 425 4174 atteruntur
453 4115 640 4173 definitiones
670 4116 820 4186 ecelesiae,
851 4137 889 4173 ex
912 4113 1079 4174 auctoribus
1103 4122 1164 4172 tum
1187 4112 1425 4192 protestantibus,
1448 4126 1510 4172 tum

264 4202 534 4260 vetere-catholicis
557 4211 618 4260 tum
641 4201 770 4280 denique
794 4202 986 4261 orientalibus
1009 4200 1208 4279 depromptae.

370 4289 397 4346 3.
420 4289 700 4347 Prawoslawie
731 4310 801 4369 cay
831 4286 1111 4368 Katolicyzm?
1135 4301 1252 4346 auctore
1275 4287 1317 4347 dr.
1340 4290 1378 4345 A.
1401 4285 1510 4346 Maelro

265 4373 343 4453 (pag.
379 4380 404 4442 1,
437 4377 485 4443 37,
519 4378 589 4446 321,
627 4375 711 4454 391).
740 4375 936 4435 Continuatur
958 4378 1077 4453 incepta
1110 4395 1128 4433 a
1165 4377 1247 4432 1904
1270 4374 1439 4433 dissertatio
1472 4372 1510 4431 dc

264 4461 406 4520 ecclesiae
431 4464 515 4532 notis,
545 4473 575 4521 et
598 4463 700 4521 ultimo
723 4462 842 4540 quidem
865 4483 943 4521 anno
966 4460 1003 4520 de
1018 4462 1219 4520 catholicitate
1242 4472 1271 4520 et
1294 4461 1510 4540 apostolieitate

263 4557 419 4606 tractatum
444 4559 495 4616 est,
518 4558 550 4607 ut
573 4549 776 4608 ostenderetur
804 4559 889 4608 notas
919 4549 974 4608 has
1009 4570 1067 4606 uon
1101 4549 1236 4607 orientali
1277 4547 1505 4620 ,orthodoxiae“‘
