3450 5342
677 384 846 438 ..99-

137 570 269 648 sigillum
292 569 486 628 confessionis
516 570 635 630 laedere
660 572 762 642 uoluit,
787 616 793 628 .
816 573 948 630 omnium
983 569 1192 630 difficillimam
1225 571 1382 650 exploratu

136 677 204 718 ease
225 657 387 726 confitetur,
418 677 484 715 cum
508 658 606 717 nullus
628 658 695 717 fons
717 658 896 716 domesticus
930 667 1192 736 contemporaneus
1216 657 1302 730 adsit,
1327 679 1386 737 quo

138 745 212 802 baec
234 763 324 802 cansa
345 745 540 816 confirmetur,
551 754 683 804 attamen
705 745 803 804 dicere
826 765 886 804 uon
901 743 1036 803 dubitat:
1060 745 1243 804 confirmatio
1267 744 1384 805 abbatis

137 829 355 890 Kladmbensis
377 839 441 890 erat
462 832 565 890 ficte
586 852 674 893 causa
696 832 915 904 submersionis,
950 834 1112 912 proprie
1135 842 1173 890 et
1189 853 1282 890 vere
1296 852 1385 892 causa

135 927 235 976 antem
257 928 329 989 erat,
351 920 422 995 qnia
443 918 574 996 sigillam
597 919 790 980 confessionis
813 921 962 994 servavit,
986 918 1017 976 id
1039 919 1094 978 boc
1118 918 1203 978 modo
1227 918 1383 979 defendit:

242 1007 275 1062 si
298 1025 369 1063 vera
383 1017 482 1065 essent
499 1015 615 1064 tantum
631 1026 675 1080 ea,
691 1028 767 1085 quae
783 1005 821 1066 de
837 1006 1000 1065 l'enceslao
1024 1006 1120 1064 fontes
1144 1009 1382 1085 contemporanei

135 1090 292 1150 domestici
315 1102 444 1162 narrant,
467 1095 545 1152 inter
566 1095 712 1152 maximos
735 1096 892 1172 principos,
916 1092 953 1151 dc
974 1093 1139 1172 republica
1162 1114 1250 1172 quam
1274 1095 1383 1172 optime

137 1180 267 1248 meritos,
297 1178 468 1238 referendus
490 1189 575 1239 esset.
599 1181 660 1239 Cur
682 1201 768 1240 nemo
792 1179 1093 1258 historiographorum
1117 1183 1195 1238 lacta
1218 1183 1298 1240 vitae
1321 1183 1384 1240 6166

136 1268 238 1323 omnia
261 1285 379 1324 narrare
402 1287 490 1325 66666
513 1270 558 1335 sit,
582 1280 660 1326 certe
684 1289 742 1326 non
765 1270 830 1326 sine
853 1268 915 1325 ulla
937 1287 1026 1325 causa
1050 1267 1160 1326 iactum
1183 1278 1236 1326 est.

240 1353 305 1410 Rex
336 1353 518 1412 l'enceslans
546 1355 600 1412 IV.
624 1358 654 1412 in
677 1357 865 1413 matrimonio
895 1354 969 1412 felix
1001 1375 1060 1412 uon
1092 1353 1155 1412 fuit
1185 1353 1287 1414 Prima
1317 1356 1380 1414 eius

139 1458 212 1496 uxor
235 1440 348 1499 Ioanne
370 1439 419 1498 die
442 1442 492 1498 31.
515 1441 690 1500 Decembris
715 1444 805 1501 131111.
830 1449 917 1500 66616
941 1440 1038 1500 subito
1056 1451 1169 1500 mortua
1185 1451 1238 1500 est.
1254 1441 1301 1499 De
1320 1443 1382 1499 eins

137 1535 231 1583 morte
253 1525 334 1585 fama
355 1526 549 1606 spergebatur
578 1531 711 1604 reginam
735 1550 752 1588 a
775 1549 857 1600 cano,
881 1531 931 1606 qui
955 1531 985 1587 in
1008 1527 1142 1586 cubiculo
1166 1530 1243 1604 regis
1267 1548 1383 1606 semper

135 1611 310 1683 dormiebat,
334 1615 509 1674 suffocatam
533 1635 606 1675 esse.
629 1616 734 1674 Altera
757 1637 831 1674 uxor
853 1617 931 1693 regis
955 1624 1017 1674 erat
1031 1615 1150 1693 Sophia,
1175 1614 1236 1674 filie
1252 1615 1382 1688 loannis,

136 1698 282 1758 Bavariae
305 1700 396 1760 ducis.
419 1701 479 1761 Sed
502 1723 597 1781 neque
620 1704 652 1760 in
674 1703 739 1762 hoc.
753 1704 940 1762 matrimonio
963 1702 1089 1761 feliciter·
1104 1723 1156 1760 rex
1173 1703 1259 1760 vixit.
1282 1702 1382 1779 Ipsam

133 1789 355 1846 coronationem
386 1792 507 1867 reginae
539 1789 654 1848 distulit
676 1811 714 1848 cx
737 1810 815 1848 enno
846 1791 927 1848 1389
952 1790 983 1848 16
1010 1791 1100 1850 1400,
1124 1811 1161 1847 ex
1185 1809 1274 1848 causa
1296 1787 1382 1847 nobis

138 1873 240 1949 ignota
264 1909 303 1916 —
327 1875 445 1954 aliaque
475 1878 562 1953 signe
592 1875 700 1935 adsunt
730 1897 826 1954 neque
849 1877 904 1934 hoo
928 1877 1146 1934 matrimonium
1179 1876 1252 1933 felix
1282 1875 1382 1934 161666.

241 1960 346 2033 Causa,
380 1983 431 2020 cur
455 1965 559 2040 regina
591 1967 653 2040 regi
684 1963 761 2022 bene
784 1963 889 2021 affecta
911 1983 975 2022 esse
998 1983 1058 2022 non
1072 1964 1207 2040 potuerit,
1230 1963 1382 2020 invenitur

137 2047 169 2104 iu
193 2045 344 2106 codicibus
367 2051 446 2108 16666
469 2050 627 2109 l'enceslai
652 2053 768 2128 seriptis
791 2051 840 2108 rel
863 2052 891 2108 ei
915 2049 1031 2108 dicetis.
1062 2049 1154 2125 (Vojt.
1185 2047 1382 2108 Hrdlidka

137 2133 368 2212 Mittheilungen
391 2135 420 2194 d.
442 2137 516 2194 inst.
539 2137 558 2195 f.
582 2146 634 2196 bat.
658 2136 767 2197 Gesob.
791 2137 813 2195 l.
840 2139 900 2196 105
936 2137 1012 2210 ,Die
1044 2137 1120 2214 Sego
1144 2157 1171 2194 v.
1195 2137 1331 2196 Susanna
1354 2157 1380 2194 u.
1451 2203 1453 2210 Ι

135 2219 239 2297 Kenig
268 2221 415 2300 Wenzel).
445 2224 527 2282 Hinc
558 2227 638 2283 enim
669 2227 882 2303 cognoscimus,
915 2243 1014 2301 rogem
1047 2222 1200 2282 mulierem
1231 2223 1380 2301 quandam

130 2326 257 2365 amasse.
273 2307 358 2384 Quae
372 2318 452 2368 certo
466 2322 597 2370 eratuna
612 2333 628 2370 6
644 2313 741 2371 666616
756 2310 969 2370 discordiarum
985 2313 1063 2369 inter
1077 2331 1177 2388 regem
1193 2317 1222 2368 et
1238 2313 1379 2387 reginam.

132 2394 220 2452 Alias
248 2397 314 2473 ipsa
342 2405 448 2456 natura
477 2397 634 2456 Veaceslai
658 2397 874 2478 suppeditabat.
898 2398 990 2475 Quae,
1014 2418 1191 2476 quamquam
1227 2406 1374 2471 ,secreta·

133 2479 252 2557 publica
282 2493 374 2553 eraut,
405 2493 508 2542 notare
538 2505 625 2544 nemo
658 2485 793 2556 audebat,
822 2505 860 2544 ne
883 2485 1010 2544 furorem
1043 2487 1120 2562 regis
1144 2485 1175 2543 in
1199 2505 1230 2542 se
1254 2505 1379 2562 suosque

129 2570 288 2627 excitaret.

241 2680 325 2758 Quae
363 2703 428 2742 cum
463 2687 506 2743 ite
540 2687 608 2753 sint,
648 2685 724 2743 nibil
766 2686 872 2743 mirum
904 2693 956 2756 est,
980 2685 1004 2742 si
1040 2685 1089 2761 pia
1119 2684 1223 2761 regina
1256 2685 1288 2742 in
1319 2685 1379 2742 suis

131 2769 358 2828 necessitatibus
381 2770 461 2849 apud
482 2773 694 2831 confessarium
728 2772 864 2830 solatium
897 2773 1044 2848 quaesivit
1067 2781 1096 2828 et
1120 2791 1141 2828 6.
1166 2771 1292 2830 loannes
1315 2773 1377 2848 regi

131 2857 307 2915 iniustitiam
338 2856 455 2916 obiecit.
489 2858 585 2916 Valde
607 2862 697 2918 etiam
720 2857 873 2937 probabile
896 2868 947 2930 est,
964 2877 1063 2935 regem
1099 2857 1152 2916 has
1179 2857 1379 2916 consessiones

128 2963 218 3020 aegre
240 2944 344 3004 tulisse
361 2954 391 3003 et
408 2944 446 3003 de
462 2947 499 3004 iis
514 2947 719 3024 interrogasse.
739 2946 814 3004 Cum
838 2953 935 3003 autem
959 2944 1035 3002 nihil
1061 2946 1123 3021 regi
1146 2942 1378 3022 responderetur,

132 3051 184 3088 rex
220 3031 316 3089 furore
338 3034 476 3092 incensus
510 3033 721 3092 confessarium
756 3031 922 3090 interficere
956 3030 1096 3102 decrevit,
1135 3033 1378 3110 occasionemque

128 3127 231 3194 aptam
265 3118 450 3196 expectabat.
484 3119 577 3195 Quae,
600 3122 657 3178 etsi
679 3139 782 3198 parurn
817 3138 920 3196 reapse
955 3139 1056 3176 verum
1091 3117 1247 3176 consilinm
1277 3126 1377 3196 tegere

131 3206 234 3280 potuit,
257 3207 323 3264 visa
345 3218 390 3264 est
411 3209 439 3264 61
462 3207 646 3266 confirmatio
669 3205 785 3264 abbatis
817 3203 1037 3264 Kladrobensis
1067 3213 1169 3262 contra
1191 3203 1374 3264 voluntatem

130 3294 217 3368 regis,
249 3295 331 3351 cuius
361 3305 462 3353 tamen
492 3293 681 3353 interdictum
704 3293 741 3352 ab
766 3295 811 3362 iis,
846 3312 969 3370 quorum
999 3293 1148 3362 intererat,
1179 3290 1378 3368 ignorabatur.

136 3376 207 3436 ldco
229 3382 348 3457 propria
370 3400 460 3438 mann
483 3381 632 3447 Sanctum,
655 3402 721 3440 cum
744 3381 929 3439 occasionem
953 3388 1056 3438 nactus
1081 3389 1133 3448 est,
1155 3377 1294 3450 vexabat,
1310 3375 1377 3435 ideo

131 3467 175 3521 ori
200 3468 263 3524 6166
282 3467 397 3543 lignum
426 3469 522 3544 ingeri
553 3471 646 3527 iussit.
675 3468 782 3526 Nuntii
812 3466 850 3525 de
881 3464 1082 3525 submersione
1105 3466 1271 3524 61666616
1301 3464 1376 3522 tales

133 3561 211 3623 sunt,
234 3560 267 3610 ut
289 3554 379 3612 eliam
402 3562 436 3611 a'c
458 3554 557 3614 fictam
581 3575 699 3614 cansam
722 3554 807 3614 nobis
837 3551 980 3614 indicent.

233 3640 345 3698 Fontes
375 3643 456 3699 enim
478 3641 529 3700 alii
552 3641 589 3700 de
605 3643 802 3713 causasilont,
826 3642 878 3699 alii
903 3639 951 3718 (cf.
976 3639 1126 3712 Heiler,
1139 3637 1247 3699 Gesch.
1266 3637 1294 3700 d.
1310 3637 1376 3696 bus.

129 3725 208 3783 Bew.
231 3726 255 3784 I.
280 3727 311 3804 5)
334 3737 457 3806 peccata
479 3730 542 3810 regi
564 3727 680 3788 obiecta
701 3728 836 3788 indicant
852 3727 900 3785 vel
921 3723 1266 3804 expressedetrectatam
1280 3724 1373 3802 sigilli

124 3813 321 3873 contessionis
343 3814 535 3875 violationem
553 3815 679 3875 afferunt
701 3813 907 3893 (libendorfer,
930 3815 1014 3872 testis
1036 3811 1095 3871 fide
1118 3811 1318 3890 dignissimus,
1342 3822 1372 3870 ct

125 3898 160 3956 P.
184 3884 287 3973 didm,
310 3904 391 3960 cuius
414 3905 617 3962 auctoritatem
642 3896 677 3966 S.
698 3903 784 3961 bouis
807 3900 971 3960 rationibus
994 3898 1149 3977 defendit).
1174 3933 1212 3942 —

231 3988 287 4046 No
296 4010 309 4046 r
318 3988 364 4046 nb
374 4010 460 4068 erge
470 4011 485 4048 r
495 3998 596 4048 tamen
607 3993 640 4048 in
654 3989 677 4050 J
678 3988 881 4049 ahresbericht
889 3987 941 4046 der
954 3987 1162 4047 Schlesiscben
1173 3984 1374 4045 Gesellsehaft

124 4073 172 4130 fltr
196 4074 435 4135 raterlttndische
458 4077 563 4135 Cultus
585 4079 635 4136 82.
659 4077 769 4154 (1904)
795 4076 829 4134 V.
845 4075 916 4134 Abt.
932 4096 959 4153 p.
977 4076 1025 4132 30.
1042 4095 1058 4132 6
1074 4074 1192 4133 silentio
1217 4071 1367 4150 Ludolphi

124 4159 243 4219 abbatis
265 4160 303 4220 de
325 4181 414 4221 causa
435 4164 527 4241 sigilli
551 4165 659 4222 conicit
682 4185 719 4221 ne
741 4164 821 4221 fama
844 4160 964 4241 quidem
984 4173 1046 4220 tnm
1060 4157 1171 4242 (1417)
1188 4181 1254 4219 eam
1272 4169 1372 4220 notam

127 4246 219 4306 161666
241 4257 271 4306 et
294 4247 412 4307 demum
434 4260 538 4328 postea
560 4271 744 4329 quacumque
768 4250 882 4310 ratione
905 4250 1003 4308 fictam
1028 4267 1100 4308 6666.

209 4330 278 4393 Ἐκ
301 4357 343 4408 66,
379 4336 458 4415 qnod
487 4337 725 4415 archiepiscopus
749 4339 780 4394 in
803 4338 989 4396 accusatione
1021 4339 1099 4412 regis
1123 4334 1160 4392 de
1183 4333 1369 4392 confessione

123 4431 210 4494 tacet,
234 4422 310 4481 nihil
333 4426 471 4502 sequitur,
494 4427 565 4504 6616
580 4424 664 4483 affert
682 4433 797 4482 tantum
809 4443 912 4482 666666
925 4422 1074 4500 publicas3
1098 4441 1194 4500 neque
1217 4420 1368 4479 silentium

125 4509 255 4585 Sophiae
289 4513 410 4588 reginae
433 4509 471 4570 de
493 4531 564 4570 vera
587 4531 676 4570 causa
697 4508 779 4570 alind
801 4510 915 4588 probat,
938 4529 1003 4568 cum
1027 4529 1114 4568 nemo
1136 4510 1180 4566 616
1203 4527 1235 4566 66
1257 4508 1369 4565 iactare

126 4595 232 4670 soleat,
254 4617 330 4674 qnae
352 4599 410 4675 ipsi
432 4597 570 4657 dedecori
592 4619 657 4658 esse
679 4599 802 4678 possint.

231 4683 318 4743 Unde
350 4685 585 4744 concludendum
608 4696 669 4745 est:
693 4686 763 4764 qnia
785 4683 868 4742 66116
891 4684 951 4742 6116
973 4681 1122 4741 sufficiens
1157 4699 1245 4740 causa
1268 4679 1371 4738 mortis
