3450 5342
655 377 696 387 -
720 348 781 402 303
806 379 847 387 —

86 533 206 610 alem)
238 532 278 590 ad
302 533 460 593 hominem.
491 535 532 592 At
556 553 616 592 non
638 537 771 614 sequitur
801 533 873 593 inde
896 537 1026 594 animam
1058 535 1233 593 rationalem
1257 537 1289 593 in
1311 555 1375 594 cor-

91 641 180 698 poro
212 619 349 678 humano
379 639 443 678 esse
472 623 591 680 unicum
621 621 671 680 vel
693 621 785 680 ullum
816 623 996 700 principium
1026 622 1211 680 formationis
1242 619 1374 701 (organi-

92 708 264 781 zntionis)
289 707 445 778 internum,
476 710 674 784 organismum
706 709 770 766 sive
793 708 955 766 humanum
985 709 1049 766 sive
1077 709 1168 766 alium
1192 718 1297 767 natura
1320 729 1374 768 sua

93 793 259 868 indigere
283 796 400 872 proprio
423 796 568 872 principio
590 793 778 857 substantiali
803 795 917 872 (forma,
941 795 1053 872 anima)
1085 804 1117 854 ut
1145 797 1247 854 vivere
1270 798 1372 873 possit.

99 881 226 958 ltaque
253 899 313 938 non
337 880 430 938 solum
457 879 683 958 vegetabilibus,
714 880 765 940 sed
794 883 884 940 etiam
907 880 1001 940 brutis
1028 891 1058 940 et
1086 881 1199 940 homini
1225 915 1263 924 —
1288 881 1372 940 salvo

96 967 243 1024 decreto
275 967 393 1025 concilii
426 1001 464 1011 -
494 967 688 1027 substantiale
718 970 898 1046 principium
926 970 1137 1050 vegetativum,
1172 968 1300 1047 simplex
1324 969 1373 1026 vel

95 1056 326 1132 compositum,
350 1056 479 1112 animam
496 1057 696 1132 vegetativam
712 1053 878 1112 abiudicari
894 1075 979 1133 posse
1000 1050 1034 1116 S.
1058 1057 1229 1117 existimat:
1253 1076 1371 1114 omnem

98 1142 357 1216 organizatiouis
379 1161 547 1219 processum
570 1144 601 1200 in
624 1141 793 1220 corporibus
816 1143 896 1200 vivis
919 1144 984 1200 sine
1010 1143 1133 1200 crimine
1157 1141 1288 1200 haeresis
1311 1143 1372 1200 alio

103 1227 204 1284 rnorlo
240 1227 385 1305 explicari
416 1248 501 1306 posse
524 1261 568 1271 -
590 1236 661 1307 puta
690 1228 805 1306 legibus
839 1227 1043 1286 communibus
1073 1230 1204 1287 omnium
1238 1231 1371 1306 organis·

103 1335 244 1372 morum.
269 1313 353 1390 Quae
378 1294 411 1376 S
434 1317 477 1373 ita
492 1336 555 1374 esse
573 1336 631 1374 non
646 1314 728 1388 dicit,
751 1335 853 1373 verum
872 1325 904 1373 ut
919 1317 962 1373 ita
977 1336 1041 1374 esse
1060 1314 1197 1373 dicantur
1221 1316 1369 1391 integrum

102 1423 177 1458 osse
205 1400 329 1460 iudicat,
364 1403 436 1460 Sine
466 1401 581 1460 haeresi
612 1404 701 1480 igitur
730 1401 790 1459 dici
822 1410 918 1480 potest
945 1404 1074 1460 animam
1103 1405 1134 1460 in
1165 1401 1285 1460 homine
1309 1423 1369 1460 nou

103 1508 179 1546 osse
206 1487 248 1550 id,
274 1487 350 1566 quod
375 1509 479 1567 corpus
496 1491 594 1560 nutrit,
618 1491 731 1568 corpori
749 1491 961 1547 incrementum
982 1488 1103 1560 confert,
1127 1486 1260 1546 membra
1284 1489 1369 1546 effor-

109 1588 190 1648 mat;
220 1574 279 1632 hoc
298 1595 316 1632 a
339 1574 453 1652 legibus
477 1575 652 1654 quibusdam
676 1578 817 1634 materiae
848 1577 1005 1651 organicae
1028 1577 1122 1653 repeti
1144 1584 1248 1654 potest.
1283 1575 1369 1632 Haec

107 1660 150 1718 <lo
177 1661 351 1738 theologica
374 1664 416 1720 rei
439 1665 562 1725 ratione.

227 1750 259 1804 ei
283 1749 471 1828 philosophia
494 1749 669 1821 consulatur,
694 1747 771 1808 idern
795 1757 926 1827 apparet.
949 1749 996 1805 Ne
1019 1747 1223 1826 philosophice
1246 1746 1365 1825 quidem

112 1833 320 1893 demonstrari
354 1843 450 1913 potest
485 1839 667 1914 organismos
699 1844 814 1914 praeter
844 1837 999 1894 materiam
1033 1837 1185 1892 continere
1218 1837 1367 1911 propriam

111 1922 253 1998 aliquam
277 1921 399 1980 formam
423 1924 579 1981 entitative
602 1925 629 1980 ei
653 1925 775 1998 unitam,
807 1922 965 2000 specialem
989 1920 1138 1999 quandam
1161 1919 1366 1988 substantiam,

114 2028 176 2085 qua
202 2011 386 2084 organizatio
409 2019 438 2067 et
461 2012 633 2088 compositio
657 2012 784 2086 corporis
807 2010 994 2068 contincatur
1016 2017 1105 2085 atque
1128 2007 1282 2066 efficiatur.
1318 2007 1364 2064 De

116 2094 340 2171 vegetabilibus
364 2098 406 2153 ita
436 2099 545 2155 sentire
573 2097 736 2174 'l'ongiorgi
770 2099 798 2154 S.
821 2096 845 2156 I.
874 2095 1007 2172 aliosque
1035 2106 1135 2152 notum
1166 2103 1219 2153 est.
1254 2093 1365 2151 Verum

115 2185 210 2238 etism
246 2184 393 2240 sententia
426 2185 568 2261 opposita,
602 2185 779 2262 principium
813 2181 1007 2240 substantiale
1041 2183 1073 2238 in
1106 2182 1282 2257 organismis
1314 2200 1365 2236 ne·

118 2269 282 2326 (essarium
305 2289 377 2337 esse,
401 2268 540 2346 gravibus
563 2271 700 2328 innititur
722 2270 911 2346 argumentis,
935 2288 1010 2346 quae
1035 2247 1068 2328 S.
1092 2265 1212 2324 indicat.

225 2354 384 2413 'l'enebunt
407 2365 485 2414 certe
513 2357 674 2433 legentium
705 2359 827 2428 animos,
861 2375 938 2433 quae
968 2363 1156 2432 exponuntur
1189 2353 1244 2426 ,de
1275 2372 1365 2410 sensu

121 2440 297 2499 brutorum.“
326 2441 443 2501 Herbas
467 2463 526 2502 non
550 2443 658 2501 habere
681 2445 795 2500 animas
824 2441 911 2500 facile
934 2452 979 2499 est
1002 2439 1180 2511 conceder03
1210 2439 1248 2498 de
1271 2439 1364 2496 brutis

122 2527 297 2604 persuadere
320 2528 407 2600 idem,
431 2529 649 2600 difficillimum,
677 2531 735 2588 nisi
757 2532 808 2600 eis,
839 2531 890 2606 qui
921 2537 1084 2586 creaturam
1108 2526 1291 2605 spiritualem
1315 2546 1365 2583 ne·

123 2623 203 2688 pant.
226 2615 312 2674 Certe
336 2619 424 2686 enirn,
448 2618 473 2674 si
497 2615 582 2678 bruta
604 2619 735 2674 sentiunt
752 2635 820 2673 vere
843 2635 879 2672 ac
895 2616 1011 2692 proprio
1033 2615 1115 2671 vocis
1142 2633 1238 2684 sensu,
1261 2633 1278 2670 e
1302 2633 1365 2670 cor·

126 2722 192 2779 pore
217 2711 245 2760 et
268 2705 368 2761 anima
391 2703 467 2780 (sive
490 2704 620 2782 simplici
635 2705 698 2760 sive
722 2701 895 2780 composita)
912 2703 1136 2759 constituuntur.
1160 2701 1201 2757 At
1223 2699 1261 2756 de
1277 2718 1366 2756 sensu

125 2791 278 2865 ‹praeritur
301 2790 355 2860 lla,
378 2810 453 2868 quae
478 2771 510 2852 S.
535 2791 625 2858 affert,
657 2790 781 2848 mirifica
813 2798 889 2846 suut.
920 2787 1027 2844 Laicos
1058 2795 1180 2844 naturae
1203 2788 1365 2862 investiga-

127 2889 200 2932 tores
222 2875 276 2934 hec
300 2879 329 2934 in
353 2898 384 2934 re
407 2878 523 2955 longius
546 2885 615 2954 puto
631 2895 834 2954 progressuros
850 2875 950 2945 inisse,
974 2875 1032 2932 nisi
1047 2872 1140 2930 brutis
1163 2892 1227 2930 cum
1245 2873 1365 2930 homine

128 2965 254 3040 aequatis
277 2966 425 3022 occaecati
448 2985 512 3022 esse
529 2966 665 3022 solerent.
688 2963 815 3040 Magnae
832 2981 904 3019 sane
920 2962 1108 3039 quaestiones
1130 2959 1179 3017 hic
1202 2972 1364 3016 occurrunt.

129 3055 257 3122 Quantae
280 3049 469 3110 difficultates
493 3053 632 3119 oriuntur,
656 3052 679 3108 si
704 3051 821 3108 animae
844 3046 938 3106 brutis
960 3047 1144 3105 tribuuntur!
1169 3046 1297 3124 Copiosa
1319 3065 1365 3102 ar-

130 3147 260 3208 gumenta
294 3136 343 3194 hic
374 3147 582 3216 proponuntur,
618 3139 674 3195 etsi
709 3156 767 3194 non
801 3137 902 3193 omnia
935 3135 1147 3192 exhauriantur
1178 3133 1365 3208 (omittuntur

129 3225 307 3299 <111aestiones
330 3222 367 3282 de
389 3224 509 3282 fallacia
532 3245 642 3294 sensus,
670 3222 706 3281 de
730 3222 908 3280 daltonismo
936 3221 1011 3297 etc).
1049 3199 1083 3281 S.
1107 3219 1184 3278 nihil
1211 3216 1363 3288 diiudicat,

130 3329 296 3388 quamquam
320 3331 386 3368 eum
409 3312 553 3369 inclinare
576 3310 613 3370 ed
638 3319 751 3388 partem
778 3329 887 3380 eorum,
918 3310 968 3387 qui
996 3307 1082 3365 bruta
1109 3307 1223 3364 animas
1254 3303 1364 3361 habere

133 3405 240 3472 nogant,
261 3396 381 3454 tenendi
415 3419 502 3456 ansas
533 3397 592 3456 det.
626 3397 675 3456 Ad
706 3399 908 3475 quaestionem
936 3396 1039 3453 fierine
1062 3395 1162 3471 possit,
1195 3400 1227 3450 ut
1249 3401 1363 3449 tantam

133 3483 267 3540 fallaciam
292 3485 322 3541 in
345 3499 450 3542 natura
473 3493 642 3554 statuamus,
666 3493 807 3562 quantam
825 3501 927 3540 sensus
949 3481 1099 3539 brutorum
1115 3488 1239 3556 negatus
1263 3497 1363 3536 secum

135 3569 190 3637 lert,
211 3591 265 3628 non
289 3571 446 3648 respondet
468 3574 524 3630 nisi
557 3571 680 3630 fortasse
703 3569 846 3628 indirecte
870 3569 1117 3626 commentatione
1140 3566 1193 3623 illa
1215 3564 1253 3622 de
1275 3565 1363 3622 simia

134 3671 159 3712 et
186 3655 305 3716 homine.
337 3659 533 3736 Praecipuum
563 3679 633 3716 sane
664 3666 845 3716 momentum
872 3665 917 3712 est
948 3657 979 3712 in
1009 3663 1182 3730 argumento
1213 3653 1362 3728 negativo,

136 3763 185 3819 quo
205 3746 305 3802 animis
329 3744 478 3804 brutorum
503 3747 533 3803 in
557 3745 641 3802 rebus
665 3745 771 3802 creatis
794 3743 876 3800 locus
899 3741 997 3799 nullus
1019 3739 1138 3797 videtur
1160 3738 1295 3816 relinqui.
1329 3738 1362 3794 Si

135 3833 204 3887 enirn
224 3831 380 3890 secundum
403 3851 482 3892 conc.
508 3833 708 3890 Lateranense
734 3830 784 3888 IV.
820 3830 902 3886 Deus
925 3827 962 3886 ab
986 3829 1072 3886 initio
1095 3825 1182 3884 simul
1206 3833 1361 3901 utramque

136 3915 250 3974 condidit
280 3928 451 3988 creaturam,
482 3919 666 3997 spiritualem
696 3928 725 3975 et
755 3915 935 3994 corporalem
964 3923 993 3972 et
1016 3911 1125 3972 deiude
1147 3912 1298 3970 bominem
1322 3929 1361 3968 ex

138 4019 242 4082 utraque
257 4009 456 4083 compositum,
480 4005 566 4064 homo
583 4005 661 4064 solus
677 4004 795 4063 videtur
817 4023 882 4061 esse
898 4022 952 4060 ens
967 4002 1160 4079 compositum
1184 4008 1214 4056 61
1229 4000 1360 4056 animam

138 4088 237 4150 habere.
269 4093 400 4150 scientia
423 4095 476 4164 sui,
499 4113 557 4170 qna
581 4093 785 4170 phaenomena
806 4090 868 4162 illa,
899 4109 975 4165 qnae
1004 4087 1041 4147 ab
1071 4089 1172 4145 anima
1201 4083 1360 4164 procedere

138 4175 261 4248 dicuntur,
291 4177 430 4237 differunt
460 4199 478 4236 o
508 4179 643 4249 motibus,
674 4180 725 4256 qui
755 4198 773 4236 a
802 4176 987 4256 physiologis
1018 4173 1121 4232 reflexi
1148 4184 1298 4242 vocantur,
1329 4173 1361 4228 in

140 4263 293 4324 indivisibili
317 4278 361 4323 est
384 4287 438 4324 nec
461 4267 557 4323 minor
579 4267 720 4324 materiae
737 4262 826 4321 tribui
849 4271 954 4340 potest,
977 4263 1071 4319 maior
1093 4260 1218 4338 spiritui,
1242 4258 1294 4316 sed
1310 4278 1362 4335 po-

140 4353 187 4408 tius
206 4350 340 4430 quidquid
359 4355 404 4411 sui
427 4355 520 4411 scium
543 4361 595 4422 est,
618 4360 754 4414 naturam
772 4351 896 4430 spiritus
920 4346 1030 4406 habere
1052 4344 1211 4404 dicendum
1234 4357 1285 4405 est.
1312 4343 1361 4400 Ad

141 4457 241 4514 magnas
270 4439 322 4496 has
353 4441 540 4518 quaestiones
562 4433 732 4496 tractandas
755 4429 789 4496 S.
812 4439 875 4492 iure
908 4436 1016 4492 invitat
1037 4434 1178 4510 legentes,
1208 4451 1274 4489 cum
1297 4430 1360 4506 plu-

143 4528 202 4582 rimu
221 4527 246 4583 in
268 4525 314 4584 his
337 4525 423 4584 rebus
446 4525 536 4583 dubia
559 4536 588 4582 et
611 4527 725 4583 incerta
743 4525 810 4594 sint,
834 4541 910 4600 quae
933 4521 1013 4579 clara
1035 4540 1099 4578 esse
1122 4521 1216 4596 primo
1239 4524 1360 4593 aspectu

145 4609 264 4674 videntur.
