3450 5342
654 366 846 422 -327-

235 548 274 604 D.
292 545 501 618 supratacto,
530 547 740 604 Olicnosti
767 562 818 603 sv.
844 545 1035 616 Apostola
1062 544 1181 600 Pavla
1211 546 1252 613 (p.
1272 546 1380 614 1-16).

237 618 398 673 Laudatur
416 616 481 673 vita
499 616 641 687 Apostoli
666 616 807 688 gentium
827 631 982 676 sermone.
1031 613 1062 670 ui
1087 613 1253 696 praecipue
1273 613 1312 668 ad
1331 625 1379 670 ae-

123 686 343 744 dificationem
364 685 521 756 dirigitur.
542 685 717 743 Conversio
737 701 799 740 non
813 690 944 740 naturae
957 684 1017 739 viri
1042 699 1080 740 us
1100 683 1308 740 adscribenda
1322 684 1378 738 sed

125 756 320 812 miraculosa
340 760 404 823 est;
424 754 562 826 gloriosa
582 754 706 811 vincula
724 755 857 825 apostoli
881 754 1084 824 praecedente
1105 768 1128 807 s.
1149 751 1380 823 Chrysostomo

122 825 334 882 extolluntur.
355 825 483 880 Praeter
501 825 578 884 alias
597 825 728 881 eximias
746 825 842 880 animi
861 825 952 879 dotes
972 822 1111 878 studium
1132 821 1270 890 unitatis,
1289 821 1375 892 pacis

122 902 225 966 atque
244 895 422 950 humanitas
441 894 647 950 celebrantur.
674 895 866 962 Proponitur
885 893 1020 964 denique
1039 897 1187 962 tanquam
1209 891 1377 962 exemplar,

124 983 195 1037 quo
213 964 477 1034 perturbationes,
503 964 584 1031 lites,
602 964 778 1019 discordiae
791 963 967 1033 similiaque
982 963 1021 1018 de
1034 977 1067 1016 re
1084 961 1207 1032 publica
1221 960 1379 1017 tollantur.

237 1033 273 1089 B.
295 1034 465 1102 Zavitaevic,
483 1032 521 1088 Iz
548 1033 711 1104 sisterny
732 1030 1298 1101 iilosoislro·bogoslovslrago
1319 1029 1379 1086 mi-

128 1102 413 1173 rovozzrenija
431 1103 464 1158 A.
485 1102 513 1157 S.
532 1103 801 1173 llomjnlrova(
826 1147 831 1158 .
852 1103 976 1168 1649).

238 1173 405 1242 ingeniose
423 1171 528 1242 agitur
547 1173 585 1228 de
603 1171 732 1228 ecclesia
750 1177 781 1228 et
799 1119 838 1228 ge
857 1172 1000 1229 libertate
1020 1169 1271 1240 investigationis
1286 1175 1379 1238 atque

128 1241 346 1313 inquisitionis
373 1257 477 1297 rerum
506 1256 667 1298 sacrarum
676 1261 683 1308 ;
713 1242 752 1296 de
777 1242 808 1297 vi
827 1258 862 1297 ac
889 1241 994 1296 valore
1020 1255 1043 1294 s.
1064 1239 1310 1308 scripturarum
1340 1239 1380 1294 de

129 1327 308 1383 progressu
333 1311 365 1366 in
391 1311 575 1366 evolvendis
595 1310 797 1376 veritatibus;
826 1313 865 1366 de
884 1309 1026 1366 doctrina
1045 1307 1190 1364 ecclesiae
1210 1313 1239 1362 et
1258 1308 1297 1364 dc
1316 1308 1381 1379 opi·

128 1381 225 1436 nione
251 1380 389 1436 fidelium
415 1379 553 1450 privata;
581 1381 620 1435 de
646 1385 803 1436 momento
831 1396 866 1436 ac
895 1380 1000 1436 valore
1028 1377 1300 1434 oecumenicorum
1332 1393 1378 1432 ca·

130 1466 262 1505 nonum.
273 1481 307 1491 -
319 1451 506 1519 Priusquam
526 1451 565 1504 de
585 1449 718 1520 singulis
739 1449 787 1506 bis
806 1449 1045 1520 quaestionibus
1059 1463 1157 1518 pauca
1171 1447 1381 1517 proferamus,

129 1519 331 1576 essentialem
350 1520 526 1591 llomjakov
554 1520 635 1574 inter
658 1536 693 1574 ac
713 1519 946 1575 Romano-cath.
971 1517 1041 1574 eccl.
1066 1517 1278 1572 differentiam
1303 1515 1381 1571 indi-

130 1604 251 1644 camus.
284 1588 436 1653 Qiiarnvis
455 1595 548 1658 caput
566 1588 712 1644 ecclesiae
731 1589 772 1644 sit
790 1589 858 1659 ipse
879 1588 1025 1645 Christus
1044 1593 1074 1642 et
1094 1585 1230 1670 Spiritus
1251 1601 1274 1642 s.
1293 1585 1325 1640 in
1345 1601 1381 1642 ea

130 1659 294 1725 inhabitet,
322 1673 383 1712 non
404 1664 507 1712 tamen
527 1658 599 1713 inde
618 1660 769 1728 sequitur,
799 1675 816 1713 a
837 1658 964 1714 Christo
982 1672 1017 1712 ac
1037 1656 1155 1782 Srfimu
1177 1655 1379 1710 semissium

132 1729 257 1782 servari
270 1728 302 1782 in
313 1727 444 1782 veritate
457 1732 607 1798 perpetua
620 1729 752 1794 influxu,
765 1729 819 1798 qui
834 1732 942 1797 tangat
956 1727 1050 1782 imme
1074 1725 1134 1782 iate
1149 1729 1248 1780 totum
1263 1741 1380 1796 corpus

132 1797 288 1852 ecclesiae.
308 1797 393 1852 Licet
410 1813 480 1852 curu
501 1803 627 1853 auctore
646 1803 728 1854 certe
746 1797 910 1866 ingenioso
925 1796 1158 1852 consentiamus
1177 1810 1263 1849 exea
1284 1801 1381 1864 parte,

133 1883 197 1936 qun
222 1867 422 1937 quaestiones
447 1881 543 1936 supra
568 1867 607 1922 de
625 1867 753 1922 ecclesia
771 1874 806 1923 ut
831 1867 976 1922 societate
1005 1863 1235 1934 supernaturali
1262 1864 1381 1933 positas

134 1935 239 2002 solvit,
268 1935 413 1991 reiciuius
438 1936 652 1992 immediatum
679 1937 765 1992 illuni
791 1937 948 1992 influxum
967 1935 999 1991 in
1019 1949 1134 2004 corpus
1154 1941 1184 1988 et
1203 1949 1282 2003 quae
1310 1933 1383 1990 inde

134 2006 350 2072 deducuntur;
371 2005 557 2073 praesertim
578 2006 609 2060 in
629 2006 812 2076 quaestione
831 2022 869 2060 ex
889 2005 990 2060 allatis
1010 2003 1126 2059 ultima.
1157 2003 1248 2067 Quod
1269 2002 1380 2072 prinoi-

136 2075 223 2144 pium
249 2074 447 2145 ljornjakovii
473 2075 504 2129 in
529 2080 663 2130 tractatu
688 2076 747 2130 hoc
765 2091 827 2130 non
854 2075 976 2145 probat,
1005 2073 1059 2129 sed
1079 2072 1184 2197 potius
1204 2078 1238 2127 ut
1258 2073 1384 2128 demon·

136 2149 271 2199 stratum
303 2143 460 2213 supponit.
481 2176 513 2182 —
533 2146 632 2209 Quam
660 2145 800 2200 coneedit
826 2144 1000 2200 libertatem
1027 2143 1154 2198 eccesia
1186 2145 1217 2196 in
1242 2141 1383 2198 veritatis

138 2214 292 2269 revelatae
312 2212 530 2284 inquisitione?
553 2214 635 2270 Bene
649 2213 860 2284 praemittitur
879 2213 918 2268 ab
937 2218 1063 2268 auctore
1083 2216 1269 2282 prospectus
1290 2212 1385 2266 histo-

137 2283 221 2337 ricus
247 2279 285 2338 de
310 2282 425 2337 misero
450 2284 577 2352 generis
603 2284 731 2339 humani
752 2288 843 2351 statu,
872 2287 1001 2352 excepto
1026 2297 1089 2337 uno
1109 2281 1225 2351 populo
1246 2280 1385 2348 Iudaico,

135 2352 163 2406 si
184 2351 331 2407 veritates
357 2351 426 2406 illas
450 2359 523 2421 trae,
548 2354 587 2406 de
607 2354 672 2408 Deo
691 2369 762 2420 uno,
786 2353 879 2422 lapsu
903 2351 1028 2422 generis
1050 2351 1185 2418 hnmani,
1211 2366 1266 2420 spe
1284 2349 1384 2406 futuri

136 2421 356 2491 redemptoris
375 2421 523 2491 primitus
549 2422 588 2476 ab
608 2422 677 2492 ipso
699 2424 761 2477 Deo
782 2422 945 2489 revelatas,
965 2427 1094 2490 spectas
1126 2420 1219 2474 Plura
1238 2421 1311 2476 inde
1330 2435 1383 2490 ap·

136 2495 256 2560 parent,
276 2490 433 2559 imprimis
448 2491 532 2559 illud,
552 2493 591 2546 ab
610 2492 738 2546 ecclesia
754 2491 881 2547 concedi
894 2491 1070 2546 libertatem
1090 2491 1122 2544 in
1136 2495 1248 2545 conatu
1268 2497 1298 2546 et
1311 2490 1385 2546 nisu

136 2576 173 2615 ac
193 2560 297 2615 studio
311 2560 501 2630 acquirendi,
521 2560 731 2630 perspiciendi
745 2562 894 2616 veritates
914 2561 952 2614 ab
973 2559 1100 2614 ecclesia
1119 2559 1227 2628 generi
1247 2560 1386 2615 humano

139 2635 289 2684 servatas.
324 2629 410 2693 Quae
429 2629 567 2698 libertas,
595 2631 654 2685 etsi
680 2629 721 2685 sit
745 2631 942 2700 aliquatenus
972 2628 1384 2699 restriotn‚l10mincdigna

138 2705 275 2768 apparet,
303 2698 377 2768 quia
404 2699 616 2768 fundamenta,
645 2701 761 2770 quibus
787 2699 939 2764 innititur,
968 2704 1042 2754 sunt
1068 2697 1184 2754 veritas
1213 2703 1384 2768 perspecta,

138 2768 298 2823 ecclesiam
323 2783 393 2823 esse
420 2767 660 2824 indefectibilem
687 2770 863 2824 columnam
893 2768 1042 2835 veritatis,
1072 2773 1102 2822 et
1126 2767 1158 2822 in
1179 2767 1242 2822 vita
1260 2767 1384 2822 interna

138 2837 241 2892 tidelis
261 2839 485 2908 cuiuscumque
496 2839 528 2893 in
540 2839 676 2908 ecclesia,
695 2854 757 2910 qua
767 2844 860 2908 aptus
872 2838 1015 2894 redditur
1024 2838 1063 2892 ad
1075 2837 1323 2906 cognoscendam
1335 2851 1384 2892 ve-

140 2906 272 2962 ritatem.
293 2907 436 2962 Libertas
455 2907 671 2964 intellectualis
690 2925 753 2964 non
768 2909 800 2963 in
813 2924 850 2963 eo
866 2912 1020 2972 versatur,
1040 2911 1074 2962 nt
1095 2921 1182 2962 mens
1203 2905 1263 2961 sibi
1282 2906 1384 2962 iacere

140 2991 196 3031 sen
216 2976 405 3032 constituere
424 2978 525 3045 possit
544 2979 582 3032 de
601 2993 685 3034 novo
712 2978 869 3044 veritates
895 2977 1001 3032 sedin
1021 2992 1066 3044 e0,
1092 2981 1126 3030 ut
1146 2975 1243 3030 libero
1263 2991 1322 3030 usu
1342 2976 1385 3031 ia·

140 3045 288 3100 cultatum
310 3061 439 3101 suarum
466 3063 519 3101 eas
543 3047 723 3117 intellegere
747 3048 856 3117 possit.
887 3046 973 3102 Finis
994 3045 1086 3101 buius
1105 3045 1245 3115 analysis
1266 3060 1320 3101 seu
1340 3045 1384 3100 in·

140 3113 318 3183 quisiiionis
337 3115 480 3170 consistit
498 3115 530 3171 in
549 3117 738 3185 acquirenda
758 3117 874 3171 maiore
894 3116 1040 3181 claritate,
1060 3131 1122 3170 non
1141 3116 1173 3169 in
1187 3115 1384 3169 inveniendis

141 3184 232 3239 novis
252 3184 446 3240 veritatibus.
477 3187 584 3240 Altera
603 3187 745 3257 quaestio
768 3186 889 3268 profert
911 3187 1064 3255 quaedam
1085 3185 1244 3253 praeclara
1263 3184 1301 3238 de
1322 3200 1383 3238 mo·

142 3253 239 3308 derna
249 3253 354 3308 critica
364 3253 477 3310 bibliae
489 3271 512 3310 s
524 3255 699 3311 Scientiiica
709 3256 814 3310 critica
825 3255 927 3308 solum
940 3253 1104 3309 relationes
1115 3253 1267 3323 quasdam
1280 3256 1384 3306 textus

143 3322 223 3376 sacri
237 3323 276 3377 ad
295 3329 393 3392 extra,
412 3330 487 3392 puta
502 3325 661 3394 temporis
681 3324 817 3380 auctoris
837 3329 901 3384 etc..
920 3339 983 3377 uon
995 3339 1070 3378 vero
1090 3338 1217 3377 sensum
1239 3322 1305 3376 sive
1326 3321 1385 3391 spi·

144 3391 236 3446 ritum
255 3392 414 3448 internum
435 3409 493 3448 suo
512 3393 572 3449 iuri
592 3410 627 3450 ac
646 3393 853 3449 iurisdictioni
870 3392 961 3462 qnasi
976 3391 1117 3446 subicere
1137 3397 1249 3460 potest;
1269 3390 1308 3445 de
1329 3391 1386 3445 lroc

144 3461 200 3515 soli
219 3461 365 3516 ecclesiae
384 3462 532 3518 iudiciuin
552 3480 621 3518 corn
646 3463 717 3530 etit;
745 3462 866 3531 etquis
887 3467 989 3531 potest
1011 3465 1117 3516 contra
1137 3475 1203 3514 eam
1224 3459 1385 3514 iudicaret

144 3531 311 3586 Testantur
320 3531 483 3586 veritatem
496 3538 600 3588 textus
611 3480 771 3588 cliaracter
780 3547 899 3599 eorum,
913 3530 966 3600 qui
981 3529 1225 3585 transmiserunt
1239 3545 1262 3583 s.
1277 3529 1385 3592 libros;

143 3600 196 3668 qui
215 3600 375 3656 character
393 3601 530 3657 ostendit
548 3618 602 3658 eos
623 3618 708 3657 mera
727 3603 937 3656 instrumenta
956 3599 1133 3655 traditionis
1153 3598 1260 3664 luisse,
1287 3613 1383 3667 porro

142 3670 309 3725 auctoritas
329 3686 353 3724 s.
371 3670 524 3726 librorum
545 3687 641 3742 penes
659 3673 769 3726 doctos
782 3670 965 3726 etindoctos
984 3669 1080 3724 totius
1099 3667 1301 3738 antiquitatis.
1323 3667 1386 3723 Cri-

145 3739 201 3792 tica
219 3739 346 3808 quidem
359 3739 520 3795 veritatem
541 3746 636 3821 prout
654 3742 685 3796 in
705 3746 793 3797 textu
805 3740 910 3809 aliquo
923 3739 1107 3800 continetur.
1128 3737 1258 3818 perdere
1273 3741 1385 3807 potest;

145 3824 205 3862 non
231 3824 306 3863 vero
327 3815 421 3878 prout
446 3809 524 3864 vivit
543 3827 575 3865 m
594 3811 723 3866 ecclesia
749 3814 791 3873 tet
810 3816 904 3879 prout
930 3809 1039 3863 subest
1059 3805 1240 3876 magisterio
1260 3807 1387 3862 authen-

145 3877 203 3931 tico
227 3877 310 3946 apud
337 3882 417 3947 nos).
457 3879 523 3934 Etsi
547 3881 652 3935 critica
677 3880 840 3950 epistolam
870 3878 1004 3948 aliquam
1031 3893 1094 3933 non
1115 3875 1201 3934 Pauli
1225 3891 1295 3932 esse
1320 3877 1387 3932 sive

147 3946 348 4017 Evangelium
379 3963 441 4002 non
466 3949 561 4004 Marci
589 3965 659 4004 esse
686 3950 874 4016 ostenderet,
902 3948 978 4017 quid
1004 3947 1098 4002 inde?
1133 3945 1269 4002 Ecclesia
1296 3946 1385 4002 dicit:

147 4015 262 4071 »Meum
282 4022 356 4080 est«,
375 4025 405 4072 et
424 4018 484 4073 iam
504 4034 574 4073 cras
593 4019 632 4074 ab
652 4020 800 4075 universa
819 4017 947 4073 ecclesia
966 4025 1000 4072 ut
1018 4017 1151 4073 verbum
1170 4016 1225 4071 Dei
1244 4017 1386 4074 habetur.

145 4086 220 4141 Nam
241 4086 373 4155 epistola
392 4103 415 4141 s.
431 4087 519 4143 Pauli
539 4104 601 4143 non
620 4089 755 4154 aPaulo,
775 4089 830 4143 sed
850 4103 867 4142 a
887 4086 1006 4157 Spiritu
1026 4103 1049 4141 s.
1069 4091 1117 4141 est
1136 4087 1318 4142 auctoritate
1336 4087 1389 4143 do·

145 4161 222 4211 nata.
254 4156 360 4211 Solum
387 4171 485 4211 canon
512 4157 639 4212 bibliam
670 4173 789 4214 sacram
816 4157 898 4223 iacit,
927 4173 989 4212 non
1015 4155 1129 4223 critica,
1157 4171 1258 4225 neque
1283 4161 1388 4225 potest

145 4225 246 4280 critica
265 4241 416 4280 canonem
437 4227 476 4281 ab
496 4227 623 4282 ecclesia
644 4243 676 4282 sc
700 4242 800 4282 arare.
827 4225 1008 4281 Intellectus
1027 4226 1172 4280 ecclesiae
1193 4227 1351 4294 praevalet
1365 4243 1400 4298 s..

146 4294 317 4364 scripturae
343 4296 423 4350 sicut
446 4297 527 4350 liber
552 4296 582 4350 in
608 4244 764 4352 intellectu
792 4296 951 4366 praevalet
975 4296 1055 4350 libro
1085 4294 1244 4349 materiali.
1281 4294 1389 4364 Neque

145 4363 244 4418 ‹imnis
269 4365 387 4420 veritas
411 4365 549 4421 revelata
574 4370 622 4422 est
646 4366 679 4420 in
706 4366 862 4435 scriptura
888 4369 1033 4419 contenta
1059 4379 1160 4433 neque
1187 4379 1299 4418 sensus
1320 4367 1387 4419 eius

146 4438 190 4488 est
209 4434 323 4500 facilis3
353 4439 487 4489 testatur
506 4436 564 4489 hoo
590 4435 687 4490 moles
707 4434 957 4504 explicationum.
991 4433 1082 4488 Morti
1104 4432 1231 4488 tradidit
1251 4447 1274 4486 s.
1295 4433 1389 4513 scrip-

147 4509 255 4570 turam,
284 4504 338 4573 qui
363 4509 457 4573 negat
482 4505 651 4560 ecclesium.
670 4535 704 4545 -
724 4505 814 4569 Quod
840 4503 879 4558 ad
906 4518 1112 4573 progressum
1139 4501 1170 4556 in
1197 4502 1389 4572 explicandis

147 4572 329 4628 veritatibus
361 4573 435 4628 iidei
466 4579 496 4630 et
521 4589 644 4629 rnorum
668 4574 786 4641 attinet,
814 4589 830 4628 a
856 4573 962 4628 limine
990 4571 1093 4626 omnis
1122 4571 1389 4626 disconvenientia

145 4642 251 4697 aetatis
271 4644 495 4713 subsequentis
514 4660 583 4699 curn
604 4643 764 4713 prioribus
784 4641 906 4698 excludi
927 4641 1026 4696 debet.
1065 4641 1142 4695 Nam
1164 4655 1277 4696 sensus
1297 4641 1388 4696 eccle-
