3450 5342
869 395 1040 450 ...34-

328 584 374 640 nis
396 580 450 639 sub
473 582 537 639 viro
562 581 732 640 mulieribus
756 602 774 640 a
796 582 957 642 Conditore
981 585 1132 660 imperata
1157 581 1299 639 Velamen
1323 589 1367 638 est
1390 579 1463 637 facti
1491 579 1563 635 illius

327 667 367 726 ad
391 678 475 726 extra
498 671 649 746 expressio
672 680 700 727 et
724 673 808 748 quasi
831 668 1043 728 adminiculum
1068 668 1146 726 illius
1170 667 1369 736 subiectionis,
1401 686 1478 745 quae
1508 685 1567 743 pre-

329 757 403 814 tium
426 753 517 812 habet
547 755 686 824 ethicum,
708 758 734 814 si
757 754 795 814 ad
824 754 943 814 modum
968 755 1148 833 Angelorum
1179 755 1303 814 sollicite
1333 765 1363 810 et
1396 756 1445 831 pie
1476 750 1568 810 obscr-

330 853 423 901 ratur.
455 834 596 918 quisunt
619 845 738 920 spiritns
762 842 894 901 Creatori
926 863 1041 921 semper
1070 840 1180 900 fideles.
1204 875 1246 884 —-
1269 839 1482 898 Celebritatem
1513 858 1570 896 ma·

329 930 442 986 rimam
472 937 576 986 nactus
598 949 663 986 esse
693 927 810 988 videtur
843 929 924 988 locus
948 929 998 986 ille
1024 934 1038 986 1
1065 929 1131 988 Cor.
1156 931 1183 998 5,
1207 932 1234 987 5.
1259 926 1307 986 Ad
1331 946 1417 1006 quem
1441 927 1506 1004 pari
1528 945 1570 982 ra·

330 1017 411 1074 tione
433 1013 571 1082 ostendit.
605 1015 683 1094 quod
717 1016 885 1074 nullatenus
922 1016 1163 1074 materialismum
1199 1015 1417 1094 pneumaticum
1454 1011 1571 1070 redolet.

335 1100 489 1174 „Traditio
523 1103 668 1160 mranaet
704 1123 763 1160 non
792 1113 856 1160 erat
886 1104 942 1161 nisi
971 1101 1036 1160 dira
1066 1101 1204 1160 facinoris
1235 1102 1385 1160 attestatio
1416 1101 1571 1158 coniuncta

331 1208 396 1246 cnm
431 1187 580 1247 ablatione
617 1188 766 1247 obvolucri
797 1191 1034 1250 inconvenientis
1065 1210 1116 1267 per
1149 1189 1312 1266 epitimium
1342 1187 1571 1246 ecelesiasticam

331 1275 370 1353 (p.
395 1275 478 1350 756).
501 1275 664 1334 Censorem
687 1275 724 1333 ab
748 1276 891 1353 Apostolo
922 1276 1013 1336 latam
1037 1273 1253 1350 (llubokovslrij
1286 1274 1411 1332 collocat
1433 1276 1465 1331 in
1489 1291 1572 1349 sepa·

331 1364 445 1421 ratione
467 1361 586 1439 poenali
609 1383 627 1420 a
649 1372 733 1421 coetu
755 1361 896 1434 fidelium,
919 1366 1050 1442 quicum
1074 1361 1193 1420 Christo
1216 1362 1451 1420 communionem
1477 1358 1572 1416 habet.

330 1447 472 1506 Peccator
494 1467 512 1504 a
534 1447 615 1506 fonte
637 1451 751 1526 gratiae
773 1447 929 1522 abaciacus,
966 1471 1019 1529 per
1042 1451 1159 1528 propria
1180 1468 1269 1527 opera
1291 1447 1425 1507 subditur
1448 1444 1573 1504 caradi-

329 1536 383 1593 rati
406 1545 436 1592 et
457 1536 550 1592 servit
569 1537 596 1592 ei
620 1538 748 1613 peccatis
771 1539 840 1602 suis,
863 1539 905 1595 ita
927 1547 1035 1607 tamen,
1058 1545 1089 1594 ut
1112 1555 1222 1594 nausea
1244 1535 1364 1593 affectus
1387 1533 1489 1592 odium
1513 1533 1573 1590 eius

329 1623 368 1678 sit
390 1621 455 1678 Deo
485 1619 646 1680 &iuvante
676 1631 876 1700 concepturae
910 1622 978 1700 Qua
1007 1625 1120 1681 ratione
1151 1643 1248 1680 rursus
1272 1621 1310 1680 ad
1333 1620 1486 1688 ecclesiae.
1523 1615 1574 1676 sub

330 1710 411 1766 cuius
439 1707 531 1765 oculis
557 1720 586 1766 et
608 1729 678 1767 cura
707 1711 882 1768 constitutus
912 1712 1029 1782 mansit,
1062 1711 1298 1768 communionem
1332 1707 1449 1766 admitti
1482 1707 1575 1784 potuit

328 1794 362 1873 (2
387 1791 474 1870 Cot),
509 1814 565 1872 quo
599 1795 644 1853 illi
682 1794 763 1868 „dies
799 1796 938 1856 Domini“
979 1816 1083 1855 revera
1112 1795 1220 1854 illuxit.
1246 1829 1284 1838 -
1310 1796 1384 1852 ltem
1423 1791 1575 1868 „stimulus

330 1883 428 1940 carnis
450 1881 482 1960 (2
507 1881 573 1940 Cor.
599 1885 647 1954 12,
672 1883 704 1961 7)
726 1883 849 1960 angelos
873 1887 1011 1942 satauae²
1040 1902 1134 1961 neque
1166 1885 1280 1960 origine
1303 1891 1389 1940 tenus
1413 1899 1511 1959 neque
1533 1895 1575 1936 se·

331 1966 459 2026 cundum
483 1970 626 2026 rationem
649 1971 707 2046 ipsi
728 1971 877 2048 propriam
900 1969 963 2046 (seu
986 1969 1198 2048 characterem)
1221 1968 1337 2036 dicitnr,
1361 1967 1413 2026 sed
1437 1969 1510 2046 quia
1525 1985 1575 2023 an-

332 2073 395 2112 sam
417 2053 488 2111 dare
509 2057 613 2132 potuit,
643 2067 674 2114 ut
697 2055 910 2116 revelationum
933 2059 1028 2134 gratia
1059 2066 1208 2134 tamquam
1233 2065 1354 2114 satanae
1378 2055 1457 2113 frans
1481 2051 1574 2131 expli-

332 2151 455 2198 caretur.
487 2141 649 2201 Infirmitas
678 2141 731 2200 illa
761 2163 917 2202 nervorum
947 2143 1098 2220 ingenitae
1132 2142 1318 2222 dispositioni
1352 2140 1517 2200 debebatur
1550 2149 1577 2195 et

334 2246 552 2304 nonnumquam
575 2231 738 2287 satanicam
761 2231 792 2288 in
815 2250 846 2288 se
869 2229 1048 2308 suscipiebat
1070 2229 1228 2300 fallaciam,
1259 2249 1318 2306 qua
1339 2237 1419 2287 recta
1441 2230 1488 2286 sui
1512 2245 1577 2284 con·

333 2314 458 2371 scientia
478 2315 511 2372 iu
534 2315 677 2392 Apostolo
699 2314 872 2374 turbaretur.
907 2316 1034 2395 Aequali
1066 2315 1152 2376 modo
1175 2316 1254 2374 mala
1276 2315 1414 2394 Apostoli
1436 2315 1575 2372 virtutem

332 2400 482 2476 evangelii
504 2398 621 2458 Galatis
644 2404 848 2461 annuntiantis
863 2402 1003 2462 valetudo
1026 2402 1129 2480 (febris
1140 2401 1292 2480 malarica)
1316 2411 1385 2479 apta
1407 2411 1479 2465 erat
1503 2417 1576 2478 quae

331 2486 472 2544 virtutem
494 2486 575 2544 illam
598 2489 770 2546 ininfirmo
793 2509 937 2567 praecone
959 2501 1124 2568 suspectam
1149 2487 1294 2548 redderet.

375 2614 378 2623 .
435 2573 462 2630 E
486 2575 572 2631 tertio
594 2574 681 2634 huius
703 2576 809 2652 capitis
824 2577 926 2648 inciso,
949 2578 980 2634 in
1001 2595 1058 2656 quo
1074 2584 1176 2634 contra
1191 2575 1407 2634 indifferentiae
1423 2575 1575 2652 spirituum

333 2659 452 2716 moralis
474 2674 613 2737 patronos
636 2663 774 2739 antiquos
795 2673 825 2721 et
848 2671 980 2722 recentes
1014 2683 1118 2722 sanum
1149 2661 1327 2722 dualismum
1350 2661 1482 2719 ethicum
1505 2667 1576 2718 tam-

333 2763 421 2821 quam
443 2747 603 2822 genuinam
625 2749 712 2806 Pauli
735 2747 899 2808 doctrinam
930 2751 1049 2820 evincit,
1081 2758 1242 2808 memoratu
1276 2747 1368 2826 digna
1398 2757 1467 2806 sunt
1497 2765 1578 2825 prae

334 2831 418 2907 cipue
441 2831 501 2902 illa,
533 2833 693 2910 inquibus
716 2838 897 2913 quaestionis
921 2857 1029 2895 nervus
1052 2839 1136 2914 quasi
1159 2834 1332 2894 ostenditur.
1362 2833 1460 2911 Quem
1484 2828 1577 2912 quoad

336 2915 456 2992 angelos
478 2916 570 2976 bonos
593 2921 624 2977 in
647 2920 751 2979 Coloss
775 2923 802 2991 2,
827 2925 875 2983 15.
902 2925 939 2982 18
963 2922 1163 3000 quaerendum
1186 2941 1252 2981 esse
1275 2930 1366 3000 putat.
1411 2921 1447 2979 In
1471 2921 1577 2998 princi-

335 3002 452 3079 patibus
474 3014 502 3061 et
525 3005 719 3082 potestatibus
748 3007 831 3067 videt
858 3007 1075 3085 Glubokovskij
1118 3009 1268 3082 „subditos
1300 3007 1418 3066 ordines
1448 3007 1576 3065 melioris

334 3087 424 3145 studii
447 3091 624 3166 spiritualis“
652 3093 690 3172 (p.
715 3095 798 3170 778).
844 3095 1097 3154 Consentiendum
1126 3117 1191 3154 esse
1222 3115 1286 3154 cum
1324 3093 1500 3160 auctoribus.
1531 3093 1576 3171 qui

337 3173 460 3232 credunt
482 3178 657 3254 Apostolum
679 3180 894 3258 reprehendere
918 3181 1108 3241 Colossenses
1131 3191 1249 3260 propter
1283 3179 1502 3260 imprudentem
1527 3181 1577 3237 rni-

314 3261 448 3318 nisterii
472 3283 523 3320 seu
545 3265 639 3322 cultus
663 3267 792 3343 angelici
807 3268 930 3326 incultu
952 3267 1114 3327 christiano
1130 3271 1335 3340 imitationem,
1359 3288 1434 3347 quae
1455 3277 1574 3326 naturae

333 3345 480 3406 humanae
504 3369 563 3407 non
585 3354 750 3410 conveniat.
795 3355 835 3414 Et
857 3353 928 3412 dnm
950 3353 988 3412 ad
1012 3355 1164 3414 Christum
1194 3365 1283 3433 caput
1319 3353 1420 3413 fideles
1444 3355 1575 3412 remittit.

334 3433 419 3490 simul
443 3435 613 3512 angelorum
636 3437 674 3495 ad
696 3439 774 3498 Eum
796 3449 826 3498 et
848 3440 983 3498 homines
1005 3441 1212 3500 habitudinem
1236 3441 1399 3510 adumbrat,
1423 3461 1501 3518 quae
1525 3440 1575 3497 hoc

333 3517 395 3575 fere
419 3520 550 3580 idearum
574 3544 652 3581 nexu
674 3524 849 3584 exhibetur:
882 3527 990 3604 Angeli
1021 3549 1114 3606 usqne
1137 3529 1175 3588 ad
1200 3529 1312 3587 Christi
1336 3527 1499 3614 adventum
1522 3526 1575 3605 ipsi

333 3623 447 3680 quoque
471 3628 530 3666 non
552 3631 590 3665 ex
613 3609 785 3688 adaequatis
809 3624 931 3672 naturae
954 3635 1023 3672 suae
1046 3614 1159 3673 viribus
1175 3615 1379 3693 operabantur.
1405 3617 1453 3673 Sic
1473 3613 1512 3672 ab
1529 3614 1575 3670 ho-

335 3691 462 3748 minibus
485 3698 568 3770 qnasi
592 3695 768 3773 pendebant.
814 3698 977 3777 Stupebant
1008 3721 1094 3784 porro
1124 3705 1155 3760 iu
1179 3700 1385 3780 Redemptoris
1416 3721 1505 3779 opere
1537 3702 1575 3756 in-

336 3777 607 3851 comprehensibilis
630 3782 805 3851 dilectionis,
843 3806 959 3865 semper
980 3799 1081 3846 tamen,
1104 3788 1217 3846 Deitati
1242 3787 1375 3857 addicti;
1409 3786 1531 3846 tandem
1546 3787 1573 3843 in

336 3859 533 3920 abscondentis
555 3867 587 3923 in
609 3870 721 3928 coelum
755 3872 903 3949 triumpho
937 3873 1075 3950 gaudent,
1107 3895 1141 3933 ac
1164 3878 1232 3952 iugo
1256 3875 1347 3952 Legis
1381 3875 1439 3952 ipsi
1462 3891 1574 3952 quoque

337 3943 488 4004 solvuntur
510 3950 558 4025 qus.
582 3973 608 4028 p.
633 3953 716 4032 188).
739 3957 834 4016 Simul
859 3979 927 4016 vero
950 3966 979 4016 et
1007 3961 1152 4033 „Satanae
1176 3961 1365 4040 catastropha
1388 3982 1440 4040 per
1462 3979 1572 4020 crucem

338 4047 537 4126 consummata
559 4047 603 4094 est
625 4041 656 4096 in
678 4043 795 4102 funesta
828 4045 959 4103 eiusdem
983 4047 1181 4106 obstinatione
1206 4048 1309 4106 morali
1334 4057 1363 4108 et
1388 4047 1472 4106 foede
1494 4050 1574 4124 inge·

338 4123 449 4172 minata
477 4121 594 4194 spiritus
624 4128 686 4183 eius
717 4129 834 4188 fallacia
868 4138 1039 4192 coronatur“
1075 4157 1101 4213 p.
1133 4137 1204 4194 808.
1250 4134 1426 4194 Absolvitur
1457 4133 1574 4193 tandem

338 4209 424 4274 caput
457 4202 511 4261 hoc
529 4207 729 4302 'rabbinorum
764 4226 794 4274 et
820 4218 906 4275 Pauli
940 4217 1081 4280 doctrinis
1117 4222 1382 4300 pneumatologieis
1417 4221 1572 4280 secundum

337 4301 449 4342 summa
471 4303 568 4366 capita
590 4296 703 4358 collatis
727 4323 754 4378 p.
778 4305 963 4379 sos-815)

442 4373 683 4452 lnquisitionibus
706 4386 742 4444 de
766 4388 940 4450 habitudine
963 4393 1089 4452 Paulum
1112 4397 1189 4452 inter
1212 4409 1241 4452 et
1265 4395 1382 4454 scholas
1413 4393 1575 4452 rabbinicas

339 4451 452 4515 eddidit
483 4476 581 4521 auctor
603 4474 817 4548 expositionem
847 4477 1012 4538 breviorem
1044 4482 1251 4558 (815-888),
1283 4501 1342 4559 qua
1373 4481 1476 4538 relatio
1502 4483 1576 4558 Apo·

340 4537 407 4596 stou
430 4545 475 4640 ⁸ad
505 4553 613 4647 scripta
641 4560 833 4635 populariae
861 4567 972 4623 criticis
1004 4587 1224 4646 nonnumquam
1256 4577 1370 4627 asserta
1403 4567 1575 4626 eliminatur·

341 4619 406 4694 Qua
429 4649 458 4688 rn
489 4633 692 4702 dissertatione
726 4667 868 4707 canonem
903 4653 1045 4711 ecclesiae
1079 4655 1240 4713 llussiaeae
1274 4658 1413 4732 sequitur.
1449 4653 1575 4732 Respicit
