3450 5342
898 367 1071 425 ..(14.-

332 553 404 619 .de
433 555 632 620 salutaribus
665 555 818 620 remediis
850 555 1009 620 adversus
1043 557 1155 618 omnia
1185 556 1334 619 omnium
1367 555 1507 618 bostium
1531 555 1589 618 tela

363 657 435 706 esse
459 652 678 722 prospectum,
707 641 986 722 quemadmodum
1017 643 1141 706 auxilia
1163 643 1311 706 maxima
1333 644 1365 704 in
1389 644 1587 705 sacramentis

363 729 436 792 aliis
468 731 684 810 praeparavit,
713 729 832 809 quibus
860 730 1028 793 christiani
1060 747 1256 794 conservare
1285 747 1320 792 se
1342 730 1495 808 integros,
1520 727 1587 791 dum

362 817 517 892 viverent,
548 815 591 879 ab
621 818 711 879 omni
741 819 888 895 graviore
919 817 1052 894 spiritus
1073 815 1283 880 incommodo
1307 818 1446 896 possint:
1480 815 1522 877 ita
1539 832 1588 877 ex-

361 909 488 967 tremae
522 904 685 966 unctionis
717 911 926 967 sacramento
961 901 1059 966 linem
1094 903 1179 966 vitae
1210 911 1381 982 tamquam
1413 900 1589 968 firmissimo

364 989 526 1070 praesidio
553 991 718 1052 munivit«
751 985 849 1054 Unde
872 990 1046 1069 quaeritur,
1071 1007 1150 1052 num
1173 987 1354 1052 Orientales
1377 989 1519 1052 habeant
1538 989 1590 1050 boc

363 1074 591 1140 firmissimum
610 1073 809 1157 praesidium
824 1084 993 1140 extremae
1010 1077 1172 1140 unctionis
1188 1077 1265 1153 sive,
1287 1085 1324 1139 ut
1339 1077 1399 1155 ipsi
1414 1075 1590 1155 loquuntur,

364 1162 532 1228 eucbelaei
568 1163 646 1246 (olei
684 1163 838 1242 precum),
877 1181 942 1242 quc
980 1163 1096 1226 muniti
1134 1169 1343 1244 prosternant
1379 1160 1592 1226 adversarium

365 1257 523 1326 nostrum,
545 1253 599 1329 qui
617 1250 761 1312 maxime
775 1250 920 1312 instante
937 1257 1041 1313 morte
1061 1267 1195 1314 »omnes
1211 1266 1289 1312 suae
1307 1250 1470 1312 versutiae
1490 1266 1593 1312 nervos

363 1335 502 1400 intendit
533 1337 575 1400 ad
605 1335 787 1417 perdendus
818 1355 878 1400 nos
906 1337 1035 1416 penitus
1058 1347 1091 1399 et
1113 1355 1133 1398 a
1155 1335 1275 1400 fiducia
1304 1337 1412 1414 etiam,
1442 1338 1471 1398 si
1495 1338 1593 1416 possit,

365 1423 495 1486 divinae
519 1422 763 1488 misericordiae
786 1421 1034 1488 deturbandos.«

468 1509 563 1574 Forte
593 1510 706 1573 lectori
729 1511 801 1590 ipsa
823 1509 973 1590 quaestio
996 1509 1218 1573 videturesse
1241 1511 1356 1586 otiosa,
1379 1527 1455 1571 cum
1479 1509 1593 1571 clarum

364 1598 415 1674 sit,
438 1595 827 1660 omuesOrientalestam
844 1598 952 1660 unitos
975 1615 1075 1677 qnam
1088 1595 1282 1660 dissidentes
1294 1595 1460 1676 possidere
1485 1603 1595 1674 myste-

363 1684 449 1746 rium
469 1684 633 1747 unctionis
654 1682 868 1746 infirmorum.
896 1683 980 1746 Nam
1002 1701 1118 1748 eorum
1141 1683 1329 1748 sacerdotes
1352 1683 1381 1743 vi
1404 1682 1596 1747 characteris

364 1768 596 1850 presbyteralis
626 1770 748 1832 habent
784 1778 983 1849 potestatem
1017 1768 1203 1851 perficiendi
1242 1777 1501 1841 sacramentum
1538 1785 1596 1847 qua

363 1864 526 1938 potestate
551 1875 606 1935 per
630 1856 755 1919 nullam
771 1858 1001 1920 auctoritatem
1022 1857 1289 1934 ecclesiasticam,
1309 1875 1348 1920 ue
1364 1875 1421 1936 per
1435 1872 1597 1919 summum

365 1942 497 2023 quidem
520 1942 718 2024 pontificem,
740 1944 861 2024 privari
883 1950 1028 2023 possunt.
1051 1941 1246 2007 Sacerdotes
1275 1943 1489 2006 ecclesiarum
1512 1941 1599 2006 dissi-

365 2029 513 2093 dentium
537 2029 694 2094 adhibent
716 2029 855 2094 eandem
880 2031 1052 2093 materiam
1076 2039 1110 2094 et
1132 2029 1273 2093 lormam
1295 2047 1395 2108 quam
1419 2027 1598 2092 sacerdotes

365 2117 579 2182 ecclesiarum
603 2118 778 2192 unitarum,
810 2118 841 2178 in
875 2117 994 2196 quibus
1019 2134 1092 2180 vere
1124 2116 1343 2180 administrari
1369 2135 1392 2178 s
1415 2117 1598 2179 unctionem

366 2220 431 2266 non
463 2210 570 2283 potest
600 2205 710 2281 negari
742 2204 804 2266 nisi
826 2204 935 2280 inepte
965 2211 997 2266 et
1027 2221 1103 2266 cum
1134 2212 1324 2284 contemptu
1348 2203 1599 2266 clarissimarum

365 2289 569 2354 decisionum
592 2307 617 2352 s
641 2288 742 2354 Sedis.
765 2289 935 2370 Requisita
962 2291 993 2352 in
1017 2291 1175 2353 ministris
1198 2291 1334 2354 intentio
1360 2292 1483 2353 neutris
1508 2288 1599 2352 deest

467 2378 511 2439 At
532 2379 560 2440 si
582 2395 653 2441 rem
664 2379 849 2439 accuratius
867 2377 1087 2456 inspiciamus,
1111 2379 1261 2458 quaestio
1285 2375 1366 2440 forte
1383 2376 1546 2440 videbitur
1565 2392 1601 2436 ex

364 2464 529 2528 contrario
553 2463 624 2527 ideo
648 2482 721 2527 esse
742 2465 857 2541 otiosa,
881 2462 969 2544 quod
991 2472 1150 2543 appareat
1172 2463 1299 2527 clarum
1322 2481 1402 2542 esse,
1426 2460 1601 2528 Orientales

364 2550 560 2614 dissidentes
578 2568 642 2613 non
655 2549 775 2614 habere
787 2550 1064 2614 sacramentalem
1077 2551 1266 2615 unctionem
1278 2549 1493 2613 infirmorum.
1513 2547 1601 2612 Nulla

365 2637 497 2716 quidem
513 2645 563 2700 est
578 2637 739 2700 dubitatio
754 2637 794 2700 de
807 2641 969 2718 potestate
981 2637 1198 2716 sacerdotum,
1220 2636 1310 2699 nulla
1322 2637 1361 2700 de
1373 2655 1490 2700 eorum
1503 2637 1603 2699 inten-

365 2725 470 2801 tionc;
493 2733 581 2788 certe
597 2729 688 2788 recta
710 2730 848 2787 utuntur
862 2721 977 2787 forma.
1004 2721 1125 2788 Verum
1141 2724 1269 2787 videtur
1291 2741 1362 2788 esse
1386 2721 1602 2798 manifestum

364 2828 422 2877 eos
439 2828 506 2872 non
521 2809 677 2875 adhibere
692 2810 837 2874 validam
851 2811 1042 2888 materiam
1067 2811 1122 2874 ubi
1145 2819 1257 2876 autem
1273 2809 1382 2874 deficit
1405 2809 1515 2874 valida
1537 2826 1602 2872 mn·

364 2899 455 2974 teria,
468 2896 596 2960 nullum
608 2895 645 2959 fit
657 2905 912 2962 sacramentum.
933 2897 1069 2962 Materia
1081 2906 1248 2962 extremae
1261 2897 1425 2961 unctionis
1435 2909 1488 2960 est
1498 2897 1601 2961 oleum

363 2983 594 3057 benedictione
614 2984 791 3064 episcopali
814 2989 1052 3049 consecratum.
1078 2985 1176 3048 Docet
1191 3001 1253 3047 nos
1275 2984 1450 3048 concilium
1473 2983 1601 3047 Triden-

364 3071 486 3134 tinum:
504 3067 685 3134 ›Intellexit
695 3071 841 3149 ecclesia,
853 3073 1028 3134 materiam
1037 3067 1215 3156 [extremae
1223 3065 1399 3155 unctionis]
1411 3087 1484 3134 esse
1495 3069 1601 3134 oleum

364 3156 407 3220 ab
430 3158 584 3238 episcopo
599 3156 835 3220 benedictum«
856 3157 948 3222 Unde
964 3157 1086 3220 Paulus
1102 3156 1136 3220 V.
1165 3157 1216 3221 die
1242 3157 1289 3222 13.
1302 3155 1443 3221 Ianuarii
1467 3175 1496 3220 a.
1526 3156 1598 3219 1611

363 3244 543 3308 declaravit
569 3244 809 3307 »Temerarianr
823 3253 855 3307 et
872 3247 972 3308 errori
990 3245 1192 3324 proximam«
1212 3245 1477 3324 propositionem,
1499 3239 1600 3324 »quod

364 3349 482 3410 nempe
512 3337 758 3395 sacramentum
786 3337 954 3394 extremae
988 3333 1152 3394 unctionis
1185 3331 1258 3394 oleo
1292 3329 1469 3410 episcopali
1502 3329 1597 3394 bene-

362 3417 504 3482 dictione
528 3434 593 3481 1100
626 3424 818 3481 consecrato
848 3419 1025 3480 ministrari
1059 3417 1199 3482 valide
1232 3418 1359 3497 possit«
1397 3417 1428 3481 S.
1451 3413 1597 3481 Officium

363 3505 415 3567 die
441 3507 488 3567 tt.
506 3503 637 3582 Septa.
655 3505 737 3568 1842
761 3505 963 3584 approbante
986 3504 1140 3584 Gregorio
1163 3504 1242 3568 XVI.
1265 3505 1413 3584 negando
1436 3502 1598 3583 respondit

363 3591 405 3655 ad
429 3592 575 3655 dubium.
601 3609 661 3654 »an
686 3593 719 3653 in
742 3608 820 3654 casu
834 3592 1040 3655 necessitatis
1063 3592 1226 3671 parochus
1253 3591 1303 3656 ad
1326 3589 1598 3655 validitatem

363 3679 562 3741 sacramenti
592 3684 759 3740 extremae
789 3679 953 3741 unctionis
983 3679 1030 3740 uti
1062 3679 1164 3759 possit
1194 3679 1266 3742 oleo
1298 3697 1318 3740 a
1345 3697 1380 3741 se
1403 3675 1595 3740 benedicte«

361 3765 432 3828 lam
455 3783 532 3827 vero
555 3773 752 3843 potestatem
775 3765 995 3844 episcopalem
1018 3765 1231 3828 consecrandi
1255 3765 1366 3828 oleum
1399 3761 1599 3827 infirmorum

363 3851 486 3914 habent
515 3853 657 3932 episcopi
688 3854 719 3913 ri
742 3850 871 3915 Ordinis
902 3852 960 3914 sui.
994 3851 1178 3932 Presbyteri
1210 3852 1297 3932 iique
1328 3851 1388 3914 soli
1419 3869 1476 3932 per
1505 3865 1598 3913 suum

362 3936 517 4001 Ordinem
541 3938 663 4002 habent
683 3939 908 4017 capacitatem
937 3939 1055 4018 quibus
1077 3937 1165 4002 dicta
1188 3945 1333 4017 potestas
1356 3957 1412 4019 per
1435 3951 1597 4000 summum

363 4023 550 4104 pontificem
574 4026 623 4086 vel
649 4044 706 4105 per
726 4028 917 4104 episcopum
939 4043 1015 4087 cum
1038 4043 1200 4088 consensu
1219 4026 1338 4088 saltem
1353 4027 1453 4088 tacito
1468 4043 1492 4087 s.
1509 4021 1596 4098 Sedis

363 4110 537 4189 delegetur.
571 4111 663 4174 llanc
691 4129 768 4176 vero
792 4111 1032 4189 delegationem
1062 4111 1243 4176 secundum
1275 4113 1438 4190 vigentem
1460 4107 1596 4190 discipli·
1640 4147 1644 4152 -

363 4215 441 4261 nam
454 4195 595 4260 Romani
619 4195 786 4277 pontifices
801 4200 863 4278 ipsi
879 4198 1076 4278 presbyteris
1091 4198 1202 4262 latinis
1219 4217 1389 4279 nunquam
1410 4196 1596 4270 concedunt,

362 4285 467 4369 multo
490 4285 600 4347 miuus
623 4287 784 4364 episcopis
807 4286 917 4348 latinis
940 4287 992 4349 ius
1014 4283 1137 4349 iaciunt
1169 4285 1276 4349 valide
1307 4284 1485 4364 delegandi.
1520 4283 1597 4348 Cum

361 4389 388 4433 e.
404 4390 432 4449 g.
447 4371 532 4434 inter
549 4372 661 4434 turbas
677 4370 819 4435 Gallicas
836 4379 976 4436 exeunte
993 4373 1125 4434 saeculo
1142 4371 1247 4435 XVlll.
1261 4369 1341 4436 Pius
1358 4371 1407 4435 Vl.
1425 4378 1597 4451 rogaretur,

361 4464 399 4520 ut
412 4457 610 4538 presbyteris
625 4457 818 4522 facultatem
834 4459 1005 4538 largiretur
1020 4458 1234 4523 consecrandi
1256 4459 1366 4522 oleum
1389 4456 1596 4532 infirmorum,

361 4542 506 4624 pontilex
530 4543 561 4606 id
584 4547 755 4611 recusavit
790 4545 850 4609 Per
872 4547 964 4608 varia
986 4545 1119 4625 quidem
1141 4544 1272 4610 decreta
1300 4545 1488 4624 apostolica,
1518 4557 1597 4625 quae

361 4632 412 4694 hic
442 4630 562 4695 referre
593 4631 634 4694 ad
664 4631 764 4696 finem
794 4640 944 4696 nostrum
976 4650 1040 4694 non
1073 4632 1198 4710 attinet,
1228 4640 1365 4704 constat,
1397 4631 1597 4712 presbyteros

1169 4734 1180 4764 Ι
