3450 5342
708 324 900 379 -tss-

180 504 304 572 cognita
323 505 375 560 tali
394 507 520 561 notione
538 506 664 561 relativa
677 507 828 577 analytice
845 522 884 561 ex
897 522 931 562 ea
948 506 1126 563 immediata
1155 506 1289 563 illatione
1315 524 1426 578 cogno·

180 575 281 629 scitur
308 574 377 629 eins
404 575 490 630 notio
517 576 704 631 correlative
729 592 755 632 e.
782 594 810 647 g.
838 593 855 631 e
881 578 1006 631 notione
1034 577 1165 632 effectus
1193 576 1278 631 notio
1307 594 1426 644 causae,

178 659 198 697 e
217 644 343 698 notione
361 650 522 700 creaturae
541 644 627 699 notio
647 646 805 701 creatoris
825 662 841 701 e
860 646 986 703 notione
1006 646 1060 701 filii
1081 647 1166 701 notio
1187 648 1284 716 patris
1305 654 1359 702 etc.

287 731 395 813 Neque
422 746 481 800 pro
511 730 589 785 ideis
616 731 731 787 innatis
760 731 873 787 adduci
902 739 1006 801 potest
1038 731 1220 801 impotentia
1249 731 1423 789 intellectus

179 799 309 855 hnmani
328 815 395 855 stne
415 799 463 855 his
482 800 561 855 ideis
579 800 785 869 cognoscendi
810 816 916 857 rerum
948 802 1149 861 substantias,
1181 802 1353 867 relationes
1373 803 1423 859 de·

178 869 378 938 pendentium
393 884 500 925 earum
516 870 556 924 ab
572 870 651 925 Ente
665 870 795 937 infinito,
815 872 957 925 ordinem
980 871 1137 938 moralem,
1158 870 1421 939 pulchritudinem

179 946 235 993 etc.
257 939 432 995 Difficultas
460 940 585 1010 quidem
612 955 674 995 non
702 956 800 1009 parva
832 941 968 995 ‹smarrit
998 955 1018 994 n
1037 940 1228 1010 quaestione,
1266 941 1422 1010 quomodo

180 1008 385 1072 consutiones,
421 1024 479 1064 uas
492 1024 606 1065 sensus
619 1010 659 1065 ab
671 1010 862 1079 experientia
876 1010 1058 1079 percipiunt,
1100 1010 1198 1065 osaint
1212 1011 1422 1066 determinare
1473 1070 1476 1079 ,

178 1077 366 1132 intellectum
379 1025 418 1133 ag
434 1079 667 1147 cognoscendas
693 1095 799 1135 rerum
815 1080 1008 1134 substantias
1022 1085 1052 1133 et
1064 1026 1140 1134 alias
1159 1080 1303 1135 notiones
1323 1087 1422 1135 trans·

181 1148 387 1201 cendentales.
425 1148 606 1203 scholastici
648 1148 878 1219 distinguentes
910 1148 1118 1217 cognitionem
1157 1148 1330 1203 intellectus
1370 1150 1423 1205 fm-

182 1216 348 1271 mediatam
369 1217 417 1271 vel
437 1218 586 1273 directam
606 1224 637 1272 et
656 1217 821 1273 mediatam
842 1219 891 1273 vel
911 1218 1092 1273 indirectam
1112 1217 1327 1289 quaestionem
1344 1220 1422 1275 hanc

180 1285 222 1339 ita
242 1287 365 1341 solvere
385 1286 500 1342 solent:
521 1287 600 1351 Quia
619 1288 838 1357 phantasmata
867 1304 1015 1343 sensuum
1038 1288 1066 1341 in
1087 1286 1194 1343 eadem
1215 1289 1318 1342 anima
1339 1294 1421 1355 sunt,

179 1354 211 1409 in
230 1371 291 1425 qua
311 1364 359 1410 est
377 1357 468 1411 etiam
495 1356 677 1423 intellectus,
703 1357 781 1412 ratio
802 1366 883 1423 sunt,
903 1372 959 1411 cur
986 1357 1089 1411 anima
1120 1356 1294 1411 formaliter
1322 1358 1422 1413 deter-

180 1425 317 1480 minetur
334 1425 373 1479 ad
393 1426 451 1480 has
471 1426 519 1480 vel
537 1425 607 1481 illas
627 1427 745 1497 species
765 1427 814 1481 vel
832 1427 918 1481 ideas
938 1426 1093 1481 intellectu
1123 1426 1341 1495 producendas
1373 1426 1422 1483 Sic

178 1494 311 1564 cognitis
331 1510 387 1564 per
405 1510 519 1550 sensus
537 1497 738 1565 qualitatibus
758 1496 968 1560 sensibilibus,
988 1497 1079 1551 etiam
1100 1495 1274 1551 intellectus
1293 1496 1418 1551 easdem

178 1566 339 1632 cognoscit
358 1565 412 1618 sed
433 1566 525 1619 modo
545 1565 729 1633 perfectiore
770 1580 840 1621 uam
862 1580 983 1630 sensus,
1004 1580 1116 1635 nempe
1129 1572 1163 1621 ut
1177 1566 1275 1619 reales
1297 1565 1418 1630 (saltem

178 1633 329 1696 confuse,
348 1634 504 1703 simulque
523 1635 683 1703 cognoscit
696 1583 825 1689 confuse
836 1635 935 1703 ipsam
951 1635 1168 1702 substantiam,
1188 1633 1235 1689 cui
1249 1635 1420 1692 inhaerent.

179 1702 255 1768 (Hic
269 1704 391 1827 plrimns
409 1704 609 1759 immediatus
627 1712 659 1758 et
676 1704 813 1759 directus
833 1711 922 1759 actus
941 1704 1114 1759 intellectus
1139 1710 1270 1759 vocatur
1290 1704 1420 1775 simplex

178 1787 277 1841 appre
301 1773 408 1837 eusi0.)

280 1860 369 1914 Nunc
392 1859 490 1915 oritur
517 1861 613 1916 altera
641 1861 791 1931 quaestio,
820 1862 980 1932 quomodo
1009 1860 1156 1930 procedat
1186 1858 1359 1915 intellectus
1379 1861 1418 1917 ad

175 1930 390 1999 cognoscenda
409 1944 452 1991 ea,
471 1946 548 1999 quae
568 1933 793 1986 transcendunt
820 1932 1031 1985 immediatam
1052 1937 1082 1985 et
1101 1930 1249 1985 directam
1277 1929 1417 1985 eiusdem

175 1998 384 2069 cognitionem
407 1999 503 2055 tvelnt
523 2000 607 2054 notio
626 2001 770 2055 distincta
790 2000 992 2064 substantiae,
1013 2000 1097 2055 notio
1118 1998 1285 2063 relationis,
1307 1999 1419 2068 depen-

167 2068 299 2133 ‚dentiae
317 2074 386 2136 etc),
408 2068 508 2123 Etiam
529 2069 603 2123 haec
621 2069 794 2124 intellectus
815 2070 971 2124 humanus
986 2069 1052 2123 sine
1067 2068 1145 2122 ideis
1160 2067 1274 2123 innatis
1290 2084 1420 2139 eognos-

175 2153 246 2192 eere
265 2144 376 2207 potest.
398 2138 530 2205 Cognita
548 2140 630 2193 enim
652 2154 708 2208 per
727 2138 898 2201 simplicem
918 2137 1199 2207 apprehensionem
1221 2154 1419 2219 quacumque

174 2207 315 2262 realitate
333 2207 507 2263 intellectus
526 2208 704 2263 immediata
723 2208 859 2263 illatione
879 2208 939 2274 (vel
959 2208 1137 2263 immediata
1157 2207 1417 2271 consideratione)

174 2277 327 2359 analytice
345 2277 507 2332 evidenter
525 2278 685 2347 cognoscit
699 2278 886 2351 principium
899 2277 1078 2341 identitatis,
1093 2278 1355 2343 contradictionis
1370 2294 1419 2332 ex·

174 2346 253 2400 clusi
273 2346 363 2411 tertii,
383 2347 512 2401 rationis
532 2346 716 2402 sufficientis
732 2346 889 2417 simulque
903 2362 973 2401 cum
989 2347 1098 2416 primis
1116 2346 1182 2401 suis
1196 2346 1418 2415 cognoscitivis

175 2416 298 2471 actibus
318 2416 479 2486 cognoscit
498 2432 585 2471 suam
615 2417 819 2485 aptitudinem
840 2416 879 2471 ad
900 2417 1060 2471 veritatem
1091 2418 1340 2485 cognoscendam
1363 2416 1418 2483 (di-

175 2492 266 2551 recte,
285 2502 348 2541 non
368 2486 502 2553 reflexa).
532 2485 649 2540 Deinde
668 2501 726 2555 ope
745 2486 858 2541 horum
879 2486 1064 2556 principium
1094 2490 1184 2553 (quae
1204 2492 1334 2555 propter
1353 2486 1419 2541 uni·

174 2555 425 2610 versalissitnum
441 2572 533 2610 suurn
548 2554 695 2622 valorem,
710 2557 823 2625 quoad
837 2571 930 2610 omne
944 2570 1077 2623 prorsus
1092 2570 1147 2609 ens
1159 2569 1229 2610 sese
1240 2554 1417 2612 extendunt.

175 2624 389 2694 metaphysica
409 2629 573 2685 vocantur)
589 2640 642 2693 per
654 2625 835 2680 ulteriorem
855 2624 1089 2694 experientiam,
1109 2624 1303 2679 obiectorum
1319 2624 1418 2678 multi·

174 2693 271 2762 plices
284 2695 541 2763 comparationes,
555 2694 742 2749 reflexiones
753 2695 791 2749 ad
801 2710 910 2749 eorum
926 2694 1076 2755 notiones,
1090 2694 1249 2748 notionum
1264 2694 1417 2759 analyses,

174 2777 232 2831 per
250 2763 364 2818 iudicia
382 2764 557 2833 synthetica
576 2770 607 2818 et
624 2764 785 2831 analytica,
805 2763 972 2827 ratiocinia,
994 2764 1188 2817 inductiones
1214 2763 1418 2831 incompleta's

172 2840 205 2886 et
217 2833 388 2900 completas
402 2832 465 2897 (via
481 2833 654 2902 synthetica
667 2840 698 2887 et
711 2833 862 2902 analytica
877 2840 906 2887 et
919 2833 1273 2902 arialytiro-synthetica)
1288 2833 1419 2887 tnediate

173 2910 205 2956 et
223 2902 373 2957 indirecte
392 2902 553 2972 cognoscit
580 2902 752 2957 intellectus
779 2902 929 2965 notiones,
957 2902 1167 2957 immediatam
1194 2902 1417 2970 experientiam

173 2972 419 3039 transcedentes,
445 2974 632 3041 perveniens
652 2972 809 3041 perantia
833 2972 963 3027 liinitata
983 2980 1012 3026 et
1032 2971 1120 3026 finita
1140 2986 1201 3025 non
1223 2972 1366 3026 habentia
1387 2972 1417 3026 in

173 3041 304 3109 propria
322 3042 458 3096 essentia
472 3042 679 3097 sufficientem
695 3058 768 3096 snae
782 3041 964 3095 existentiae
979 3043 1128 3095 rationem
1146 3041 1298 3111 usquead
1317 3042 1419 3105 svigni·

173 3110 290 3165 tionem
312 3111 401 3166 Eritis
420 3111 532 3165 infiniti
552 3120 582 3165 et
600 3111 743 3165 illimitati
763 3143 796 3150 —
817 3112 879 3179 Dei,
899 3127 916 3165 a
935 3127 997 3181 qno
1012 3112 1115 3165 omnia
1130 3121 1231 3165 cetera
1245 3112 1326 3165 entis
1342 3120 1418 3165 tani-

172 3195 268 3248 quam
289 3196 307 3235 a
326 3196 420 3235 causa
438 3182 581 3235 absoluta
600 3180 785 3249 dependent.

280 3266 380 3322 Etiam
401 3267 485 3322 ideas
504 3267 636 3321 morales
651 3267 717 3321 sine
731 3267 846 3321 innatis
861 3266 938 3320 ideis
954 3274 1055 3335 potest
1070 3268 1227 3321 humanus
1241 3265 1417 3320 intellectus

173 3351 370 3405 cognoscere.
392 3337 605 3392 consideratis
625 3352 730 3391 rernm
751 3337 872 3391 naturis
896 3338 1055 3403 cogitoscit
1081 3352 1188 3391 earum
1210 3336 1291 3389 inter
1312 3350 1344 3388 se
1364 3348 1416 3388 na·

172 3405 291 3460 turales
311 3406 485 3472 relationes,
505 3407 660 3474 simulque
679 3407 845 3471 cognoscit,
871 3408 1060 3461 conveniens
1089 3422 1158 3459 csse
1185 3420 1259 3459 suae
1286 3410 1416 3459 naturae

173 3475 325 3543 rationali,
345 3481 380 3531 ut
399 3476 446 3530 his
472 3476 675 3531 relationibus
702 3476 855 3530 intellectu
886 3475 1018 3543 cognitis
1051 3475 1145 3529 libere
1173 3474 1310 3527 actiones
1341 3488 1415 3527 snas

172 3544 393 3599 accommodet.
408 3546 456 3599 lta
468 3553 623 3601 certarum
643 3545 797 3599 actionum
819 3545 1032 3599 convenientia
1053 3543 1203 3598 naturalis
1218 3558 1287 3597 cunt
1304 3552 1416 3597 natura

173 3622 283 3668 nostra
302 3614 444 3669 rationali
463 3616 670 3683 cognoscitur.
693 3615 730 3669 Ut
751 3616 829 3669 hanc
848 3613 1094 3668 convenientiam
1117 3620 1326 3681 cognoscatur
1345 3628 1415 3666 csse

173 3682 323 3738 moralem
345 3684 513 3738 bonitatem
535 3701 572 3739 ex
591 3683 780 3753 obligatione
801 3683 973 3737 faciendam
994 3682 1242 3737 crinsiderandus
1262 3688 1310 3735 est
1331 3697 1416 3749 prae-

172 3757 258 3807 terea
278 3752 370 3820 Deus,
389 3753 442 3822 qni
457 3759 490 3807 nt
504 3762 625 3807 creator
638 3754 776 3807 omnium
790 3753 1051 3820 sapientissimus,
1072 3751 1194 3821 legibus
1211 3766 1289 3819 quas
1305 3750 1415 3805 indidit

171 3827 302 3877 naturae
321 3830 351 3876 et
370 3822 521 3877 mundum
542 3830 572 3877 et
592 3838 649 3875 nos
669 3822 707 3876 ad
728 3822 823 3876 finem
845 3824 1036 3891 propositum
1058 3822 1222 3887 gubernat.
1238 3820 1286 3873 Sic
1299 3820 1416 3874 lumine

171 3890 307 3945 naturali
321 3892 494 3946 intellectus
513 3900 747 3959 cognoscuntur
759 3892 844 3961 leges
859 3890 1017 3946 naturales
1032 3906 1057 3951 e,
1071 3908 1100 3959 g.
1115 3891 1179 3944 Deo
1194 3906 1263 3943 esse
1279 3890 1416 3943 servien-

170 3960 258 4021 dum,
276 3975 296 4013 a
314 3960 387 4014 filiis
407 3961 590 4029 parentibus
609 3976 679 4015 esse
698 3960 937 4026 oboediendum,
957 3959 1112 4014 neminem
1128 3974 1198 4013 esse
1212 3958 1414 4013 occidendum

171 4035 228 4083 etc.
242 4028 368 4083 Moralis
382 4030 505 4085 bonitas
519 4030 597 4099 legis
612 4030 765 4099 positivae
778 4030 902 4099 ‹nignitti
916 4030 984 4095 lege
999 4030 1038 4083 ab
1052 4028 1211 4083 ordinaria
1225 4028 1418 4082 auctoritate.

172 4096 228 4153 Dei
248 4099 382 4164 nomine,
402 4100 601 4169 promulgata
627 4101 834 4168 cognoscitur.
861 4098 1014 4154 Iudicium
1035 4098 1217 4163 intellectus,
1237 4112 1300 4167 quo
1320 4097 1369 4150 hic
1388 4102 1418 4151 et

170 4182 256 4222 nunc
273 4167 400 4238 aliquod
431 4171 547 4224 bonurn
568 4168 643 4223 mihi
663 4184 702 4223 ex
723 4168 777 4223 Dei
797 4168 987 4249 obligatione
1015 4167 1192 4222 faciendum
1222 4166 1270 4220 vel
1300 4165 1415 4219 malunt

169 4236 335 4292 vitandum
356 4254 425 4293 esse
444 4254 607 4307 cognosco,
628 4245 757 4292 vocatur
777 4238 964 4292 conscientia
985 4251 1084 4306 eaque
1103 4236 1298 4300 antecedens
1318 4250 1335 4289 a
1354 4234 1417 4304 quii
1452 4248 1456 4259 ’

168 4322 368 4376 consequens
395 4308 582 4363 conscientia
609 4306 815 4376 distinguitur
834 4311 869 4361 nt
894 4306 1034 4361 eiusdem
1067 4305 1240 4361 intellectus
1268 4303 1416 4359 iudicium

172 4381 246 4445 post
276 4376 438 4444 actionem,
466 4378 550 4447 quod
577 4391 643 4431 estu
665 4377 713 4430 vel
733 4382 767 4431 ut
793 4375 953 4430 moraliter
982 4376 1093 4429 bonam
1124 4375 1286 4444 approbat,
1316 4374 1364 4427 vel
1384 4377 1419 4427 ut

170 4444 333 4500 moraliter
352 4446 463 4501 malam
483 4447 651 4515 improbat.

173 4600 179 4613 .
205 4601 236 4655 d·
277 4532 425 4656 {similiter
443 4548 500 4588 nec
519 4533 550 4587 in
570 4532 744 4603 cognitione
758 4530 879 4600 pulchri
895 4495 1078 4586 intellectus¹
1089 4534 1197 4585 noster
1209 4528 1287 4585 ideis
1303 4526 1418 4583 innatis

169 4616 203 4655 rn
228 4617 300 4671 ige.
