3450 5342
716 421 907 475 -151-

188 606 295 683 cupiat,
304 614 374 681 quot
381 604 496 663 vicibus
505 606 667 664 Orientalis
678 606 831 665 Ecclesiae
839 606 957 665 Pascha
967 609 998 666 in
1006 607 1289 687 decimamquartam
1299 609 1438 668 Inciderit

191 690 299 756 lunam,
324 692 397 749 sciat
420 693 492 769 ipse,
516 690 594 770 qnod
616 694 648 751 in
669 713 846 771 unoquoque
877 712 984 771 magno
1008 694 1194 774 Dionysiano
1214 697 1436 756 serranorum

188 778 280 855 cyclo,
303 777 359 835 hoc
382 780 482 836 evenit
506 781 765 857 septuaginta
786 801 854 839 sex
878 780 992 839 vicibus
1009 776 1043 857 6).
1070 784 1101 839 Si
1125 802 1195 859 ergo
1218 784 1293 841 ratio
1315 784 1438 841 anathe-

188 864 305 928 mathis,
327 884 406 922 anuo
432 867 513 923 1593
536 874 639 924 contra
662 867 784 925 Latinos
807 867 869 938 lati,
892 867 966 925 haec
989 878 1041 939 est,
1065 867 1142 946 quod
1158 870 1214 945 ipsi
1238 890 1321 928 suum
1345 872 1438 929 inter-

188 949 257 1008 dum
280 950 397 1009 Pascha
427 954 458 1009 iu
480 950 702 1031 decimaquinta
724 954 812 1013 lunae
829 952 878 1011 die
894 953 1052 1025 celebrant,
1068 966 1137 1013 tunc
1160 954 1326 1028 dicendum,
1349 954 1436 1035 quod,

188 1058 266 1097 anno
286 1040 378 1111 1593,
401 1038 563 1099 Orientalis
578 1040 714 1098 Ecclesia
736 1040 994 1099 sollemnissimum
1016 1042 1083 1100 tulit
1106 1064 1122 1099 c
1136 1064 1152 1100 ο
1166 1064 1183 1101 n
1197 1052 1207 1099 t
1220 1063 1235 1100 r
1248 1064 1266 1100 a
1289 1064 1302 1101 s
1314 1064 1330 1101 e
1342 1064 1372 1101 m
1385 1066 1401 1102 e
1413 1054 1438 1101 t·

187 1125 325 1201 ipsam
349 1125 515 1184 anathema

788 1239 840 1297 Vl.

277 1367 419 1425 Extat-ue
442 1368 545 1427 modus
567 1369 690 1447 pacifice
715 1368 870 1427 obtinendi
893 1372 1107 1446 optatissimam
1132 1373 1162 1428 iu
1185 1370 1342 1429 I'ascbatis

598 1455 796 1514 celebratione
819 1456 1030 1515 concordiam?

292 1584 389 1659 Quum
412 1586 559 1643 immerito
581 1596 684 1644 contra
705 1586 830 1644 Latinos
851 1588 997 1665 prolatum
1029 1587 1116 1645 fuerit
1147 1588 1217 1645 anni
1252 1588 1332 1645 1593
1365 1606 1435 1645 aua·

187 1668 297 1741 thema,
319 1673 391 1729 satis
413 1670 522 1749 liquet3
545 1671 743 1750 speranda-ue
780 1683 826 1731 est
849 1672 923 1731 felix
945 1674 1046 1751 aIIqua
1074 1673 1281 1733 difficultatum
1304 1675 1435 1732 omnium

187 1757 303 1828 solutio,
340 1777 405 1815 cum
440 1762 653 1818 restauratione
691 1762 893 1839 optatissImae
924 1762 955 1818 in
980 1760 1133 1819 l'aschalis
1164 1761 1336 1819 festivitatis
1359 1760 1435 1819 cele-

187 1841 323 1902 bratione
344 1842 539 1903 concordiae?

296 1929 549 1991 Praemittendum
588 1943 657 2011 puto
691 1953 743 2011 per
766 1935 861 2011 ipsum
900 1933 1059 1992 anathema
1089 1934 1252 1993 Orientalis
1281 1932 1434 1993 Ecclesiae

188 2014 320 2075 fidelium
361 2021 558 2077 conscientias
603 2040 695 2098 nsque
736 2018 824 2078 hodie
865 2040 924 2079 non
959 2040 1061 2099 parum
1097 2022 1269 2078 excruciari.
1305 2020 1350 2078 De
1378 2020 1433 2078 hoc

187 2103 338 2181 complura
349 2114 378 2163 et
390 2107 495 2181 gravia
507 2106 610 2165 afferre
624 2128 740 2185 possem
753 2106 937 2165 documenta.
954 2109 1020 2165 Suis
1034 2108 1120 2185 plene
1133 2106 1244 2165 addicti
1259 2105 1434 2185 pastoribus,

188 2189 350 2249 Orientalis
378 2191 531 2251 Ecclesiae
560 2192 663 2252 fideles
692 2214 767 2272 quae
794 2197 918 2272 exposui
945 2194 1032 2272 plene
1060 2196 1205 2271 ignorant,
1230 2214 1284 2252 nec
1308 2213 1431 2271 parvum

187 2297 241 2355 pro
268 2279 340 2355 ipsis
367 2291 539 2356 exsurgeret
565 2279 746 2354 scandalum,
770 2283 795 2339 si
818 2282 862 2339 eis
885 2301 980 2339 rerum
1004 2283 1114 2339 veritas
1142 2283 1240 2339 miuus
1273 2279 1432 2359 prudenter

187 2364 348 2441 patefieret.
371 2363 437 2423 Hoc
451 2365 619 2425 addendum
633 2367 719 2446 quod,
742 2388 795 2445 pro
810 2370 863 2425 sna
885 2387 956 2444 erga
971 2388 1053 2425 suam
1067 2367 1232 2427 EcclesIam
1257 2368 1432 2439 reverentia,

187 2450 333 2529 quidquid
355 2450 465 2510 directe
497 2453 546 2511 vel
575 2453 718 2513 indirecte
756 2455 850 2532 ipsine
873 2453 1102 2513 considerationi
1141 2464 1268 2522 noceret,
1309 2455 1431 2512 minime

187 2538 356 2595 tolerarent
394 2538 542 2609 Ceterum,
569 2561 730 2619 numquam
757 2540 900 2618 Magister
929 2551 1027 2599 noster
1054 2552 1082 2599 et
1106 2542 1269 2619 Exemplar
1297 2540 1432 2599 Christus

189 2623 376 2683 humiliando
399 2629 525 2685 sanavit.

292 2710 373 2787 Quid
395 2732 466 2790 ergo
488 2712 656 2791 agendum?
683 2714 786 2773 Potius
814 2734 901 2792 qnam
930 2734 1034 2781 meam,
1058 2714 1088 2772 in
1112 2735 1143 2773 re
1166 2723 1227 2773 tam
1251 2717 1344 2791 gravi,
1368 2734 1432 2791 pro·

188 2796 290 2869 feram,
319 2818 378 2856 uon
405 2801 610 2877 interrogatus,
644 2802 832 2870 senteutiam,
869 2802 1030 2860 consultius
1060 2800 1134 2859 duco
1162 2800 1302 2879 evulgare
1333 2802 1440 2879 magni·

190 2883 329 2963 ponderis
353 2886 479 2945 Sanctae
502 2886 597 2955 Sedis,
620 2886 657 2945 de
679 2890 852 2966 quaestione
876 2888 1039 2955 Paschatis,
1063 2885 1277 2946 documentum.

294 2972 384 3031 Anno
419 2976 510 3043 1897,
545 2973 722 3053 percelebris
763 2974 966 3033 Beroliuensie
1004 2973 1207 3033 Observatorii
1246 2974 1382 3032 Director
1404 2984 1434 3033 et

186 3059 425 3117 internetionalis
463 3060 628 3120 Comitatus
664 3082 716 3139 pro
749 3060 940 3120 unificatione
978 3060 1138 3138 ponderum
1172 3070 1202 3119 et
1229 3080 1431 3120 mensurarum

186 3144 321 3217 Praeses,
358 3146 511 3207 Professor
544 3148 592 3207 W.
621 3148 749 3219 Perstet,
788 3148 864 3206 Emo
904 3147 1056 3209 Cardiuali
1095 3148 1260 3227 Rampolla,
1300 3147 1431 3206 defuncti

186 3231 310 3291 illustris
331 3233 485 3292 Pontificis
509 3235 619 3294 Leonis
637 3234 719 3293 XIII
742 3254 761 3291 a
775 3234 861 3293 Statu
878 3236 1050 3304 Secretario,
1068 3232 1247 3293 desiderium
1270 3236 1432 3293 communi·

187 3320 268 3376 cavit
289 3320 321 3377 iu
344 3318 507 3379 Germania
543 3342 619 3399 pene
655 3322 794 3399 generale
822 3331 853 3379 et
874 3320 911 3380 ab
944 3324 1008 3399 iperi
1040 3322 1215 3399 protestanti
1253 3320 1434 3379 Germanica

187 3404 324 3465 ecclesia
361 3426 541 3485 expressum,
581 3420 621 3479 ut,
656 3410 681 3466 si
712 3407 744 3466 id
772 3408 836 3465 fieri
870 3420 976 3487 posset,
1015 3408 1187 3487 Apostolica
1224 3406 1316 3467 Sedes
1350 3427 1433 3467 snam

187 3490 344 3552 adhiberet
366 3497 571 3553 auctoritatem
594 3495 632 3554 ad
655 3493 808 3573 grandem,
830 3504 860 3553 et
885 3493 1079 3554 incommodis
1110 3493 1258 3553 interdum
1282 3503 1435 3565 attentam,

186 3578 347 3638 Paschatis
385 3580 453 3639 festi
491 3581 689 3641 mobilitatem·
721 3580 937 3650 coarctandum,
966 3582 997 3641 id
1027 3583 1122 3661 ipsum
1161 3601 1320 3659 suggerens
1358 3578 1435 3659 quod

186 3675 370 3725 astronomus
391 3667 500 3726 Remer
522 3667 673 3727 Leibuitio
703 3668 888 3746 suggerebat,
922 3680 953 3728 ut
976 3669 1090 3727 scilieet
1112 3666 1209 3727 eidem
1233 3668 1434 3747 assignaretur

186 3754 275 3811 tertia
289 3752 327 3811 ab
343 3756 530 3832 aequinoctio
545 3754 702 3826 dominica,
724 3758 787 3814 eins
802 3755 858 3813 hoc
881 3755 968 3814 modo
984 3753 1148 3813 mobilitate
1162 3754 1201 3813 ad
1216 3753 1432 3813 hebdomadam

185 3848 310 3910 tautum,
332 3840 396 3899 loeo
418 3842 557 3920 quinque,
583 3841 705 3902 reducta
726 3840 844 3923 (ri-11
871 3842 953 3921 apr).
999 3842 1085 3911 Ecce,
1108 3842 1165 3911 hie,
1196 3842 1283 3920 quale
1306 3841 1433 3900 obtinuit

186 3946 366 4005 responsum,
388 3926 426 3987 de
441 3948 507 4007 qno,
530 3937 562 3986 nt
584 3929 657 3987 mihi
677 3930 840 3988 certissime
863 3931 1000 3999 innotuit,
1023 3927 1233 3987 Germanicum
1249 3928 1432 3987 Gubernium

187 4012 277 4071 valde
298 4024 344 4072 est
365 4015 516 4074 laetatum.

291 4100 392 4159 Lettre
414 4101 452 4161 de
476 4105 504 4162 S.
518 4103 553 4159 E.
565 4102 593 4160 le
617 4100 759 4160 Cardinal
782 4100 1014 4162 RAMPOLLA
1038 4102 1195 4161 secreuire
1218 4100 1245 4159 d'
1263 4082 1333 4159 Etat
1355 4100 1392 4159 de
1408 4100 1437 4159 S.

186 4186 217 4245 s,
240 4168 353 4248 seon
377 4188 465 4247 xr11.
488 4210 526 4248 ru
541 4188 614 4268 prof.
637 4175 1045 4247 wreaneurbusrue
1068 4188 1214 4248 directam
1234 4186 1272 4246 ss
1291 4188 1309 4245 r
1326 4186 1435 4245 ‹raser-

185 4275 300 4331 vatoire
322 4274 359 4331 de
383 4275 486 4335 Berlin
518 4288 548 4333 et
570 4274 722 4353 president
754 4274 794 4333 dn
818 4276 934 4334 comite
966 4275 1176 4334 internatioual
1211 4272 1264 4334 des
1287 4272 1371 4351 poids
1408 4282 1438 4331 et

186 4380 325 4421 mesnres.

252 4556 273 4620 ⁶)
294 4555 368 4611 Vide
385 4556 414 4608 in
434 4555 581 4623 compte
602 4556 739 4657 rendae·
760 4555 804 4609 de
821 4554 1033 4637 I’Academie
1052 4552 1435 4677 des-Inp’criptIonstet

289 4624 1157 4765 telle:attestataestultit}{settle
1182 4637 1285 4748 pfl?
1294 4634 1436 4761 ,tert
