3450 5342
841 397 1012 470 ..38¹-

303 587 365 638 tum
389 580 604 641 emendationis
627 585 705 642 circa
728 585 838 643 illa...
862 584 949 662 Quod
972 599 1070 644 tamen
1094 585 1211 644 ridetur
1233 605 1296 645 esse
1318 585 1540 646 durissimomet

302 679 405 725 contra
428 671 558 726 omnium
582 691 700 729 sonsum
723 691 757 730 oc
779 683 883 732 contra
907 672 1066 750 theologos,
1085 675 1133 751 qui
1150 671 1256 731 docent
1273 672 1453 732 voluntatem
1468 693 1540 732 eom·

303 753 440 812 mittendi
465 756 596 814 venialia
619 757 711 816 multa
734 779 793 818 non
816 779 881 817 esse
905 759 1056 818 mortalem
1080 758 1132 817 sed
1155 760 1314 824 venialem:
1342 781 1431 838 quere
1455 761 1541 820 multo

303 844 401 900 minus
414 842 469 899 erit
482 844 614 901 mortalis
625 848 757 904 carentia
767 847 909 924 propositi
926 848 1005 904 eirea
1019 845 1256 918 emendationem
1267 847 1431 925 aliquonrm
1444 850 1543 905 verria-

301 930 375 988 lium
449 928 534 986 lrieet
557 932 662 988 vitatio
684 933 847 991 venialium
871 935 902 990 in
925 953 1032 1010 genere
1045 943 1120 990 esset
1144 933 1272 992 medium
1296 935 1493 993 necessarium
1509 934 1544 992 ad

301 1015 456 1076 vitandum
480 1017 641 1095 pericnlum
655 1021 766 1096 peccati
791 1020 931 1089 mortalis,
945 1029 989 1078 ost
1011 1029 1110 1078 temen
1133 1018 1261 1078 medium
1274 1019 1396 1079 dili'rcile
1419 1022 1490 1080 satis
1501 1042 1543 1092 eo,

302 1102 381 1183 quod
404 1105 439 1160 sit
464 1104 593 1162 modium
617 1107 648 1161 in
672 1109 828 1175 communi,
861 1127 912 1166 seu
936 1106 1045 1164 ablutio
1069 1107 1226 1164 multorum
1249 1128 1413 1178 causarum:
1445 1107 1542 1166 media

301 1201 399 1250 autern
434 1189 507 1247 adeo
540 1190 676 1248 diflicilia
703 1213 762 1251 non
793 1191 932 1252 videntur
953 1192 1091 1272 ponenda
1113 1191 1166 1251 sub
1188 1195 1305 1252 mortali
1327 1193 1365 1252 ad
1389 1194 1541 1254 vitandum

300 1278 462 1357 periculum
493 1279 633 1336 mortalis.
658 1313 696 1322 -
721 1279 808 1338 Nunc
837 1281 896 1338 iam
927 1279 1081 1357 probemus
1111 1279 1192 1340 illam
1216 1282 1358 1340 minorem
1382 1301 1469 1359 supra
1491 1297 1547 1358 po·

304 1367 392 1424 sitam
421 1363 519 1442 quoad
547 1365 670 1423 alteram
702 1377 823 1444 partem.
852 1367 972 1426 Scilicet
996 1411 1002 1424 .
1027 1412 1032 1424 .
1055 1369 1114 1425 iarn
1144 1369 1288 1426 confessio
1320 1367 1457 1446 frequens
1481 1389 1538 1426 non

303 1451 455 1528 obligaret,
478 1464 510 1509 ut
533 1455 675 1511 vitaretur·
696 1463 857 1532 peccatum,
882 1455 905 1512 si
930 1453 1049 1532 quidem
1072 1454 1216 1512 confessio
1239 1455 1289 1512 illo
1306 1455 1391 1514 modo
1407 1454 1542 1531 obligans

301 1541 362 1596 iem
394 1553 570 1616 supponeret
604 1538 753 1598 lrominern
787 1560 907 1617 peceare
941 1541 1103 1599 mortaliter
1137 1543 1217 1598 intra
1239 1561 1356 1612 aunum,
1392 1561 1451 1598 non
1473 1561 1543 1618 erge

303 1625 486 1684 obtineretur
508 1626 576 1684 finis
599 1628 738 1689 intentus,
762 1647 801 1685 sc.
825 1627 967 1705 impedire
985 1627 1144 1704 pericnlum
1159 1625 1328 1703 peccandi*
1356 1629 1408 1685 lle
1432 1627 1543 1704 Lago.

302 1713 350 1770 De
372 1733 457 1790 poen.
480 1712 553 1791 disp.
581 1716 618 1770 15
644 1735 671 1772 n.
694 1715 735 1770 te
759 1733 796 1772 ss.
833 1747 872 1757 «-
906 1714 1005 1780 Dices,
1040 1712 1231 1792 impediretur
1254 1715 1357 1772 saltem
1381 1715 1542 1792 perieulum

300 1800 508 1878 frequentioris
542 1801 680 1877 relapsus.
714 1803 738 1858 sl
775 1801 861 1859 homo
884 1821 943 1859 non
967 1810 1119 1880 exspectnt
1142 1811 1207 1878 post
1229 1803 1353 1878 primunr
1387 1801 1542 1880 relapsum,

302 1885 379 1966 quod
402 1896 533 1945 transeat
557 1896 632 1945 totus
656 1908 750 1946 annus
773 1898 804 1944 ut
827 1889 1008 1946 confiteatur.
1043 1887 1100 1946 Sed
1124 1889 1213 1944 ctiam
1238 1888 1291 1946 boc
1314 1886 1445 1945 excludit
1467 1889 1541 1946 ratio

302 1977 409 2032 tertia:
439 1994 478 2034 sc.
510 1975 655 2032 confessio
686 1976 823 2052 frequens
848 1987 912 2053 post
934 1985 1083 2052 peceatum
1109 1973 1175 2032 ideo
1199 1976 1379 2050 potissimum
1404 1973 1541 2032 conducit

301 2061 340 2120 ad
374 2060 563 2139 impedienda
595 2061 655 2119 alia
687 2072 809 2139 peccata
841 2064 1004 2139 sequentia,
1037 2063 1107 2138 quia
1130 2061 1268 2118 nimirum
1298 2063 1347 2140 qai
1379 2060 1540 2132 confitetur,

301 2147 382 2205 dolet
404 2149 562 2206 efficaciter
584 2147 622 2204 de
645 2158 764 2226 peccato
788 2151 946 2226 praeterito
968 2159 998 2206 et
1020 2149 1156 2226 proponit
1178 2148 1254 2206 serio
1277 2169 1312 2206 ao
1333 2151 1436 2206 statuit
1452 2148 1540 2204 firmi·

299 2245 345 2292 ter
367 2233 446 2312 apud
468 2254 499 2291 se
523 2237 628 2292 iterum
652 2256 711 2292 non
734 2255 862 2312 peecare.
885 2235 962 2293 Tota
985 2245 1081 2292 autem
1106 2233 1179 2292 lraec
1202 2235 1314 2292 utilitas
1346 2249 1375 2292 et
1407 2233 1539 2293 efficacia

302 2332 398 2400 potest
421 2320 522 2378 haberi
547 2323 611 2380 sine
634 2321 742 2379 actuali
764 2343 816 2379 usn
839 2323 976 2380 clariunr.
1001 2353 1043 2364 --
1064 2321 1202 2398 Denique
1233 2323 1333 2396 negari
1365 2331 1460 2398 potest
1488 2321 1541 2379 illa

300 2410 493 2486 experientia.
524 2408 601 2488 quod
632 2409 743 2465 scilieet
773 2408 877 2466 dilatio
907 2409 1100 2467 confessionis
1124 2408 1224 2465 afferat
1247 2427 1344 2466 secum
1369 2407 1441 2466 illud
1466 2409 1539 2486 peri-

301 2495 407 2554 culum.

406 2583 509 2639 Restat
537 2584 671 2659 quaestio
699 2601 768 2640 num
797 2584 835 2639 sit
865 2584 954 2639 etiam
978 2580 1119 2658 obligatio
1142 2579 1300 2638 confitendi
1325 2588 1444 2660 propter
1466 2583 1542 2658 peri-

300 2667 397 2726 culum
420 2667 591 2739 oblivionis3
615 2670 762 2726 atlirrnant
786 2669 833 2726 lo.
857 2669 989 2733 Maior,
1013 2665 1178 2734 bledina,
1212 2666 1398 2740 Victoria,
1430 2667 1541 2726 Domi-

301 2757 404 2813 nicus
428 2759 529 2817 boto,
552 2753 727 2813 Didacus
751 2756 916 2833 Nugnus,
939 2752 1138 2832 'l'onrnely
1160 2754 1220 2811 alii.
1243 2753 1302 2812 Sed
1338 2757 1439 2832 ,pauci
1465 2769 1539 2824 sunt,

300 2844 351 2920 qui
373 2862 433 2900 non
456 2861 486 2897 se
509 2853 660 2919 exponant
683 2842 735 2899 tali
753 2843 880 2919 [reticulo
904 2841 999 2920 quood
1024 2841 1123 2918 aliqua
1146 2853 1267 2918 peccata
1288 2839 1450 2899 dill'ercudo
1473 2861 1539 2900 con-

303 2929 460 2986 fessionem
483 2948 576 3005 usque
599 2927 636 2986 ad
660 2929 748 2986 finem
772 2930 851 2988 anni.
875 2927 974 3004 Quare
990 2945 1048 2986 nou
1072 2927 1189 2986 ridetur
1212 2925 1298 2985 facile
1323 2927 1377 2985 illa
1399 2925 1540 3004 obligatio

300 3014 494 3082 admittenda,
517 3015 587 3072 licet
610 3014 744 3072 erunibus
767 3015 948 3074 consulenda
971 3018 1009 3072 sit
1032 3013 1198 3093 frequentia
1221 3016 1422 3072 confessionis.
1450 3014 1539 3072 Dices

301 3105 350 3180 qui
375 3112 476 3180 postea
499 3101 619 3160 ‚carebit
644 3103 830 3173 confessario,
864 3101 1012 3178 obligatur
1037 3100 1075 3158 ad
1098 3101 1296 3160 confitendum
1328 3121 1413 3170 nunc,
1448 3121 1538 3158 nese

299 3203 430 3267 exponat
452 3189 580 3266 periculo
604 3210 662 3246 noo
686 3188 858 3261 confitendi3
883 3210 952 3265 ergo
975 3190 1025 3264 qui
1047 3197 1148 3267 postea
1171 3207 1229 3246 nou
1253 3187 1453 3246 recordabitur
1475 3207 1539 3264 pec-

300 3288 438 3345 catorum,
462 3275 549 3333 debet
573 3297 702 3334 nautea
722 3277 863 3344 confiteri,
887 3297 924 3333 ne
940 3273 1079 3333 reddatur·
1101 3277 1246 3352 impotens
1272 3283 1374 3353 postea
1398 3273 1538 3351 implendi

299 3374 486 3442 pracceptum
510 3363 670 3421 confitendi
696 3383 748 3420 sna
770 3374 900 3440 peecata.
938 3361 1154 3440 Respondetur:
1189 3363 1333 3439 imprimis
1357 3361 1538 3419 satisfaceret

299 3450 343 3508 illi
367 3450 540 3524 obligationi
575 3449 730 3508 scribendo
753 3469 830 3508 nunc
856 3461 985 3528 peccata,
1015 3461 1046 3508 ut
1070 3451 1177 3506 vitaret
1200 3448 1357 3526 periculum
1382 3447 1538 3506 oblivionis

298 3539 458 3614 sequentis.
481 3534 540 3593 ried
564 3542 658 3614 neque
685 3535 722 3593 ad
745 3535 801 3594 lroe
834 3547 950 3594 torretur
981 3535 1094 3614 [contra
1119 3534 1303 3612 l'as'quea,
1337 3533 1535 3592 (fartiliati

298 3622 374 3700 etel.
398 3625 468 3700 qtria
491 3634 678 3701 praeceptum
701 3636 744 3680 est
760 3624 854 3681 solum
871 3621 1030 3680 confitendi
1056 3634 1175 3700 peccata
1194 3641 1269 3700 quae
1285 3641 1362 3678 nuno
1385 3631 1538 3680 occurrunt

299 3713 457 3768 memoriae
480 3712 639 3788 praemisso
669 3713 806 3768 examine
830 3711 958 3768 humano
982 3707 1079 3780 modo,
1111 3729 1169 3766 non
1200 3717 1243 3765 est
1267 3717 1365 3765 arrtern
1392 3708 1536 3766 humanus

299 3796 403 3854 modus
426 3797 479 3854 illa
501 3799 649 3874 exquisita
671 3810 700 3853 et.
722 3797 926 3875 metaphysica
959 3795 1117 3872 diligentia
1148 3793 1324 3852 observandi
1357 3815 1390 3852 ac
1414 3793 1534 3852 notandi

299 3886 398 3941 omnia
421 3896 541 3960 peccata
563 3898 591 3939 et
615 3886 850 3942 circumstantias
867 3893 949 3960 prout
971 3885 1135 3940 successive
1158 3883 1231 3940 liunt
1255 3892 1283 3939 ot
1307 3879 1456 3940 scribendi
1478 3899 1535 3951 eas,

299 3991 336 4028 ne
360 3971 501 4026 memoria
531 3970 677 4037 decidant,
712 3970 763 4027 sed
797 3973 893 4048 potius
927 3979 1004 4028 esset
1037 3971 1243 4044 gravissimum
1278 3989 1349 4025 orins
1373 3979 1402 4024 et
1426 3967 1537 4031 inutile,

299 4059 389 4114 immo
413 4059 518 4114 noxias
535 4057 622 4114 raldo
645 4057 766 4133 laqueus
788 4060 986 4116 conscientiae
1003 4055 1220 4134 superadditum
1244 4075 1333 4132 quare
1355 4075 1414 4112 non
1437 4053 1536 4112 debuit

299 4145 487 4220 praeceptum
522 4163 586 4200 cunr
610 4164 644 4200 eo
668 4147 763 4220 rigore
786 4146 924 4222 imponis*
962 4145 1015 4202 lle
1031 4217 1032 4220 Ἰ
1047 4143 1165 4220 Lago,
1198 4141 1243 4198 lle
1268 4161 1352 4218 poen.
1386 4139 1460 4218 disp.
1490 4143 1537 4210 15,

300 4249 328 4289 n.
351 4233 402 4290 41.

403 4315 541 4393 Denique
564 4319 616 4373 vix
639 4325 740 4374 notatu
763 4317 886 4393 dignum
908 4327 953 4375 est
976 4329 1078 4374 contra
1111 4315 1315 4374 Alberturn
1351 4313 1399 4377 M..
1435 4316 1484 4392 qui
1508 4315 1542 4374 B.

299 4403 454 4476 Virginem
478 4403 554 4481 apud
579 4427 600 4461 s.
623 4405 763 4461 loannem
781 4404 837 4460 Er.
859 4403 993 4462 confiteri
1015 4403 1133 4461 solitam
1155 4401 1286 4482 putabet,
1311 4422 1369 4460 non
1392 4421 1481 4480 posse
1503 4399 1542 4458 ab'

300 4509 334 4546 eo
357 4489 456 4546 elavos
479 4510 543 4547 cunr
578 4489 673 4548 fructu
703 4499 733 4547 et
755 4489 837 4547 licite
868 4489 951 4551 adiri,
987 4491 1035 4568 qui
1068 4489 1180 4548 nullum
1208 4497 1359 4566 peccatum
1383 4489 1539 4558 commisit3

301 4585 382 4652 patet
406 4577 479 4633 tales
512 4595 538 4633 et
563 4597 620 4645 eos,
654 4579 704 4654 qui
727 4576 889 4634 venialium
914 4587 1026 4634 tantum
1051 4578 1160 4634 conscii
1184 4585 1259 4648 suut,
1294 4573 1331 4632 ab
1360 4573 1540 4652 obligatione

297 4674 413 4720 asserta
435 4683 499 4720 esse
522 4674 681 4741 exemptos.
1238 4652 1291 4725 A.
1317 4642 1496 4744 Spalddlt.
