3450 5342
711 497 883 551 -99-

167 684 271 741 harum
295 683 423 741 fautores
445 685 501 761 ipsi
527 684 663 748 fatentur,
691 686 782 743 variis
805 688 837 744 in
860 686 933 745 locis
955 696 1069 745 textum
1097 685 1271 765 originalem
1296 688 1418 746 minime

166 772 312 828 intactum
335 769 420 829 nobis
443 784 655 830 conservarunt
677 772 719 850 (p.
742 774 792 830 33.
815 774 904 851 sqq.).

277 856 419 935 Sequenti
443 867 541 915 antem
564 861 678 917 ratione
701 858 851 937 procedit:
875 859 1004 919 Ostensa
1018 861 1107 919 trium
1124 859 1227 918 harum
1247 862 1415 919 versionum

166 940 257 1022 plena
290 962 308 1001 a
341 964 372 1003 se
407 943 640 1022 independentia
672 946 709 1017 A,
745 949 774 1017 S,
809 945 835 1005 G
872 948 950 1005 inter
979 966 1010 1005 se
1044 958 1194 1023 comparat
1225 960 1254 1004 et
1285 966 1350 1007 cum
1385 950 1416 1005 in

167 1032 272 1109 primis
306 1032 324 1087 2
359 1029 506 1109 capitibus
537 1034 566 1089 A
595 1042 625 1090 et
653 1034 674 1089 S
704 1034 782 1091 inter
813 1053 845 1092 se
876 1034 1063 1104 conveniant,
1094 1032 1122 1091 G
1146 1032 1269 1092 multum
1293 1031 1417 1106 differat,

168 1127 272 1175 censet
301 1128 417 1176 textum
447 1118 621 1195 originalem
652 1117 754 1177 haberi
777 1122 809 1177 in
832 1120 862 1177 A
885 1128 914 1177 et
937 1122 974 1191 S,
1006 1131 1035 1178 et
1059 1139 1123 1178 cum
1148 1128 1246 1179 textus
1271 1120 1299 1177 A
1323 1120 1416 1179 solum

166 1203 228 1263 duo
251 1206 350 1281 capita
380 1203 419 1264 ad
441 1225 495 1263 nos
516 1208 706 1283 pervenerint
735 1226 860 1284 cumque
887 1226 924 1263 ex
949 1206 1042 1265 altera
1072 1216 1154 1283 parte
1178 1208 1355 1266 mutationes
1387 1208 1418 1265 in

168 1288 198 1349 G
222 1290 308 1349 huius
331 1293 492 1349 insertione
504 1294 666 1351 narrationi
693 1294 791 1366 ,vitae
815 1294 849 1352 B.
861 1304 891 1351 et
912 1292 979 1351 Jo.“
1006 1292 1152 1352 limitatae
1165 1313 1230 1352 ease
1253 1293 1418 1363 videantur,

170 1376 239 1435 ideo
250 1376 301 1435 nbi
314 1377 429 1436 indoles
441 1381 618 1439 narrationis
630 1383 822 1438 mutationem
834 1382 938 1457 exigit,
950 1380 970 1439 S
982 1382 1076 1438 textui
1088 1380 1116 1438 G
1129 1380 1352 1459 anteponendus
1365 1392 1418 1438 ost.

277 1465 426 1542 Imprimis
460 1474 557 1524 autem
588 1465 802 1525 advertendum
837 1466 971 1526 videtur:
1006 1476 1121 1525 textum
1145 1468 1173 1525 A
1197 1468 1344 1545 pertinere
1380 1465 1417 1525 ad

163 1571 243 1609 saec.
274 1552 326 1611 V.:
355 1554 375 1609 n*
406 1572 476 1611 vero
510 1572 569 1611 non
598 1573 662 1612 esse
685 1555 829 1631 posterius
852 1574 941 1633 quam
965 1557 993 1611 2.
1016 1551 1140 1612 dimidio
1164 1572 1239 1613 saec.
1263 1553 1315 1611 VI.
1339 1573 1417 1613 com·

166 1640 312 1715 positum:
345 1640 435 1696 immo
467 1660 532 1697 cum
556 1642 577 1698 ὃ
614 1638 710 1699 codici
743 1649 885 1699 tractatus
919 1638 1225 1717 didactico-practicos
1252 1642 1417 1699 continenti

164 1726 294 1782 insertus
316 1726 363 1797 sit,
387 1725 569 1803 impossibile
591 1747 656 1785 esse
678 1736 779 1786 censet
812 1737 920 1799 auctor,
948 1739 980 1785 ut
1002 1728 1174 1805 compilator
1198 1727 1283 1786 huius
1306 1726 1416 1787 codicia

165 1813 269 1889 ipseo
293 1810 410 1870 Graeca
436 1813 539 1891 lingua
572 1814 762 1885 transtulerit,
787 1834 845 1872 non
869 1816 1035 1872 versionem
1059 1814 1118 1871 iam
1141 1816 1334 1879 exsistentem
1366 1834 1417 1873 auo

163 1897 260 1955 codici
290 1900 466 1972 inseruerit,
501 1900 577 1958 hanc
607 1902 734 1959 auctoris
765 1902 936 1979 opinionem
958 1901 1037 1959 mala
1060 1896 1212 1959 nominum
1236 1899 1415 1959 Graecorum

166 1987 349 2063 propriorum
384 1988 482 2045 versio
514 1986 700 2065 comprobat:
734 1984 801 2045 ideo
832 1986 1017 2047 Krestnikov
1048 1990 1107 2045 iam
1138 1990 1218 2065 prius
1250 1988 1415 2045 versionem

164 2071 248 2129 illam
272 2070 445 2131 adornatam
460 2094 525 2132 esse
541 2086 571 2133 et
586 2074 807 2152 compilatorem
827 2093 863 2132 ca
878 2094 961 2133 usum
978 2094 1042 2133 esse
1057 2073 1207 2132 concludit
1227 2074 1265 2152 (p.
1284 2076 1333 2137 40.
1350 2073 1415 2153 sq).

164 2159 245 2216 Dein
268 2157 315 2216 de'
329 2160 472 2219 relatione
494 2161 532 2232 A,
555 2160 592 2231 G,
615 2163 637 2219 ὃ
660 2160 698 2219 ad
721 2164 849 2219 invicem
878 2170 978 2219 auctor
1000 2170 1114 2219 tractat.
1160 2162 1190 2218 A
1213 2172 1241 2219 et
1266 2160 1286 2219 S
1309 2180 1373 2219 esse
1398 2182 1415 2219 a

161 2244 193 2303 G
217 2244 452 2323 independentes
475 2250 631 2326 sequentia
659 2247 835 2307 ostendunt:
870 2252 896 2305 1.
920 2248 949 2306 A
972 2259 1002 2306 et
1025 2250 1045 2306 h*
1068 2246 1105 2306 de
1129 2246 1278 2306 attributis
1302 2246 1414 2305 divinis

164 2334 198 2390 in
225 2352 248 2390 c.
273 2332 297 2389 1.
321 2331 486 2410 loquuntur,
513 2333 542 2393 G
563 2333 694 2393 breviter
716 2355 777 2393 rem
801 2333 959 2412 persolvit3
993 2336 1020 2391 2.
1044 2336 1080 2393 ln
1104 2336 1132 2391 A
1155 2343 1185 2393 et
1209 2336 1229 2392 S
1253 2334 1414 2393 humanum

162 2439 260 2496 genus
283 2418 514 2498 quadrupliciter
536 2420 688 2491 dividitor,
710 2424 742 2480 in
764 2421 793 2480 G
814 2422 972 2500 tripliciter
997 2420 1034 2498 (c.
1058 2418 1128 2499 11.);
1153 2423 1180 2479 3.
1205 2420 1282 2479 idem
1307 2440 1415 2498 genea-

163 2506 245 2583 logia
267 2504 371 2570 docet;
394 2510 423 2564 4.
446 2508 474 2566 G
498 2511 601 2565 miram
625 2507 662 2566 de
685 2509 868 2585 singulamm
905 2518 1102 2567 creaturarum
1126 2507 1325 2567 destinatione
1350 2528 1415 2567 sen·

161 2594 288 2650 tentiam
311 2594 343 2650 in
367 2596 396 2651 A
418 2606 449 2652 et
471 2598 493 2653 n'
515 2604 685 2653 contentam
708 2616 825 2673 prorsus
848 2597 967 2653 omittit.
987 2596 1016 2653 A
1039 2614 1103 2653 esse
1127 2615 1144 2653 a
1168 2597 1188 2653 G
1211 2593 1416 2673 independen-

162 2688 223 2738 tem
255 2681 333 2740 inter
355 2680 415 2738 alia
444 2681 492 2740 his
515 2681 718 2740 demonstrat:
747 2678 780 2761 o)
808 2682 837 2739 A
860 2681 951 2740 habet
981 2682 1022 2753 ,ἒν
1044 2682 1194 2761 πνεύματι
1218 2680 1305 2761 ἁγίῳι
1331 2714 1368 2723 -
1396 2682 1417 2753 S

162 2768 284 2827 omisit:
313 2764 348 2845 β)
370 2768 400 2824 A
422 2767 512 2826 habet
536 2768 798 2848 γενεαλογοῦνται,
829 2770 851 2825 S
874 2770 1056 2846 ,religionem
1079 2788 1161 2827 suam
1185 2766 1302 2827 ducunt‘
1326 2770 1415 2839 vertit

163 2852 205 2931 (r-
230 2855 279 2910 44·
303 2854 388 2931 sno-l·

273 2938 301 2993 G
335 2960 393 2998 non
430 2940 522 2999 solum
555 2951 669 3000 textum
704 2942 879 3018 originalem
914 2941 1109 3010 abbreviavit,
1133 2940 1185 2999 sed
1209 2949 1238 3000 et
1261 2942 1415 3020 apologiae

162 3028 411 3086 constructionem
442 3031 568 3087 mutavit
595 3028 635 3107 (p.
665 3028 738 3105 48.).
772 3029 832 3087 Gur
862 3040 962 3087 autem
993 3029 1049 3087 hoc
1072 3027 1181 3086 factum
1206 3030 1252 3098 sit,
1276 3040 1415 3086 auctore

163 3115 352 3180 narrationis,
374 3115 420 3173 cui
443 3113 580 3193 apologia
603 3124 704 3174 nostra
725 3118 838 3173 inserta
859 3124 912 3185 est,
936 3115 1043 3185 indole,
1067 3114 1191 3173 derivat.
1224 3116 1414 3193 Conscriptor

163 3202 246 3258 enim
278 3203 455 3261 narrationis
486 3222 545 3260 non
574 3222 683 3279 magno
717 3202 830 3261 talento
860 3222 915 3260 uec
945 3202 1103 3280 phantasia
1136 3201 1298 3279 pollens,·e
1322 3204 1413 3261 variis

163 3286 351 3345 documentis
381 3308 466 3347 suum
495 3309 568 3367 opus
595 3289 776 3367 compilarit.
806 3290 890 3348 Inter
920 3289 987 3360 alia,
1018 3308 1084 3347 curn
1107 3287 1318 3347 christianismi
1342 3308 1412 3367 prae

163 3376 337 3451 paganismo
367 3378 560 3435 eminentiam
590 3376 744 3435 ostendere
781 3376 881 3447 vellet,
917 3376 1054 3454 apologia
1091 3374 1233 3433 Aristidis
1268 3394 1335 3433 usus
1370 3384 1415 3433 est

162 3480 289 3539 eamque
312 3460 351 3519 ad
373 3472 464 3520 totum
490 3465 667 3522 narrationis
690 3463 891 3521 characterem
914 3462 1075 3541 adaptavit.
1100 3462 1216 3519 Revera
1238 3470 1336 3519 autem
1359 3462 1412 3520 tali

162 3546 251 3607 modo
274 3550 452 3608 narrationis
475 3560 623 3608 auctorem
645 3551 832 3627 processisse,
854 3549 1050 3619 Krestnilrov,
1068 3549 1186 3625 singula
1208 3546 1413 3627 percurrendo,

163 3633 302 3692 illustrat.

270 3720 334 3778 Iam
346 3723 441 3799 primo
463 3724 560 3800 capite
573 3720 602 3780 G
613 3721 755 3802 attributa
766 3722 824 3781 Dei
848 3724 990 3799 negativa
1006 3741 1071 3780 curn
1084 3740 1184 3779 eorum
1207 3720 1413 3799 philosophica

162 3806 344 3884 probatione,
367 3828 433 3867 cum
455 3808 584 3888 Melior,
609 3811 658 3887 qui
682 3810 759 3868 hanc
793 3809 959 3889 apologiam
995 3828 1093 3866 coram
1123 3806 1316 3867 lndianorum
1345 3826 1413 3885 rege

162 3892 315 3965 recitabat,
339 3894 544 3974 philosophiae
567 3916 692 3972 §aecae
715 3917 833 3975 prorsus
857 3898 976 3973 ignarus
999 3904 1084 3961 esset,
1108 3895 1283 3972 simpliciter
1305 3897 1413 3953 omisit.

162 3979 223 4039 Sed
247 3982 407 4039 maximam
431 3981 638 4053 differentiam,
661 4003 737 4061 quae
760 3986 838 4042 inter
858 3985 896 4054 A,
920 3982 941 4041 S
964 3991 993 4040 et
1016 3982 1044 4040 G
1068 3984 1194 4049 exsistit,
1217 3982 1340 4039 humani
1363 4002 1414 4058 ge-

161 4071 242 4126 neris
264 4070 385 4146 partitio
407 4072 569 4128 constitnit.
614 4068 643 4127 G
665 4080 759 4129 totum
781 4071 934 4129 hominum
965 4089 1058 4147 genna
1082 4072 1113 4126 in
1136 4078 1247 4145 gentes,
1284 4067 1413 4141 iudaeos,

159 4154 347 4226 christianos,
382 4154 503 4229 dividit3
539 4177 556 4214 e
585 4164 688 4215 contra
710 4158 747 4229 A,
782 4159 858 4216 sin
889 4154 1037 4227 barbaros,
1070 4174 1200 4233 graecos,
1237 4154 1357 4213 iudaeos
1384 4163 1414 4213 et

161 4242 349 4301 christianos.
381 4242 524 4301 Hernack
547 4251 577 4301 et
599 4243 766 4302 Hennecke
800 4246 926 4323 primam
961 4242 992 4321 (i.
1015 4264 1041 4301 e.
1067 4242 1225 4318 trifariam)
1253 4244 1413 4318 genuinam

160 4348 227 4388 esse
250 4328 463 4388 contendentes
496 4330 641 4409 triplicem
666 4334 795 4389 maxime
829 4332 974 4389 rationem
998 4340 1123 4406 urgent:
1160 4328 1193 4407 o)
1218 4328 1294 4386 hanc
1321 4329 1412 4387 fuisse
1499 4360 1503 4369 .

157 4418 331 4495 opinionem
347 4418 521 4494 scriptorum
544 4437 619 4477 saec.
636 4412 688 4491 11⁵3
711 4415 745 4496 β)
770 4417 949 4476 divisionem
972 4416 1050 4474 hanc
1072 4416 1139 4475 aliis
1162 4435 1226 4474 esse
1246 4415 1412 4485 clariorem3

162 4502 195 4583 y)
219 4501 369 4581 quodnam
391 4505 431 4561 sit
454 4503 678 4563 fundamentum
705 4505 779 4563 alius
802 4503 969 4575 divisionis,
1004 4514 1100 4561 utrum
1123 4502 1228 4579 religio
1260 4522 1298 4560 an
1322 4504 1412 4573 natio,

158 4608 221 4647 non
243 4599 378 4649 constare
401 4589 441 4668 (p.
465 4593 515 4649 57.
537 4592 622 4670 sqq.).
656 4592 843 4651 Krestnilrov
867 4624 906 4634 -—
931 4593 963 4649 in
986 4610 1131 4667 genere
1155 4590 1210 4647 hac
1232 4591 1265 4647 in
1288 4608 1319 4646 re
1344 4589 1413 4647 See·

159 4675 234 4753 berg
264 4696 390 4754 sequens
415 4712 458 4721 -
480 4677 702 4757 quadruplicem
732 4680 922 4757 partitionem
953 4674 1125 4745 defendens,
1159 4676 1248 4734 hasce
1277 4696 1329 4753 pro
1360 4696 1413 4734 sua

158 4764 300 4842 opinione
332 4766 459 4823 rationes
493 4764 632 4824 adducit:
667 4763 699 4843 o)
733 4769 821 4838 ,ritae
852 4765 991 4823 Barlaam
1022 4773 1052 4821 et
1081 4762 1224 4839 Joasaph‘
1256 4774 1411 4835 auctorem,
