3450 5342
705 406 895 462 -ιιι-

171 594 235 646 Deo
259 598 288 647 et
307 593 571 646 reconciliationem
596 607 662 644 cum
681 608 715 644 eo
733 590 946 657 assequendam
973 589 1050 658 [cum
1071 590 1170 656 poenis
1190 605 1221 643 se
1241 592 1377 655 cogerent
1395 588 1425 641 id

168 665 328 716 obseruare
347 663 545 729 inposterum,
564 662 641 727 quod
659 678 695 714 ex
714 660 893 726 gratitudine
913 676 964 726 pro
983 659 1129 725 baptismo
1139 674 1195 711 non
1215 656 1426 725 observarantl.

170 734 200 785 si
221 748 291 801 ergo
308 733 423 785 animae
443 732 594 799 negotium
614 734 769 796 spectetur,
788 730 894 783 falsum
914 734 958 782 est
977 730 1067 781 fuisse
1085 729 1114 781 in
1128 728 1247 781 meliore
1258 728 1426 781 condicione

172 804 347 868 relabentes,
366 802 562 868 quamprimo
580 801 722 853 labentes.
741 802 851 853 Graves
870 803 967 853 autem
986 800 1113 851 rationes
1132 814 1196 850 esse
1216 801 1357 864 poterant,
1377 812 1427 850 cur

172 872 353 939 poenitentia
377 871 494 937 publica
513 885 570 923 non
590 870 735 922 sineretur
753 870 862 926 iterari,
891 869 1036 929 nimirum,
1065 873 1095 920 ut
1115 868 1294 936 Augustinus
1312 867 1362 934 ait,
1390 882 1427 919 ne

171 942 336 1007 frequentia
355 956 407 993 suu
426 941 591 1005 vilesceret3
610 943 639 992 et
657 940 725 1005 quia
745 954 848 1005 reapse
866 954 939 1005 opus
958 941 1021 991 erat
1039 938 1159 1005 longum
1179 937 1215 1001 (si
1236 938 1339 989 saltem
1353 936 1428 989 ratio

170 1012 317 1063 habeatur
336 1010 410 1077 legis
429 1010 567 1076 scriptae;
586 1010 682 1074 quoad
701 1010 815 1075 praxim
835 1008 914 1060 enim
932 1008 992 1061 fere
1009 1012 1101 1061 totum
1121 1007 1150 1059 in
1169 1006 1288 1059 arbitrio
1299 1005 1426 1072 episcopi

172 1081 301 1147 positum
321 1081 404 1145 erat),
429 1078 614 1140 laboriosum,
633 1078 758 1145 plurima
777 1077 908 1143 exigens,
933 1093 1007 1143 quae
1026 1076 1145 1129 difficile
1164 1078 1200 1129 ab
1220 1076 1355 1128 omnibus
1374 1090 1427 1128 nec

170 1150 294 1215 saepius
312 1149 472 1217 generatim
492 1148 634 1215 praestari
645 1152 788 1213 possent·¹
810 1141 850 1199 Cf.
871 1148 970 1199 Fran
982 1163 996 1199 c
1007 1149 1041 1200 ol
1055 1146 1092 1199 in
1104 1147 1121 1210 i,
1141 1146 1267 1199 Clericus
1277 1146 1426 1199 Romanus

172 1221 193 1273 l.
215 1220 238 1280 1,
256 1219 331 1285 disp.
349 1218 375 1281 5,
392 1233 420 1271 n.
441 1218 474 1270 16
491 1218 567 1286 (Vet.
586 1218 727 1270 ecclesiae
746 1217 907 1281 severitas).
929 1218 1055 1269 Fuure
1074 1216 1103 1267 in
1123 1220 1219 1268 annot.
1239 1216 1277 1268 ad
1297 1230 1318 1267 s.
1330 1216 1428 1283 Augu-

173 1289 244 1341 stini
265 1287 452 1341 Euchiridion
469 1303 498 1339 n.
515 1287 551 1339 61
570 1303 608 1339 ss.

280 1385 325 1436 Ad
345 1383 386 1435 12.
411 1382 485 1435 Leo
503 1383 630 1448 loquitur
648 1382 684 1435 de
703 1381 883 1447 poenitentia
903 1381 1027 1448 publica.
1048 1380 1207 1445 „Nimirum
1227 1396 1292 1433 cum
1312 1380 1340 1433 in
1361 1395 1427 1447 poe-

172 1453 299 1507 nitentia
312 1452 430 1519 publica
444 1452 546 1505 fideles
560 1456 589 1505 et
603 1452 786 1518 potissimum
801 1451 968 1503 sacerdotes
983 1450 1164 1517 imponentes
1178 1464 1297 1502 manum
1310 1450 1428 1503 orarent

173 1539 227 1589 pro
246 1522 463 1589 poenitentibus
476 1536 574 1575 comm
588 1521 734 1574 orationes
749 1520 962 1588 flagitantibus,
981 1536 1037 1572 non
1052 1520 1198 1573 videretur
1213 1522 1310 1572 aulem
1325 1520 1427 1573 decere

173 1593 366 1657 sacerdotem,
393 1591 442 1657 qui
461 1606 514 1657 pro
541 1591 609 1643 aliis
626 1607 662 1643 ex
680 1590 776 1642 officio
795 1594 935 1656 tanquam
962 1589 1105 1642 mediator
1124 1590 1216 1641 Deum
1236 1588 1311 1641 inter
1330 1592 1359 1641 et
1377 1589 1428 1641 ho-

172 1663 271 1715 mines
290 1677 372 1714 orare
391 1662 487 1726 debet,
515 1660 638 1713 aliorum
657 1660 803 1713 orationes
823 1660 852 1711 in
873 1660 988 1726 publico
1007 1658 1148 1712 ecclesiae
1167 1664 1309 1711 conventu
1330 1660 1428 1724 postu-

173 1734 245 1797 lare,
273 1730 350 1797 quod
368 1734 397 1783 et
417 1730 489 1782 illud
509 1730 669 1796 scripturae
688 1729 888 1783 testimonium
908 1729 1019 1793 suadet,
1048 1732 1212 1781 statuerunt
1231 1727 1363 1794 apostoli,
1392 1742 1428 1780 ne

172 1801 343 1854 sacerdotes
362 1800 477 1867 publice
496 1799 706 1866 poenitentiam
725 1798 872 1867 agerenf‘.
901 1797 1087 1863 l’almieri‚
1107 1798 1148 1849 De
1168 1812 1249 1863 poen.
1269 1798 1309 1849 lb.
1328 1796 1353 1861 9,
1373 1796 1428 1863 ΙΙΙ,

172 1868 215 1938 d).
251 1870 352 1937 Pergit
369 1874 468 1922 autem
496 1868 578 1935 Leo,
605 1870 623 1923 l.
642 1884 685 1921 c.:
714 1869 815 1931 „l'nde
836 1867 1002 1920 huiusmodi
1031 1866 1121 1933 lapsis
1140 1866 1177 1919 ad
1207 1866 1428 1932 promerendam

174 1939 406 1992 misericordiam
426 1938 479 1991 Dei
507 1938 674 2004 privata
701 1938 864 2003 expetenda
886 1938 1020 2003 secessi0,
1051 1937 1100 1989 ubi
1122 1936 1180 1989 illis
1203 1936 1372 2001 satisfactio,
1403 1936 1428 1987 si

174 2010 262 2063 fuerit
281 2008 435 2077 condigna,
455 2008 493 2059 sit
512 2008 601 2061 etiam
622 2008 793 2060 fructuosa‘·.

281 2104 335 2171 Qui
354 2103 440 2156 fuerit
457 2119 528 2156 usus
547 2103 583 2157 de
601 2103 715 2156 clericis
733 2102 842 2169 optime
861 2103 945 2155 docet
965 2118 1017 2154 nos
1036 2101 1212 2162 Basilius,
1235 2100 1285 2167 sp.
1305 2101 1341 2153 ad
1361 2100 1429 2152 Arn-

175 2172 365 2240 pbilocbium‚
384 2188 447 2225 can.
466 2172 495 2225 3:
518 2175 668 2238 ,Διάκονος
686 2176 753 2236 μετὰ
769 2176 816 2237 τὴν
833 2175 966 2223 διακονίαν
984 2174 1135 2235 πορνιὺσας,
1155 2172 1300 2235 ἀπόβλητος
1318 2172 1363 2235 μιν
1384 2174 1431 2233 τῆς

173 2246 310 2304 διακονίας
328 2245 416 2293 ἔσται·
435 2246 473 2305 είς
490 2244 518 2292 οὲ
536 2246 580 2293 τὸν
595 2247 646 2293 τῶν
664 2245 767 2293 λαῖκων
785 2243 918 2303 ἀπωσθείς
936 2244 1023 2301 cbaos,
1042 2247 1088 2305 τῆς
1103 2244 1237 2303 κοινωνίας
1256 2242 1305 2292 οὐκ
1323 2240 1430 2304 alogii·

174 2314 466 2377 οὲτοιι..1ιὰτι1ιμχαῑος
484 2314 538 2363 ἐστι
549 2315 636 2363 κανὼν
655 2314 714 2375 τοὺς
733 2314 785 2361 ἀπὸ
804 2312 904 2375 βαθμοῦ
917 2313 1087 2373 πεπτωκότας
1105 2312 1187 2374 coito>
1201 2314 1268 2373 μόνῳ
1287 2314 1323 2373 τῷ
1342 2313 1428 2373 τρόπῳ

171 2389 222 2447 τῆς
244 2384 383 2443 κολάσεως
400 2382 607 2444 ὑποβάλλεοθαι,
637 2382 886 2445 ἀκολουθησάντων,
917 2382 952 2441 ὠς
970 2378 1050 2444 οἶμαι,
1083 2384 1133 2430 τῶν
1152 2382 1180 2440 ἐξ
1200 2382 1282 2444 ἀρχῆς
1305 2386 1340 2442 τῷ
1360 2383 1429 2443 νόμῳ

173 2526 251 2572 τίαν·
282 2523 321 2571 ὅτι
338 2524 362 2572 et
380 2523 426 2585 μὲν
446 2522 474 2571 ἐν
492 2526 528 2585 τῷ
547 2522 636 2585 λαϊκῷ
654 2521 726 2581 ὄντες
744 2525 864 2586 τάγματι,
896 2520 1079 2583 ἐκβεβλημένοι
1097 2524 1142 2570 τοῦ
1160 2523 1239 2570 tirou
1258 2524 1308 2569 τῶν
1328 2523 1429 2580 πιττῶν,

174 2593 257 2641 πάλιν
282 2594 319 2652 εἰς
344 2592 388 2641 τὸν
406 2592 452 2653 ἀφ’
481 2586 512 2641 οὖ
530 2591 652 2649 ἐξέπεσον
678 2595 757 2640 τόπον
776 2590 1018 2652 ἀναλαμβάνονται·
1049 2590 1110 2639 ὁδί
1137 2590 1255 2650 διάκονος
1275 2590 1344 2647 ἅπαξ
1375 2592 1432 2653 ἔχει

173 2665 271 2724 διαρκῆ
290 2662 336 2723 τὴν
353 2662 428 2725 δίκην
440 2665 486 2725 τῆς
504 2661 712 2723 mentesanae.
730 2687 764 2695 -
791 2658 841 2710 Cn.
860 2659 906 2710 32:
925 2660 973 2721 „02
990 2662 1036 2722 τὴν
1055 2662 1118 2722 πρὸς
1136 2659 1251 2708 θάνατον
1270 2655 1315 2724 [cf.
1335 2673 1377 2709 cn.
1396 2656 1431 2709 69

175 2735 204 2783 et
226 2729 271 2796 illl
291 2732 417 2793 ἁμαρτίαν
446 2731 636 2793 ἁμαρτάνοντες
654 2730 778 2793 κληρικοί
795 2734 840 2779 τοῦ
870 2729 969 2791 βαθμοῦ
988 2731 1156 2795 κατάγονται,
1187 2734 1232 2791 τῆς
1251 2731 1385 2789 κοινωνίας
1402 2728 1432 2776 di

174 2805 228 2851 τῶν
247 2801 351 2849 λαίκῶν
369 2801 419 2849 οὐκ
436 2800 601 2866 ἐξείργονται.
620 2799 656 2848 Od
674 2800 726 2865 γὰρ
745 2799 876 2862 ἐκδίκησις
895 2801 930 2859 δίς
950 2801 991 2848 ἐπί
1008 2801 1037 2847 το
1057 2796 1144 2848 αὐ·.ο“.
1165 2797 1204 2849 Cf.
1225 2812 1268 2849 en.
1287 2796 1328 2848 el.
1343 2822 1376 2833 ·-
1390 2795 1431 2849 Cf.

174 2869 268 2922 eliam
297 2868 439 2921 Canon.
467 2871 596 2934 apost.
625 2858 1249 2932 25;26;32;63;64;65;66;69;t0;84.
1322 2866 1453 2919 (³011ss

175 2940 260 3005 Aga
271 2938 427 3002 thense,
446 2953 489 2989 cn.
502 2937 538 2989 50
555 2936 696 2989 decrevit:
716 2936 761 3000 „Si
780 2937 942 3003 episcopus,
962 2937 1112 3003 presbyter
1131 2940 1179 2989 alit
1195 2936 1334 2989 dlaconus
1354 2934 1432 3001 capi·

176 3010 238 3061 tale
264 3007 373 3059 crimen
402 3007 579 3060 commiserit
605 3009 655 3059 aut
683 3007 815 3059 chartam
844 3006 994 3059 falsaverit
1022 3011 1072 3059 aut
1096 3006 1296 3058 testimonium
1325 3005 1431 3057 falsum

174 3076 294 3141 dixerit,
312 3078 350 3128 ab
364 3075 452 3129 officii
471 3076 579 3129 honore
592 3076 743 3141 depositus
763 3075 793 3127 in
807 3075 1016 3128 monasterium
1036 3076 1201 3128 retrudatur
1219 3080 1247 3127 et
1264 3074 1312 3131 lbi,
1332 3088 1432 3139 cruarn-

178 3148 231 3199 diu
250 3145 364 3211 vixerit,
388 3145 492 3199 laicam
513 3146 713 3198 tantummodo
733 3145 964 3197 communionem
984 3145 1134 3210 accipiat“.
1158 3144 1239 3212 Quod
1259 3144 1353 3209 ipsum
1374 3143 1432 3195 lere

179 3217 220 3269 acl
240 3216 360 3267 verbum
380 3215 483 3268 statuit
502 3214 709 3268 Concilium
728 3215 955 3279 Epaunense,
975 3230 1018 3267 cn.
1038 3215 1078 3266 22.
1093 3242 1126 3250 -
1145 3216 1170 3267 S.
1190 3213 1431 3278 Augustinus,

182 3286 226 3338 De
245 3287 324 3350 bapt.
338 3288 439 3337 contra
457 3285 570 3347 Donat,
588 3286 606 3335 1.
621 3284 644 3343 1,
663 3289 759 3336 monet
780 3300 838 3337 non
857 3284 1042 3337 consuevisse
1062 3284 1214 3335 ecclesiam
1234 3283 1375 3335 ordinatis
1395 3282 1432 3334 ad

181 3354 338 3406 ecclesiam
347 3354 536 3406 redeuntibus
549 3369 653 3406 manus
664 3351 811 3418 imponere
822 3354 896 3405 inter
908 3352 1004 3413 laicos,
1020 3354 1142 3406 innuens
1154 3352 1304 3419 impositas
1316 3352 1433 3417 quidem

181 3439 289 3476 manus
308 3423 406 3489 fuisse,
424 3424 476 3475 sed
494 3424 592 3489 procul
612 3439 629 3475 a
649 3422 732 3475 laicis
751 3427 779 3475 et
799 3422 827 3474 in
848 3425 909 3475 loco
929 3427 1047 3475 secreto.
1078 3422 1216 3475 Similiter
1237 3422 1398 3473 lsldoru
1411 3437 1433 3487 s,

183 3494 227 3546 De
245 3492 453 3546 ecclesiasticis
471 3492 584 3552 officiis,
604 3492 660 3553 12,
680 3491 734 3544 eo
752 3507 844 3558 agens
863 3493 899 3543 de
919 3493 1087 3545 clericorum
1104 3492 1298 3555 laicorumque
1318 3491 1434 3543 diversa

184 3562 378 3629 poenitentia:
405 3564 446 3627 „A
466 3561 666 3614 sacerdotibus
685 3564 714 3613 et
734 3561 838 3626 levitis,
858 3561 960 3627 inquit,
979 3562 1039 3613 Deo
1058 3564 1171 3613 tanturn
1191 3565 1265 3613 teste
1284 3560 1316 3612 fit
1337 3558 1434 3625 troent-

182 3632 286 3697 tentia‚
314 3647 332 3683 a
351 3631 455 3684 ceteris
482 3646 550 3683 vero
569 3632 706 3683 adstante
733 3646 831 3683 coram
849 3631 909 3683 Deo
932 3630 1110 3683 sollemniter
1130 3632 1304 3683 sacerdote‘·.
1342 3630 1381 3681 t'f.
1402 3628 1433 3681 B.

184 3700 441 3823 {angelinus
461 3700 589 3754 Clericus
604 3696 774 3752 Romanus²
793 3699 963 3767 (Augustae,
983 3700 1157 3752 Vindelicor.
1177 3700 1265 3762 1796),
1286 3701 1301 3751 l.
1317 3697 1340 3765 1,
1360 3698 1434 3764 disp.

205 3810 212 3836 ,
230 3786 257 3823 n.
297 3811 302 3822 .

289 3868 327 3925 V.
349 3888 377 3945 p.
400 3866 479 3924 lfsns
502 3887 555 3945 per
576 3876 668 3924 tutam
691 3867 847 3924 ecclesiam
872 3869 1062 3925 inveteratus.

291 3987 363 4038 Dub.
383 3986 407 4038 1.
425 3987 508 4038 Solus
527 3987 604 4039 Deus
618 3991 713 4053 potest
731 3986 879 4039 dimittere
892 3991 1019 4053 peccata,
1040 3987 1173 4039 sacerdos
1187 3988 1300 4038 tantum
1318 4000 1434 4050 proelias.

187 4056 248 4109 Hoc
276 4056 358 4108 docet
388 4055 565 4108 Albertus
592 4058 629 4108 bl.
655 4057 685 4108 in
703 4058 721 4109 l.
739 4056 765 4108 4.
784 4057 850 4109 dist.
871 4056 912 4113 18.
931 4072 956 4109 a.
976 4056 1011 4107 5:
1030 4056 1215 4117 „Dicendum
1244 4056 1320 4121 quod
1348 4056 1434 4107 horno

187 4140 244 4177 non
263 4125 386 4178 remittit
413 4131 564 4189 peccatum
582 4141 618 4177 ex
636 4133 718 4192 parte
738 4127 849 4191 culpae,
876 4126 1015 4191 quiahoc
1044 4126 1161 4177 sollus
1182 4125 1232 4177 llei
1252 4132 1296 4177 est
1324 4124 1436 4191 facere3

187 4194 240 4246 sed
259 4210 311 4260 per
335 4193 529 4247 ministerium
555 4210 638 4246 suum
667 4194 825 4247 remittitur
843 4196 869 4247 ei
888 4211 955 4261 pars
975 4208 1092 4260 poenae,
1120 4195 1292 4260 quandoque
1313 4195 1340 4245 in
1361 4198 1436 4261 actu,

189 4265 363 4329 (quandoque
381 4264 470 4315 etiam
490 4266 572 4316 clave
591 4265 749 4317 exsistente
770 4264 798 4316 in
816 4269 891 4322 voto,
911 4272 938 4317 et
958 4265 1011 4317 boe
1031 4265 1137 4316 virtute
1156 4264 1300 4329 passionis
1320 4263 1436 4332 Christi,

189 4337 328 4398 quaeest
352 4333 382 4384 in
401 4333 540 4392 clavibus,
559 4336 587 4386 et
606 4350 663 4385 non
690 4334 796 4386 virtute
823 4335 975 4386 ministri.
996 4374 1001 4385 .
1022 4374 1027 4385 .
1049 4334 1092 4385 Ad
1120 4333 1182 4390 hoc,
1211 4334 1286 4398 «pund
1313 4333 1438 4385 obicitur

190 4403 226 4454 de
254 4403 369 4466 loanne,
397 4403 561 4462 dicendum,
587 4404 665 4468 quod
692 4402 866 4471 intelligitur
892 4405 928 4455 de
957 4403 1126 4455 remissione
1154 4404 1263 4468 peccati
1293 4418 1327 4454 ex
1355 4406 1437 4469 parte

191 4472 326 4537 poenae.“
353 4470 425 4523 lbid.
453 4477 506 4525 art.
535 4472 569 4524 i:
597 4473 766 4532 Dicendum,
797 4473 873 4537 ‹luod
907 4473 1041 4524 sacerdos
1072 4488 1128 4523 non
1159 4476 1253 4537 potest
1287 4473 1437 4524 absolvere

188 4556 208 4593 a
225 4542 311 4607 culpa
329 4545 359 4593 et
377 4556 470 4607 poena
489 4544 625 4608 aeterna;
643 4542 677 4593 cf.
696 4557 721 4593 a.
739 4541 764 4593 9.
779 4542 890 4593 Similia
905 4543 1009 4595 docent
1029 4542 1132 4609 Hugo
1151 4542 1375 4607 Victorinus
1395 4541 1437 4593 De

189 4610 381 4663 sacramentis
399 4612 417 4663 l.
436 4610 461 4675 1,
479 4626 507 4677 p.
526 4611 566 4676 14,
585 4627 608 4662 c.
628 4610 653 4662 s.
672 4612 881 4663 Richardus
907 4612 948 4663 de
974 4627 995 4663 s.
1021 4610 1178 4671 Victore,
1206 4612 1246 4663 lle
1265 4614 1366 4677 potest.
1387 4611 1435 4679 lig.

188 4682 278 4746 atque
297 4680 367 4732 solu.
386 4696 413 4746 p.
424 4680 448 4744 1,
467 4696 489 4732 c.
505 4680 544 4732 12.
565 4680 603 4732 Cf.
623 4680 778 4747 bledina,
798 4681 839 4731 lle
857 4681 964 4746 poeuit.
983 4686 1064 4733 tract.
1084 4680 1108 4742 2,
1128 4696 1173 4745 qu.
1194 4680 1230 4733 de
1250 4680 1294 4732 eff.
1314 4682 1437 4734 absolut.
