3450 5342
677 350 848 406 ..21-

246 531 411 587 Praeterea
430 531 496 587 tere
515 532 547 587 in
560 531 701 602 quolibet
719 547 766 588 nr.
785 533 824 588 de
838 530 1032 589 orationibus
1046 533 1202 604 religiosis
1215 549 1251 590 ac
1270 535 1385 590 theolo-

127 600 214 670 gicis
235 600 377 670 publicis,
398 601 437 656 de
457 601 687 670 praedicatione
712 601 801 658 verbi
821 601 921 658 divini
948 601 987 658 de
1006 603 1189 659 oratoribus
1207 619 1243 659 ac
1263 602 1387 659 missio-

136 668 233 724 nariis
256 668 564 740 ›peregrinantibus‹
585 677 617 727 et
630 671 786 728 similibus
801 671 976 742 exponitur,
1019 687 1077 728 uae
1096 673 1275 738 ostendunt,
1294 690 1387 744 quae

136 738 272 794 ationem
293 740 332 794 de
352 740 583 809 praedicatione
597 741 686 796 verbi
705 741 803 796 divini
824 741 921 796 variis
936 757 988 796 mo
1010 756 1047 809 rs,
1068 742 1165 798 variis
1184 759 1289 799 coram
1302 744 1391 798 audi·

134 808 269 874 toribus,
289 823 372 864 nuno
392 808 423 864 in
445 809 590 880 Bulgaria
609 825 679 866 esse
705 810 896 866 »actualem«.
1266 809 1299 868 o.
1319 813 1354 868 R.

615 1001 904 1080 CROATICA.

242 1181 294 1248 Ic.
323 1181 482 1261 Thalete,
503 1183 686 1252 Statonsto
704 1184 898 1272 BopoalotJe
915 1203 934 1252 ιι
951 1185 1139 1272 Hrvatstoj.
1158 1189 1272 1268 zagreb
1291 1192 1383 1248 leot.

133 1297 161 1352 p.
188 1277 261 1332 124.
286 1270 449 1350 (Historia
472 1271 626 1356 ttturpiae
649 1271 799 1341 slavicae
824 1273 854 1341 io
879 1271 1040 1355 croatia).

241 1360 327 1436 Quae
349 1359 462 1420 duobus
485 1361 587 1439 primis
610 1361 755 1440 capitibus
779 1373 973 1440 exponuntur,
996 1383 1075 1421 nova
1097 1384 1156 1421 non
1179 1372 1247 1422 sunt
1270 1363 1384 1422 neceb

134 1451 199 1526 ipso
234 1460 354 1506 auctore
384 1449 545 1526 explorata.
576 1450 685 1526 Agitur
707 1449 748 1506 ibi
772 1449 809 1507 de
832 1471 869 1508 ss.
893 1449 1008 1528 Cyrillo
1042 1463 1071 1508 et
1100 1449 1253 1509 Methodio
1287 1449 1383 1529 (cuius

133 1538 227 1594 vitam
258 1555 277 1592 a
306 1533 441 1593 Gorazdo
475 1538 671 1614 conscriptam
705 1557 769 1594 esse
792 1537 922 1614 ponitur)
953 1547 983 1596 et
1016 1537 1053 1595 da
1086 1537 1211 1596 historia
1243 1536 1383 1615 liturgiae

134 1622 268 1681 slavicae
291 1623 322 1680 in
346 1621 467 1680 Oroatia
490 1624 635 1681 universa.
667 1623 770 1682 'l'ertio
797 1625 894 1702 eapite
916 1623 1040 1682 'l‘kaleic
1071 1626 1193 1702 exponit
1228 1623 1382 1683 historiam

132 1709 268 1768 eiusdem
301 1709 438 1786 liturgiae
461 1711 492 1766 in
515 1708 641 1768 dioecesi
674 1709 876 1788 Zagrabiensi.
908 1711 978 1768 lloh
1001 1710 1174 1781 Bohamum,
1197 1713 1247 1789 qui
1270 1714 1383 1789 primus

131 1798 290 1874 episcopus
313 1795 368 1853 fuit
391 1806 549 1855 renovatae
564 1817 583 1854 a
599 1795 738 1856 ladislao
754 1819 822 1874 iege
839 1798 877 1874 (a.
896 1799 991 1878 1003)
1007 1796 1150 1856 dioecesis
1173 1797 1382 1875 Zagrabiensis

131 1903 192 1952 seu,
217 1895 249 1942 ut
273 1893 361 1941 antea
395 1882 564 1951 vocabatur,
598 1886 769 1956 disaccuso,
803 1885 980 1943 monachum
1015 1893 1084 1943 aute
1118 1885 1209 1944 fuisso
1242 1883 1314 1943 dicit
1343 1884 1382 1944 ad

132 1973 281 2028 Saaavam
306 1972 336 2027 in
360 1969 518 2037 Bohemia;
543 1969 621 2029 unde
645 1991 711 2030 eum
735 1993 753 2030 a
776 1971 944 2051 b'pytihubv
967 1973 1100 2050 principe
1123 1988 1154 2035 ta
1179 1971 1273 2048 1055)
1298 1973 1346 2030 vol
1362 1993 1381 2030 a

136 2057 285 2116 Biatislav
309 2057 347 2114 ll.
371 2056 408 2134 (a.
434 2057 529 2132 1092)
563 2076 629 2116 cuin
663 2059 730 2116 aliis
764 2058 917 2116 monachis
950 2059 1105 2136 expulsum
1139 2080 1203 2117 esse
1237 2059 1269 2116 in
1295 2058 1379 2118 Hun-

132 2145 258 2220 gariam.
275 2143 438 2220 Liturgiam
462 2143 604 2202 slavicam
620 2147 650 2202 iu
669 2146 723 2203 hac
739 2145 866 2204 dioecesi
890 2145 940 2203 diu
957 2145 1092 2204 floruisse
1114 2143 1271 2224 (usquead
1286 2147 1381 2223 1743)

132 2231 320 2289 documentis
342 2233 430 2289 certis
453 2229 643 2292 demonstrat.

242 2317 356 2394 Quane
389 2319 485 2395 capite
519 2331 618 2377 namet
641 2317 677 2377 de
704 2317 860 2378 desideriis
883 2329 912 2376 st
935 2319 1089 2378 conatibus
1123 2318 1323 2377 restituendae
1347 2321 1379 2378 in

132 2405 255 2464 Creatia
286 2405 422 2478 liturgiae
456 2404 593 2463 slavicae.
629 2407 764 2484 Denique
799 2409 902 2484 quinto
924 2408 1022 2484 capite
1055 2407 1118 2484 agit
1139 2405 1177 2464 de
1199 2405 1380 2483 glagoliticis

133 2492 216 2552 libris
239 2494 394 2568 liturgicis.
418 2491 601 2570 Appendicis
617 2495 710 2551 instar
726 2491 809 2550 addit
825 2492 954 2550 indicem
968 2491 1142 2571 oppidorum
1159 2492 1383 2571 parochiarum,

133 2581 263 2638 locorum
288 2581 318 2636 in
334 2577 461 2637 dioecesi
485 2577 686 2655 Zagrabiensi,
710 2578 759 2637 ubi
779 2579 900 2656 liturgia
922 2580 1035 2638 slavica
1057 2579 1160 2656 lingua
1177 2578 1381 2658 peragebatur.

1297 2661 1340 2728 A.

219 2801 310 2884 tostp
320 2799 407 2886 turaj
419 2799 666 2886 Strosamayer,
682 2799 797 2886 bistrup
809 2799 1184 2886 bosonem-dialeucon
1198 2800 1383 2869 isrtomskl.

127 2887 210 2956 ¹doti.
250 2888 486 2956 taso-taoo.
512 2886 693 2975 rosveeuje
728 2904 779 2955 mu
810 2886 1012 2956 castenetto
1044 2887 1053 2955 i
1083 2888 1182 2956 stato
1214 2887 1382 2974 prtpodom

133 2976 271 3062 njepote
295 2973 633 3062 petissetpodiinjtce
651 2975 888 3061 biskupovaoja
905 2993 925 3042 ιι
943 2975 1084 3061 tijatovo
1108 2975 1140 3042 8.
1157 2973 1253 3058 ruina
1283 2973 1382 3043 tsoo.

136 3065 160 3121 t'
185 3065 321 3143 zagrebu
348 3065 568 3124 leoli-1904.
591 3065 686 3124 'lisak
709 3065 856 3124 Dionieke
881 3065 1001 3123 tiskare.
1025 3099 1063 3107 -
1089 3059 1289 3146 (Joscplrus
1317 3058 1382 3127 Ge

134 3149 268 3232 Orqt'tts
286 3145 550 3231 Sirossmayer,
576 3154 730 3231 episcopus
753 3151 928 3221 boemensis,
951 3151 1138 3210 diacovonsis
1161 3161 1191 3209 et
1212 3153 1384 3210 sriemensis

137 3250 144 3308 t
153 3241 387 3316 1850---1900),
424 3238 551 3297 Dedicat
581 3241 606 3296 ei
638 3239 732 3298 clerus
766 3250 795 3296 et
828 3239 952 3318 populus
983 3240 1136 3296 occasione
1166 3241 1230 3296 eins
1260 3237 1382 3296 iubilaei

133 3327 353 3405 quinquaginta
384 3345 525 3384 annorum
557 3329 742 3404 episcopatus
775 3326 910 3384 lliacovii
944 3329 971 3383 e.
1002 3324 1177 3402 septembris
1203 3326 1294 3383 1900.
1329 3324 1385 3382 Za-

138 3413 258 3488 grabiae
278 3413 498 3472 lette-teet.
521 3413 617 3498 'l'ypis
632 3415 782 3472 societatis
798 3412 1050 3492 typographicae.)
1067 3413 1146 3488 Mag.
1162 3407 1207 3483 4⁰,
1224 3411 1381 3480 965†XI

137 3519 201 3576 pag.
226 3503 303 3560 Cum
326 3499 524 3578 compluribus
547 3499 735 3576 imaginibus.

241 3591 450 3665 b'trossmayer,
488 3587 641 3665 episcopus
675 3586 882 3656 diaooviensis‚
913 3588 962 3663 qni
995 3590 1022 3645 e.
1053 3585 1156 3662 aprilis
1190 3585 1272 3642 1905
1303 3583 1383 3642 diem

137 3693 303 3750 supremum
327 3674 374 3751 pie
398 3671 478 3750 obiit,
495 3672 532 3731 de
562 3672 688 3732 dioecesi
720 3693 835 3732 necnon
858 3671 895 3730 de
926 3674 1021 3750 patria
1050 3691 1103 3730 sua
1125 3674 1234 3750 optimc
1268 3673 1382 3741 meruit,

134 3758 215 3836 «quod
245 3781 279 3818 ee
311 3760 425 3818 tacilius
448 3763 475 3818 ei
499 3769 569 3829 erat,
599 3780 664 3818 cum
695 3781 746 3838 per
777 3763 817 3816 55
841 3779 934 3817 aranos
957 3757 1056 3817 sedem
1079 3757 1276 3837 episcopalem
1300 3767 1384 3816 tenu·

134 3847 201 3917 erit,
235 3859 322 3926 atque
357 3849 475 3924 egregio
505 3849 609 3926 spiritu
643 3847 780 3924 religioso
806 3858 836 3904 et
862 3846 1062 3904 ecclesiastico
1091 3865 1207 3903 necnon
1235 3843 1384 3903 sufficien-

140 3932 215 3991 tibus
238 3933 427 3992 l'acultatibus
443 3933 644 3992 materialibus
666 3934 815 4012 praeditus
832 3933 927 3990 luerit.
943 3931 1120 3990 Gratissimo
1135 3930 1223 3989 corde
1241 3931 1335 3990 eleros
1352 3941 1384 3990 ot

139 4022 260 4097 populus
290 4020 433 4079 beneficia
471 4023 602 4099 episcopi
632 4023 675 4078 sui
707 4022 829 4098 agnovit
852 4032 881 4078 et
905 4018 978 4076 libro
1012 4019 1161 4097 praesenti
1190 4028 1262 4077 tunc
1291 4037 1385 4097 usque

139 4107 289 4166 viventem
313 4109 441 4166 maxime
464 4107 629 4167 honoravit.

243 4194 333 4253 Liber
361 4197 393 4252 in
422 4203 481 4253 tres
504 4205 602 4273 partes
632 4193 745 4252 divisus
768 4203 829 4251 est:
863 4193 884 4249 l.
907 4191 945 4250 de
968 4193 1179 4271 Strossmayeri
1203 4193 1383 4268 episcopatu,

142 4277 179 4336 ΙΙ.
202 4279 237 4338 de
261 4271 323 4340 eins
353 4283 416 4340 vita
438 4281 556 4360 publiea
590 4279 687 4360 quoad
717 4280 855 4359 populum
889 4280 1049 4337 croaticum
1071 4288 1101 4336 et
1124 4278 1237 4350 Slavos,
1268 4278 1324 4337 ΙΙΙ.
1347 4275 1385 4335 de

136 4367 202 4424 eius
210 4367 464 4428 administratione
476 4368 617 4426 bonorum
632 4367 845 4446 temporalium.
861 4364 911 4424 Ad
926 4386 979 4423 nos
989 4366 1120 4423 maxima
1131 4366 1260 4443 pertinet
1272 4383 1340 4441 pars
1353 4363 1385 4435 L,

138 4469 214 4528 quae
236 4459 390 4534 sequentia
419 4455 547 4534 capitula
582 4453 688 4513 habet:
721 4459 747 4514 1.
779 4453 850 4510 Vita
872 4454 1001 4531 episcopi
1032 4449 1103 4510 inde
1132 4470 1150 4509 a
1186 4452 1313 4530 pueritia
1344 4483 1384 4492 —

140 4539 171 4595 2.
201 4539 388 4600 Consecratio
422 4543 606 4621 episcopalis,
638 4543 665 4602 3.
695 4541 909 4600 Inthrenisatio
932 4539 1071 4597 Diacovii
1094 4538 1157 4616 (29.
1180 4535 1387 4616 semptembris

146 4627 246 4706 1850),
277 4633 304 4690 4.
336 4629 500 4708 Episcopus
534 4631 576 4687 uti
611 4627 745 4688 sacerdos
779 4647 912 4706 magnus,
948 4629 975 4684 5.
1010 4624 1213 4684 Fundationes
1247 4625 1389 4702 episcopi.
