3450 5342
859 377 896 385 —
924 345 983 400 334
1012 377 1049 385 -

335 538 422 594 l'cctio
445 538 515 597 eius,
540 538 568 591 ri
586 537 668 591 errius
691 547 734 591 cst
751 533 858 591 bonum
883 533 1033 591 sufficiens
1056 531 1092 589 ad
1117 531 1264 589 beandum
1283 553 1343 589 iios
1368 546 1405 588 et
1434 530 1531 586 beans
1552 550 1593 584 me

334 634 408 687 actu,
433 621 518 680 modo
543 643 578 679 nc
602 620 752 695 desimus).
777 624 850 677 Sunt
874 621 923 697 qui
949 619 1107 697 perfectam
1132 620 1286 677 caritatem
1314 639 1382 675 nen
1412 615 1526 674 haberi
1546 619 1592 672 nisi

335 729 410 786 quae
434 707 471 765 ad
495 708 637 767 attributa
668 707 801 765 absoluta
826 706 873 763 rel
904 704 942 763 ad
965 708 1123 764 essentiam
1152 705 1287 762 divinam
1315 707 1484 763 referatur
1506 706 1595 760 existi-

335 807 424 865 ment,
454 794 528 853 duce
562 796 665 853 liuns
696 798 818 862 Scoto,
851 796 901 871 qui
926 793 998 851 hoec
1029 792 1118 851 tradit
1149 791 1197 871 (ln
1226 792 1244 848 l.
1270 795 1298 857 3,
1335 792 1366 849 d.
1407 794 1466 853 27,
1497 811 1526 846 n
1554 792 1595 844 ir:

340 883 494 940 „Potentia
518 884 677 959 respiciens
707 879 826 959 aliquod
850 879 995 938 obiectum
1027 901 1187 947 commune,
1218 881 1283 936 sire
1317 881 1353 936 in
1386 881 1520 936 ratione
1543 898 1591 933 me

335 972 388 1026 tiri
413 972 476 1027 sire
501 971 530 1026 in
555 971 667 1025 rationo
698 969 824 1028 termini.
855 987 914 1025 non
937 980 1032 1045 potest
1064 968 1277 1044 perfectissime
1309 968 1459 1043 quietari
1495 967 1596 1021 nisi'm

336 1078 371 1114 eo
394 1056 463 1116 solo.
495 1058 524 1113 in
548 1076 606 1132 spuo
628 1069 671 1113 est
696 1056 909 1133 perfectissima
933 1056 1007 1111 ratio
1030 1053 1136 1111 obiecti
1160 1052 1336 1130 adaequatic
1372 1055 1486 1110 omnis
1511 1067 1597 1108 autem

336 1145 467 1222 potentia
498 1142 682 1200 intellectiva
714 1154 742 1199 et
767 1142 891 1199 relitiva
921 1143 1040 1219 respicit
1062 1162 1114 1219 pro
1137 1139 1250 1198 obiecto
1284 1139 1476 1217 adaequate
1509 1143 1598 1195 termi-

337 1242 426 1289 nante
450 1242 541 1288 totum
565 1250 617 1287 ens
635 1228 794 1304 lsententia
810 1227 983 1306 scotistiea];
1007 1231 1096 1304 igitur
1112 1230 1142 1285 in
1160 1227 1240 1285 nulla
1256 1238 1379 1296 natura,
1407 1230 1485 1284 sire
1509 1242 1597 1282 ercan

336 1319 399 1374 sire
423 1320 554 1373 increata
583 1327 677 1392 potest
701 1317 830 1393 perfecte
853 1318 987 1393 quietari,
1018 1317 1075 1373 nisi
1098 1316 1130 1372 in
1155 1314 1212 1374 illa
1236 1315 1267 1371 in
1292 1335 1357 1392 qua
1391 1328 1445 1371 est
1473 1313 1597 1391 perfecte

338 1407 410 1460 ratio
434 1405 579 1461 entitatis:
603 1403 661 1459 talc
685 1416 782 1460 autern
807 1412 849 1459 cst
874 1402 966 1460 solum
990 1423 1043 1459 ens
1066 1404 1199 1479 primum.
1223 1422 1297 1459 non
1331 1401 1409 1459 sub
1439 1404 1597 1458 ratione

337 1491 473 1568 aliqua
497 1489 643 1546 relatis·
653 1512 678 1547 a.
702 1489 753 1546 sed
778 1488 831 1546 sub
855 1491 975 1552 ratione,
999 1499 1121 1566 quaest
1144 1488 1200 1545 hoc
1223 1493 1308 1545 eus‘.
1334 1491 1443 1545 Amor
1470 1489 1534 1547 ille,
1556 1493 1596 1562 qm

337 1599 373 1634 ex
405 1575 608 1633 attributorum
641 1576 829 1634 relativorum
856 1574 1091 1633 consideratione
1118 1577 1216 1642 oritur,
1251 1596 1336 1632 amur
1362 1588 1480 1651 gratus
1507 1576 1598 1630 vorsu

338 1664 422 1721 solet:
447 1665 496 1741 qni
513 1662 550 1720 ab
567 1673 633 1720 actu
650 1663 749 1721 elicito
764 1661 962 1738 gratitudinis,
979 1663 1095 1718 virtutis
1111 1662 1238 1726 moralis,
1261 1660 1357 1738 probe
1375 1660 1598 1719 discernendos

337 1762 389 1810 cst.
418 1750 587 1822 ,Beneficia
610 1770 668 1807 non
693 1761 759 1807 snut
783 1751 931 1826 proprium
962 1750 1103 1806 motivum
1127 1751 1242 1817 amoris,
1274 1747 1329 1805 sed
1357 1765 1499 1808 causant
1524 1747 1597 1804 debi-

337 1851 398 1895 tum
433 1835 613 1914 rependendi
647 1856 775 1894 amorem
810 1835 1004 1904 benefactori;
1038 1833 1206 1910 diligendus
1241 1837 1321 1892 enirn
1358 1848 1410 1893 est
1445 1836 1488 1893 ob
1521 1855 1594 1891 suam
1666 1828 1667 1855 ³

337 1924 498 1982 bonitatem
532 1935 630 1981 tantus
664 1923 841 1990 benefactor,
875 1922 1076 2000 beneficiaque
1106 1923 1237 1997 exigunt,
1267 1931 1298 1978 ut
1335 1942 1486 1979 amemus
1522 1923 1594 1977 illum

337 2021 455 2089 propter
484 2033 523 2067 se.
557 2009 716 2068 (iratitudo
747 2013 845 2087 itaque
874 2030 944 2086 erga
967 2010 1062 2067 Deum
1087 2011 1211 2086 imperat
1241 2029 1377 2065 amorem
1411 2007 1592 2067 eliciendum

337 2097 374 2154 eb
398 2099 557 2155 increatam
581 2095 751 2155 bonitatem.
775 2096 888 2172 Quodsi
913 2096 1134 2155 considerentur
1158 2116 1214 2153 nou
1238 2104 1297 2153 tam
1323 2095 1488 2153 beneficia
1513 2114 1592 2173 quum

339 2184 455 2242 bonitas
478 2195 561 2241 tanta
579 2183 799 2253 benefacientia,
824 2187 882 2241 iarn
899 2205 957 2241 non
981 2187 1039 2241 itur
1052 2194 1136 2240 extra
1158 2183 1319 2240 increatam
1337 2181 1519 2242 bonitatem
1537 2183 1593 2239 tm.

339 2292 413 2349 quae
437 2282 479 2327 est
504 2273 646 2328 motivum
670 2273 807 2329 ameris&
832 2270 996 2332 Herinclcx,
1021 2270 1066 2326 De
1090 2272 1171 2327 curit.
1194 2289 1222 2346 q.
1246 2272 1273 2335 ti,
1296 2291 1325 2326 n.
1350 2269 1407 2327 39.

443 2358 516 2415 Cum
541 2357 596 2415 lroc
619 2378 717 2415 amore
739 2357 964 2415 benevolentiae
988 2359 1109 2415 minime
1132 2369 1251 2433 pugnat,
1283 2356 1362 2434 equod
1390 2358 1431 2414 ad
1461 2375 1591 2416 naturam

339 2446 467 2501 cuiusvis
491 2446 682 2521 appetitionis
706 2447 841 2522 pertinet,
873 2454 903 2501 ut
926 2443 1033 2501 bouum
1057 2446 1155 2521 appeti
1181 2463 1238 2501 nou
1262 2446 1355 2521 possit
1382 2448 1446 2502 nisi
1476 2461 1507 2502 nt
1532 2464 1591 2500 cou-

340 2533 462 2588 veniens
486 2534 540 2608 ipsi
558 2534 722 2609 appetenti;
747 2533 886 2606 utigitur
908 2540 937 2587 et
952 2531 1038 2588 huius
1061 2533 1168 2588 ameris
1184 2528 1414 2588 fundamentum
1443 2534 1498 2590 sit.
1522 2529 1589 2607 quod

339 2618 420 2675 treus
444 2619 523 2694 (finis
546 2620 592 2675 eui
623 2630 650 2674 et
675 2619 739 2695 qm)
768 2627 813 2675 est
841 2628 958 2676 nostrae
988 2617 1148 2675 voluntatis
1171 2616 1279 2674 bonum
1311 2626 1342 2674 et
1372 2618 1435 2675 Dei
1477 2619 1589 2676 dileetio

339 2704 424 2762 nobis
447 2706 636 2762 conveniens.
665 2705 766 2775 ¹„llaec
789 2716 833 2762 est
850 2707 930 2762 enim
947 2716 1051 2762 nutura
1075 2704 1242 2767 voluntatis,
1266 2717 1297 2761 ut
1314 2726 1374 2762 non
1401 2707 1518 2764 tendat
1540 2707 1588 2762 nis}

339 2795 370 2848 in
395 2791 514 2863 beuumg
538 2791 589 2848 sed
613 2794 638 2848 si
661 2791 806 2849 obiectum
830 2789 950 2869 aliquod
976 2812 1033 2849 non
1057 2790 1146 2849 habet
1166 2801 1299 2867 respectu
1322 2793 1419 2868 ipsius
1444 2798 1587 2851 rationem

340 2877 417 2947 boni,
442 2877 562 2954 perinde
586 2890 629 2936 est
647 2880 711 2955 ipsi,
735 2880 794 2935 acsi
819 2898 877 2936 non
902 2890 978 2936 essct
1001 2877 1118 2935 benum.
1141 2876 1265 2955 Oportet
1280 2898 1358 2955 ergo.
1382 2894 1416 2936 ut
1433 2880 1588 2938 obiectum.

340 2962 418 3041 (pared
441 2964 577 3022 voluntas
593 2976 679 3026 amat,
704 2968 742 3022 sit
758 2965 865 3024 bunum
882 2964 1035 3034 voluntati,
1052 2964 1106 3021 lroc
1128 2974 1173 3022 est
1188 2966 1226 3022 sit
1249 2965 1348 3041 aliquo
1372 2967 1466 3025 modo
1487 2968 1587 3026 bonnm

340 3071 431 3121 suurn,
456 3050 492 3107 ad
516 3053 609 3128 ipsam
635 3073 739 3129 nempe
763 3062 908 3129 spectans,
931 3051 1097 3129 bonumque
1121 3052 1166 3122 sit,
1196 3053 1277 3109 cuius
1300 3051 1424 3110 dilectio
1449 3059 1496 3112 sit
1520 3056 1586 3110 bom

340 3138 494 3195 voluntati.
522 3172 565 3180 -
597 3138 704 3196 Verum
728 3138 808 3196 aliud
839 3149 884 3196 est
914 3137 1060 3197 obiectum
1083 3158 1147 3196 esse
1177 3137 1285 3195 bouum
1317 3139 1481 3212 voluntati,
1516 3138 1586 3199 aliud

340 3225 425 3301 diligi
449 3246 466 3282 a
490 3225 641 3283 voluntate
663 3246 705 3285 eu.
730 3225 806 3303 quod
830 3235 875 3283 est
898 3225 954 3283 sibi
978 3225 1112 3286 bouum.“
1139 3224 1340 3294 Palmieri,
1365 3226 1413 3283 De
1438 3249 1532 3304 poen.
1553 3227 1586 3282 th.

342 3316 390 3379 ⁸22,
415 3333 442 3369 n.
467 3312 502 3368 V.
527 3313 588 3369 Nec
612 3313 702 3369 selam
727 3311 930 3370 condicionem
954 3332 1019 3370 esse
1042 3312 1119 3369 hane
1141 3313 1381 3369 convenientiam
1406 3334 1476 3370 eum
1506 3335 1587 3392 appe

341 3409 421 3456 tcnte
445 3420 495 3455 seu
523 3400 661 3456 unionem
695 3401 771 3457 inter
801 3400 983 3457 voluntatem
1015 3410 1161 3457 amantem
1192 3410 1222 3457 et
1245 3399 1332 3456 finem
1356 3401 1413 3470 cui,
1445 3401 1505 3457 sed
1532 3421 1586 3458 eam

341 3507 441 3543 rerum
473 3487 694 3543 constitutivum
726 3485 832 3544 obiecti
865 3486 996 3544 formalis
1024 3488 1132 3543 ameris
1163 3488 1267 3555 omnis,
1300 3505 1395 3563 neque
1424 3485 1463 3542 ab
1493 3508 1586 3545 amere

341 3593 412 3650 puro
435 3572 564 3630 alienum
588 3592 652 3629 esse
675 3572 871 3631 concedimus.
906 3572 999 3631 Aliud
1028 3575 1107 3631 enim
1138 3583 1183 3630 est
1205 3592 1303 3630 amare
1327 3571 1459 3651 aliquem
1485 3576 1542 3644 ita,
1563 3590 1585 3629 ut

341 3661 504 3737 amanslsit
528 3659 595 3716 finis
612 3662 666 3731 cui,
690 3658 771 3717 uliud
787 3662 836 3731 ita,
859 3668 890 3718 ut
913 3669 1027 3718 ametur
1045 3673 1194 3737 tamquam
1217 3661 1316 3718 unitus
1332 3663 1445 3717 amanti
1468 3676 1587 3740 propter

341 3748 586 3806 coniunctionem.
610 3766 697 3823 equam
721 3767 786 3804 curn
810 3767 844 3805 eo
868 3746 965 3817 habet,
989 3749 1052 3804 sive
1075 3758 1106 3804 ut
1130 3749 1156 3804 ei
1180 3746 1287 3804 similis
1306 3747 1353 3804 vel
1377 3749 1441 3805 eius
1464 3748 1544 3807 finis
1564 3763 1586 3805 et

342 3854 431 3891 causa
453 3836 516 3890 sire
532 3832 568 3890 ob
585 3853 713 3891 amorem
737 3835 800 3890 eius
823 3854 893 3910 erge
909 3836 1036 3891 amantis
1056 3853 1209 3911 personam
1226 3833 1351 3912 (Contra
1374 3834 1448 3891 b'eh
1459 3856 1474 3893 e
1485 3857 1505 3893 e
1516 3836 1586 3894 ben.

341 3921 437 3977 Natur
459 3940 486 3976 u.
510 3918 616 3977 Gnade
640 3921 669 3978 S.
695 3922 755 3977 192
779 3920 820 3995 fi).

447 4006 566 4063 Amoris
600 4008 950 4085 concupiscentiae
989 4004 1126 4086 (quocum
1161 4006 1222 4064 fere
1255 4026 1369 4084 semper
1398 4020 1510 4083 sponte
1543 4029 1585 4067 suu

343 4112 424 4148 amor
445 4090 672 4152 benevolentiae
695 4094 894 4172 coniungitur)
919 4092 1063 4151 obiectum
1088 4093 1210 4151 formale
1234 4103 1278 4152 est
1305 4095 1387 4171 ,ipsa
1406 4092 1518 4154 divina
1544 4096 1585 4153 bo

343 4180 421 4235 nitas
445 4172 488 4260 [ut
511 4180 756 4239 communicanda
779 4179 894 4258 nobis]“
929 4176 1140 4258 (Palmieri,
1171 4181 1218 4238 De
1241 4201 1325 4259 poen.
1347 4180 1388 4239 th.
1413 4182 1466 4252 22,
1496 4204 1527 4240 n.
1552 4187 1585 4255 ⁵·'l
1668 4199 1671 4240 t

343 4264 409 4340 Quo
432 4285 529 4322 amore
560 4268 591 4323 in
615 4268 711 4325 Deum
741 4270 837 4345 ipsum
860 4267 971 4326 directe
1002 4267 1129 4338 ferimur,
1160 4289 1218 4325 non
1247 4275 1412 4345 spectantes
1435 4270 1538 4346 ipsum
1563 4284 1585 4326 ut

342 4372 454 4409 merum
488 4351 616 4410 medium
650 4375 703 4432 pro
733 4356 791 4413 alio
825 4356 884 4415 fine
908 4354 982 4433 (qui)
1014 4353 1182 4425 obtinendo,
1217 4353 1268 4413 sed
1298 4357 1330 4412 in
1360 4357 1424 4432 ipso
1456 4375 1584 4414 nostrum
1668 4363 1669 4390 ³

341 4438 450 4498 bonum
473 4440 659 4512 collocantes,
682 4451 855 4519 appetentes
879 4444 969 4519 igitur
992 4443 1087 4499 Deum
1118 4453 1149 4500 ut
1179 4442 1313 4500 ultimum
1338 4451 1473 4500 nestrum
1497 4443 1582 4501 finem

343 4530 401 4606 qui.
439 4527 601 4603 ,Quamvis
632 4532 662 4586 iu
692 4528 748 4588 hoe
778 4549 875 4587 amere
899 4530 966 4587 finis
996 4532 1041 4586 eui
1066 4531 1104 4586 sit
1126 4531 1189 4606 ipse
1211 4528 1340 4605 diligens
1372 4527 1412 4606 [et
1443 4550 1529 4588 amor
1550 4533 1583 4588 sit
1668 4541 1671 4559 ⁴

342 4618 458 4693 proprie
482 4614 584 4692 nostri]
614 4637 673 4674 non
696 4625 862 4674 esttamen
892 4617 960 4674 finis
983 4619 1029 4674 cui
1054 4617 1189 4690 ultimum
1224 4618 1333 4674 etenim
1364 4616 1414 4674 hie
1437 4637 1522 4676 umor
1545 4620 1583 4676 sui
