3450 5342
771 474 962 531 -aes-

244 684 297 723 suo
318 677 451 742 tompore
473 661 657 743 proponendi
680 664 842 741 imaginem
865 663 961 722 cultus
983 672 1013 721 et
1029 662 1223 723 humanitatis
1245 664 1350 742 primis
1366 662 1493 723 saeculis

243 752 368 811 Russiao
384 770 553 810 conversae.
576 750 713 827 Insignia
734 750 821 809 buius
843 750 940 809 cultos
961 748 1079 809 abunde
1091 761 1159 810 suut
1174 770 1278 829 sparsa
1299 751 1331 809 in
1354 750 1402 809 his
1417 752 1494 812 suti·

243 840 395 916 quissimis
428 839 648 911 monumentis3
682 846 837 917 propterea
868 839 927 896 iam
962 835 1111 915 quaedam
1145 838 1328 897 lineamenta
1360 836 1493 898 eiusdem

244 927 383 1003 imaginis
406 946 461 1003 ope
484 923 594 983 adnexi
617 926 720 1003 optimi
744 925 951 983 commentarii
973 924 1053 983 clare
1078 925 1305 1003 conspiciuntur.
1331 924 1496 1001 Aptissima

243 1021 340 1070 antem
371 1012 525 1091 praemisit
547 1020 736 1091 conspectum
766 1011 939 1070 historicum
962 1010 1149 1071 formationis
1170 1019 1201 1069 et
1223 1009 1402 1069 evolationis
1423 1012 1496 1070 iuris

243 1099 438 1158 aeclesiastici
462 1101 493 1157 iu
509 1099 633 1172 110131ος
657 1118 691 1157 eo
714 1100 794 1157 enim
819 1097 906 1157 modo
928 1100 961 1155 in
975 1095 1130 1156 occidente
1153 1095 1353 1156 desideratum
1368 1098 1496 1175 comple·

243 1196 376 1245 mentum
399 1185 525 1244 habetur
548 1187 645 1264 operia
668 1184 742 1243 editi
765 1205 784 1244 a
798 1186 1015 1257 Mitrovits,
1038 1185 1232 1243 Nomocanen
1251 1182 1305 1243 der
1324 1182 1495 1243 slavischen

243 1270 544 1349 morgenlttndischen
568 1272 682 1331 Kircbe
705 1270 775 1331 oder
798 1272 962 1348 Kormcaja
983 1271 1084 1348 kniga
1129 1270 1369 1349 wien-Leipzig,
1403 1273 1495 1331 1898.

245 1359 328 1419 Haec
351 1358 438 1419 ambe
461 1380 551 1439 opera
572 1357 707 1439 pandunt
729 1370 759 1418 et
781 1356 925 1437 praebent
948 1356 1108 1417 lectoribus
1130 1366 1223 1417 totam
1246 1358 1400 1417 historiam
1423 1358 1496 1417 iuris

242 1450 377 1505 00000101
402 1446 545 1506 ecclesiae
569 1447 723 1519 Ilussicae3
756 1456 856 1504 mutuo
881 1466 913 1503 ae
935 1446 1138 1523 complantans
1161 1446 1192 1503 in
1215 1465 1249 1502 eo
1272 1464 1389 1523 quoque
1421 1464 1492 1504 con-

243 1536 375 1605 veniunt,
398 1532 477 1611 quod
500 1532 602 1595 sedulo
625 1533 736 1591 fructus
759 1530 892 1591 diuturni
915 1531 1024 1591 laboris
1047 1531 1231 1591 celeberrimi
1254 1532 1382 1590 Pavlovi
1405 1531 1490 1590 colli·

242 1632 316 1697 gunt
339 1630 369 1679 et
391 1621 580 1680 exhauriunt.
603 1618 695 1677 Volet
717 1621 808 1696 igitur
823 1621 975 1697 utriusque
998 1621 1096 1697 operia
1111 1639 1226 1679 summa
1248 1620 1422 1677 anctoritate
1445 1617 1496 1677 de·

241 1710 424 1779 terminatur,
449 1729 537 1786 quam
562 1708 667 1764 meruit
691 1706 746 1765 sibi
770 1706 886 1765 Pavlov
909 1715 971 1764 1001
994 1708 1026 1764 10
1049 1708 1147 1785 patria
1169 1726 1222 1765 sua
1235 1726 1333 1784 quam,
1356 1718 1388 1763 ut
1403 1714 1493 1783 patet,

240 1806 328 1852 extra
348 1797 490 1873 patriam.
516 1828 553 1837 -

569 1880 606 1941 Α.
630 1876 665 1941 C.
690 1876 851 1941 Hannone
874 1881 925 1957 [A.
949 1882 978 1942 8.
1003 1880 1176 1959 Pavlov).

273 1989 276 1996 ·
351 1969 499 2046 spectatis
530 1965 699 2046 spectandis
730 1967 856 2025 Alexins
886 1967 1032 2045 Stephani
1054 1968 1170 2028 Pavlov
1194 1966 1245 2025 illc
1275 1978 1328 2037 est,
1358 1970 1405 2025 cui
1439 1968 1496 2026 soli

244 2066 386 2133 competit
416 2054 548 2131 dignitas
579 2056 671 2133 patris
703 2056 847 2113 scientiae
870 2056 942 2113 iuris
965 2057 1101 2114 canonici
1123 2054 1305 2113 orthodoxae
1334 2056 1496 2114 lluaaorum

243 2141 397 2200 ecclesiae.
441 2142 549 2199 Totam
575 2142 636 2199 fere
659 2140 783 2199 alteram
806 2139 962 2199 dimidiam
986 2143 1139 2220 praeteriti
1168 2142 1278 2201 saeculi
1309 2150 1422 2220 partem
1444 2160 1496 2199 ca·

242 2228 377 2287 thedram
404 2230 476 2287 iuris
500 2229 634 2287 canonici
658 2237 763 2286 tenens
778 2262 815 2270 -—
829 2227 971 2305 deinceps
994 2231 1025 2287 in
1048 2227 1290 2288 universitatibus
1302 2229 1495 2300 Kazanieusi

242 2318 413 2374 neorussica
436 2324 466 2373 et
482 2317 677 2373 moscoviensi
701 2348 744 2359 --
767 2316 902 2394 plurimis
935 2314 1071 2395 operibns
1094 2336 1203 2375 nomen
1225 2336 1309 2374 auum
1332 2315 1496 2375 celebravit

243 2402 274 2459 id
298 2400 488 2470 contendens,
512 2415 544 2461 ut
567 2400 662 2460 solida
685 2414 714 2460 et
737 2404 869 2480 spatiosa
891 2402 1085 2463 fundamenta
1107 2404 1250 2462 scientiae
1268 2404 1340 2461 iaris
1356 2404 1494 2462 canonici

241 2499 377 2567 poneret:
408 2487 515 2567 quibus
538 2510 572 2547 eo
595 2498 708 2548 mortuo
732 2509 758 2547 a.
784 2490 867 2547 1898
891 2487 928 2546 ab
952 2491 1019 2549 aliis
1042 2488 1231 2569 splendidum
1254 2488 1424 2547 aedificium
1448 2510 1496 2548 su·

242 2578 426 2653 perstruitur.
471 2576 571 2634 1111οι0
602 2576 639 2635 N.
663 2579 805 2644 Severev,
841 2580 1001 2635 acerrimus
1030 2579 1094 2636 eiua
1116 2576 1312 2647 adversarius,
1344 2578 1395 2654 qui
1430 2587 1496 2655 post

243 2674 365 2721 mortem
385 2664 449 2721 eins
473 2666 630 2741 primatum
647 2665 726 2721 inter
741 2664 880 2721 Russicos
904 2667 1073 2723 canonistas
1088 2664 1178 2741 digne
1201 2672 1283 2721 tenet
1306 2684 1373 2721 eum
1389 2684 1496 2723 vocare

239 2749 425 2809 fundatorem
450 2752 486 2807 in
510 2748 623 2809 ambitu
646 2752 789 2809 scientiae
821 2751 894 2807 iuria
917 2753 1051 2809 canonici
1076 2772 1136 2809 non
1159 2758 1314 2809 cunctatur
1337 2747 1497 2826 (Haueris

239 2835 276 2897 A.
301 2832 335 2898 C.
359 2834 529 2898 Haaroaa.
557 2834 639 2897 1106.
665 2838 756 2909 lese,
781 2857 847 2915 pag.
871 2840 911 2913 2.)

345 2925 486 3003 Perpetui
522 2924 634 2983 valoris
664 2945 744 3002 opus,
779 2921 858 3002 quod
881 2924 998 2982 l'avlov
1031 2924 1165 3003 perfecit,
1195 2936 1241 2983 eat
1271 2922 1362 2983 editio
1393 2924 1497 2982 critica

238 3011 428 3089 plurimorum
452 3011 580 3069 fontium
605 3012 678 3069 iuris
702 3012 895 3069 ecelesiastici
918 3012 1076 3089 praecipue
1099 3031 1170 3069 vero
1192 3010 1316 3069 historia
1335 3009 1496 3069 eorundem

238 3099 383 3159 fontium:
419 3118 500 3175 opus,
524 3096 602 3176 quod
626 3097 673 3155 hia
698 3096 973 3156 fundamentalibus
996 3098 1147 3156 laboribus
1178 3096 1373 3176 praeparabat
1394 3108 1426 3156 ct
1448 3098 1496 3156 cui

238 3182 417 3265 perficiendo
433 3186 573 3243 continuo
589 3204 708 3263 operam
726 3184 825 3255 debut,
850 3194 894 3243 est
911 3195 1043 3263 systema
1059 3187 1130 3242 ioris
1145 3186 1282 3243 canonici
1296 3193 1496 3243 constructum

240 3270 379 3330 methodo
394 3270 727 3349 historico-dogmatica,
751 3274 797 3330 cui
813 3272 851 3330 sd
875 3274 964 3331 110001
982 3281 1113 3350 optatum
1137 3270 1323 3348 perducendo
1339 3273 1496 3331 meracius

239 3380 271 3417 se
294 3378 439 3455 opposuit.
484 3357 558 3416 Inde
581 3361 644 3417 eius
672 3378 790 3431 „cursus
827 3362 898 3417 iuria
921 3360 1132 3418 ecclesiastici*
1162 3356 1279 3415 demum
1315 3369 1378 3433 post
1403 3359 1496 3435 ipsius

239 3458 362 3504 mortem
387 3466 404 3503 e
432 3447 492 3503 itna
516 3454 561 3503 sat
584 3467 601 3504 a
624 3446 848 3523 (iromoglasov.

342 3532 405 3589 Iam
449 3534 550 3609 paucis
573 3533 680 3591 referre
703 3530 775 3591 libet
797 3532 929 3593 eiusdem
953 3534 1110 3611 praecipua
1131 3550 1227 3610 opera.
1250 3562 1294 3573 -—

340 3618 463 3677 Certum
488 3618 622 3693 habetur,
654 3622 764 3698 primos
788 3622 919 3679 Graecos
942 3622 1105 3697 episcopos.
1128 3620 1180 3697 qui
1201 3627 1333 3696 tempore
1357 3616 1401 3675 Sti
1426 3617 1497 3676 lla·

235 3704 334 3764 dimiri
365 3707 398 3764 in
425 3706 561 3765 llussism
595 3726 767 3766 conversam
803 3716 957 3777 venerunt,
992 3706 1079 3765 simul
1109 3726 1178 3763 eum
1199 3704 1267 3763 aliis
1290 3702 1375 3762 libris
1406 3706 1496 3764 etiam

238 3792 374 3851 codicem
400 3812 545 3853 canonum
569 3814 638 3852 suae
664 3794 807 3853 ecclesiae
831 3795 975 3854 attulisse.
1014 3793 1081 3870 Quo
1103 3802 1236 3871 tempore
1260 3793 1291 3849 in
1314 3789 1443 3849 Graecia
1464 3793 1497 3851 in

237 3899 290 3938 nau
318 3890 403 3939 erant
428 3900 612 3939 nomocsnon
636 3882 758 3939 Ioannis
782 3882 959 3939 80110103ῐί01
983 3891 1012 3938 01
1036 3899 1220 3938 nomocanon
1236 3878 1321 3939 XIV.
1337 3879 1497 3948 titulorum,

238 3986 364 4044 quocum
379 3969 570 4025 coniunctum
595 3978 657 4025 erat
681 3977 839 4047 syntagma
856 3988 1010 4027 canonum.
1036 3966 1070 4024 ld
1093 3986 1209 4047 quoque
1231 3978 1343 4025 eertum
1366 3978 1411 4023 eat
1427 3965 1498 4025 inde

237 4052 276 4110 ab
299 4056 440 4115 01269.
465 4056 495 4111 10
513 4054 655 4119 Raeticae
678 4055 822 4113 ecclesiae
846 4074 930 4113 usum
953 4056 1072 4112 venisse
1096 4051 1226 4111 codicem
1240 4053 1404 4112 Slavicum:
1428 4072 1497 4110 nam

239 4139 294 4199 boc
318 4161 399 4203 0000
427 4142 600 4217 tivjatoslav
623 4143 761 4221 princeps
784 4142 978 4219 Bulgarorum
1001 4140 1040 4199 ad
1059 4152 1181 4219 metrop.
1205 4140 1352 4219 Cyrillum
1377 4140 1415 4197 lI.
1431 4158 1499 4199 vcr-

237 4229 352 4287 sionem
378 4228 534 4287 Slavicum
567 4230 704 4307 synopsis
727 4249 872 4287 canonum
903 4248 969 4285 cum
992 4230 1203 4287 commentario
1225 4228 1376 4286 Aristonis
1408 4229 1500 4298 misit,

237 4334 325 4391 qnam
374 4316 544 4373 versionem
579 4316 620 4376 st.
657 4318 756 4373 Savva
789 4318 901 4394 primus
934 4315 1103 4392 patriarcha
1141 4314 1298 4373 Serberum
1331 4312 1498 4372 adornavit.

237 4400 393 4475 Quaestio
418 4413 489 4475 erat,
513 4402 655 4460 fuissetne
679 4404 737 4461 iem
761 4411 829 4462 ante
853 4404 980 4460 01962
1004 4404 1035 4460 10
1058 4422 1112 4461 usu
1136 4402 1256 4460 Slavica
1277 4402 1374 4460 versio
1397 4420 1498 4459 nomo·

238 4490 376 4559 canonis,
401 4488 439 4547 ad
463 4508 552 4566 quam
575 4492 776 4565 quaestionem
801 4489 980 4547 affirmative
1003 4488 1184 4567 respondens
1203 4488 1319 4547 Pavlov
1342 4486 1499 4545 definitive

235 4594 299 4633 eam
330 4574 421 4635 solvit
444 4595 543 4653 opere:
583 4572 906 4657 Hcpaoneaeaanani
937 4572 1241 4659 enaeanepyecuiii
1265 4591 1499 4635 0000000000.

235 4658 503 4741 11000001869.
542 4662 671 4739 (Primus
696 4662 1103 4723 810101000100300100000.
1129 4662 1244 4733 Karon,
1270 4660 1375 4735 1869).
1414 4659 1500 4717 Haec

235 4748 324 4808 affert
350 4757 536 4827 argumenta:
559 4746 643 4806 brevi
667 4758 797 4827 ternpore
820 4759 886 4827 post
909 4768 1085 4808 conversam
1102 4749 1239 4806 1103310111
1262 4746 1315 4807 sub
1337 4745 1498 4805 deroslavo
