3450 5342
750 364 942 419 -225-

330 548 375 599 ,ld
391 546 432 599 11.
450 548 671 614 Respondemus
695 548 725 601 A.
744 565 762 601 ιι
780 550 881 615 priori:
899 550 977 603 Talis
997 549 1168 615 disciplinae
1187 552 1304 615 sequela
1324 555 1398 603 esset
1420 550 1469 603 de·

221 618 357 682 operatio.
377 617 416 669 Cl.
435 618 639 685 augustin,
656 620 744 671 Serm.
763 618 832 685 352,
851 635 877 671 n.
896 618 920 671 9.

328 684 363 737 B.
383 688 507 739 Parrum
526 686 628 740 luisset
647 688 804 751 discrimen
823 689 899 741 inter
915 688 1092 741 Novatianos
1111 692 1139 741 et
1159 688 1323 754 catholicos,
1342 704 1406 740 cum
1424 688 1467 741 llll

221 757 323 822 semel,
341 756 371 809 bi
390 755 436 807 bis
454 755 648 822 remisissent;
675 762 703 810 et
722 764 895 826 argumenta
913 759 1014 811 horum
1035 758 1119 811 facile
1137 773 1154 810 a
1173 758 1342 811 Novatianis
1361 762 1468 811 retorta

221 830 360 946 essent&
394 894 498 947 Melior
520 895 623 948 luisset
641 896 771 949 condicio
789 912 896 958 eorum,
924 898 973 963 qui
997 900 1064 949 ante
1085 900 1205 949 mortem
1225 898 1341 948 demum
1369 897 1467 963 poeni-

221 963 347 1086 ἔριιιιὶη
371 980 458 1033 agere
477 964 681 1031 decrevissent,
709 982 774 1019 cum
794 966 967 1019 incertitudo
991 966 1065 1017 bene
1084 966 1224 1017 moriendi
1244 966 1349 1031 alioqui
1376 965 1468 1019 maior

234 1048 314 1085 umbe
327 1100 366 1155 D.
391 1104 526 1155 Auctor
543 1109 675 1156 vetustus
694 1104 759 1156 libri
779 1105 816 1157 de
834 1120 903 1157 vera
921 1108 949 1157 et
969 1104 1042 1157 laisa
1061 1104 1238 1169 poenitentia
1258 1118 1283 1155 n.
1304 1104 1337 1155 13
1356 1104 1467 1157 scribit:

118 1212 124 1221 .
221 1173 398 1237 „Oportebat
407 1174 494 1236 enim,
512 1176 544 1225 ut
562 1174 675 1239 quoties
693 1174 811 1227 videbat
827 1190 876 1225 eos
887 1174 998 1239 cadere,
1017 1174 1102 1225 toties
1112 1173 1263 1226 adiuvaret
1281 1190 1330 1225 eos
1341 1189 1467 1241 surgere.

220 1242 334 1294 Memor
360 1242 437 1294 enim
456 1246 518 1295 erat
538 1243 623 1317 illius,
652 1243 700 1311 qui
725 1244 839 1297 dixerat
867 1245 1005 1311 »Quorum
1024 1243 1193 1295 remiseritis
1213 1247 1339 1309 peccata,
1370 1244 1467 1297 remit

220 1314 323 1364 tuntur
347 1312 412 1363 eia«
451 1312 562 1364 Scimus
586 1318 684 1365 autem
703 1313 812 1378 primos
832 1317 929 1380 patres
957 1314 1033 1365 etin
1058 1312 1136 1364 omni
1162 1316 1290 1378 tempore
1313 1313 1465 1365 ecelesiam

223 1381 277 1432 Dei
296 1396 410 1447 semper
434 1397 525 1447 usque
543 1384 709 1449 septuagies
729 1383 845 1449 septies,
874 1383 951 1449 quiid
969 1390 1013 1435 est
1033 1397 1154 1447 semper,
1173 1387 1291 1448 peccata
1311 1383 1465 1435 dimittere.

221 1450 315 1518 Quam
372 1454 508 1503 testatem
528 1450 569 1502 illi
588 1451 626 1503 ab
645 1453 767 1505 ecclesia
787 1453 840 1504 nei
858 1457 999 1504 conantur
1017 1452 1154 1503 aulerre‘R

359 1561 364 1570 .
385 1520 543 1572 Siriciua
562 1521 662 1573 scribit
680 1522 717 1574 ad
728 1522 889 1575 Himerium
900 1522 949 1587 Ep.
961 1522 984 1587 1,
1003 1522 1069 1573 nli:
1089 1522 1147 1586 „lle
1166 1521 1212 1573 his
1231 1536 1298 1573 vero
1311 1522 1467 1587 incongrue

222 1588 342 1641 dilectio
358 1593 409 1641 tua
427 1590 615 1656 apostolicam
636 1592 734 1643 sedem
754 1592 876 1644 credidit
896 1591 1111 1652 consulendam,
1139 1592 1185 1656 qui
1206 1594 1270 1643 acta
1290 1590 1467 1657 poenitentia

222 1662 373 1723 tamquam
398 1674 485 1711 canes
509 1676 543 1712 ac
562 1676 628 1711 sues
652 1661 690 1713 ad
716 1662 841 1714 vomitus
866 1661 1003 1728 pristinos
1027 1668 1055 1712 et
1074 1660 1226 1713 volutabra
1248 1662 1410 1727 redeuntes,
1439 1664 1467 1712 et

222 1728 347 1781 militiae
360 1730 508 1797 cingulum
528 1733 555 1781 et
569 1730 697 1782 ludicras
715 1732 880 1796 voluptates
899 1736 929 1782 et
938 1746 1013 1782 nova
1032 1730 1166 1793 coniugia
1185 1734 1211 1781 et
1224 1730 1361 1782 inhibitos
1372 1731 1466 1781 denuo

222 1797 390 1863 appetivere
401 1799 576 1863 concubitus,
595 1815 716 1864 quorum
735 1801 894 1866 professam
907 1800 1144 1853 incontinentiam
1155 1800 1285 1863 generati
1304 1804 1368 1865 post
1384 1801 1467 1851 abso·

221 1868 364 1919 lurionem
382 1866 434 1919 lilii
453 1868 649 1934 prodiderunt.
669 1870 711 1920 De
729 1871 842 1935 quibus,
861 1871 930 1935 quia
948 1870 1005 1923 iam
1026 1869 1182 1935 suffugium
1202 1884 1258 1921 non
1277 1869 1386 1921 habent
1402 1884 1468 1934 poe-

218 1937 331 1989 nitendi
350 1935 439 2005 [nota
458 1938 528 2002 quid
547 1939 600 1990 hoc
619 1938 796 2007 significetil,
816 1941 845 1992 id
863 1940 1000 1991 duximus
1020 1938 1241 2004 decernendum,
1259 1942 1292 1990 ut
1311 1939 1371 1989 sola
1391 1938 1467 1990 intra

218 2007 371 2059 ecclesiam
403 2006 538 2059 fidelibus
568 2009 697 2060 oratione
728 2009 892 2074 iungantur,
931 2024 1030 2061 sacrae
1061 2008 1262 2073 mysteriorum
1295 2008 1465 2073 celebritati,

217 2076 353 2141 quamvis
371 2091 428 2129 non
447 2083 620 2144 mereantur,
639 2078 785 2142 intersint,
805 2096 822 2131 a
841 2079 1003 2131 dominicae
1022 2086 1119 2130 autem
1139 2091 1258 2129 mensae
1277 2077 1406 2129 convivio
1421 2092 1465 2129 se·

218 2149 383 2213 gregantur,
410 2148 442 2197 ut
460 2147 516 2198 hac
534 2148 638 2199 saltem
657 2148 837 2201 districtione
855 2149 986 2214 correpti,
1012 2154 1039 2199 et
1059 2147 1113 2213 ipsi
1134 2148 1164 2199 in
1184 2163 1214 2198 se
1234 2150 1399 2199 subarrata
1418 2162 1464 2198 ca-
1527 2152 1530 2159 '

218 2216 328 2283 stigent
351 2218 380 2267 et
404 2216 472 2267 aliis
495 2218 660 2283 exemplum
685 2218 823 2283 tribuant,
851 2223 993 2283 quatenus
1018 2218 1055 2269 ab
1080 2216 1231 2269 obscoenis
1255 2216 1463 2282 cupiditatibus

217 2285 410 2338 retrahantur.
429 2286 505 2354 Quos
524 2290 631 2350 tamen,
650 2287 787 2352 quoniam
806 2287 914 2339 carnali
935 2287 1092 2351 fragilitate
1112 2287 1284 2351 ceciderunt,
1304 2285 1463 2339 viatico

216 2369 389 2418 munere,
408 2370 473 2407 cum
492 2354 531 2407 ad
542 2356 695 2409 Dominum
714 2358 860 2423 coeperint
879 2356 1029 2422 proticisci,
1049 2372 1100 2421 per
1118 2355 1327 2408 communionis
1338 2356 1462 2423 gratiam

217 2424 351 2476 volumus
378 2424 531 2477 sublevari.
568 2426 660 2494 Quam
679 2426 801 2479 sormam
820 2430 849 2478 et
868 2426 942 2477 circa
962 2426 1106 2482 mulieres,
1133 2441 1206 2490 «puae
1232 2442 1262 2477 se
1281 2432 1346 2491 post
1366 2424 1462 2493 poeni·

216 2494 339 2547 tentiam
357 2494 466 2547 talibus
485 2494 692 2560 pollutionibus
711 2496 911 2560 devinxerunt,
931 2496 1103 2548 servandam
1123 2512 1187 2547 esse
1207 2496 1383 2547 censemus“.

326 2559 352 2614 F.
389 2563 429 2616 bt.
448 2564 525 2630 quod
544 2580 631 2630 supra
649 2567 742 2631 (Prob.
762 2565 799 2618 3⁰.
818 2582 844 2632 a,
872 2565 901 2632 γ)
920 2564 1046 2618 diximus
1066 2565 1102 2616 de
1122 2580 1209 2617 causa
1233 2564 1406 2631 llarcionis;
1433 2567 1463 2616 et

218 2634 325 2699 iren,
344 2634 361 2684 l.
380 2633 406 2700 3,
425 2649 447 2685 c.
465 2634 821 2703 43GregoriusNaz.
840 2636 886 2687 tir.
906 2636 947 2701 39,
967 2650 993 2687 ιι.
1014 2635 1059 2701 lti;
1079 2634 1288 2687 Barnabas
1307 2634 1358 2699 Ep.
1377 2650 1399 2685 c.
1417 2633 1461 2699 19,

218 2702 397 2755 Doctrina
415 2703 567 2757 duodecim
586 2707 707 2770 apostol.
725 2705 809 2770 XIV,
829 2705 851 2757 l.

321 2773 380 2824 Nec
398 2778 571 2844 argumente
589 2775 732 2828 contraria
751 2774 918 2827 insolubilia
937 2776 1011 2825 sunt.
1031 2772 1104 2824 Nam

322 2841 352 2907 a)
372 2846 430 2893 Sec.
445 2842 624 2896 ConcTolet.
637 2844 680 2895 lll.
701 2844 860 2897 damnandi
880 2848 947 2896 sunt
966 2842 1070 2908 relapsi
1091 2842 1128 2894 ad
1149 2842 1384 2907 satisfactionem,
1404 2856 1459 2893 non

218 2911 397 2977 simpliciter.

259 3050 265 3063 .
286 3050 292 3063 ’
316 2978 350 3063 nb)
369 2980 443 3049 Quid
467 2996 537 3033 voce
555 2983 764 3034 communionis
783 2984 854 3035 haec
874 2982 1000 3047 synodus
1020 2980 1203 3045 intellexerit,
1231 2980 1289 3032 iarn
1314 2994 1401 3045 supra
1421 2980 1462 3031 in-

217 3064 399 3116 ansrvrmua.

211 3116 215 3122 ’
322 3119 347 3186 c)
365 3120 473 3172 Verum
497 3123 550 3187 est,
577 3120 686 3173 dictum
710 3122 770 3173 tale
788 3127 886 3173 nostro
905 3126 1034 3185 tempore
1053 3118 1124 3171 nulli
1149 3118 1262 3171 crimini
1288 3118 1457 3170 vertendum

216 3203 294 3255 esse3
312 3193 343 3242 at
361 3205 396 3242 ex
407 3189 531 3242 Socratis
549 3190 646 3242 verbis
665 3191 794 3242 conicere
813 3192 879 3243 licet
899 3196 994 3242 actum
1015 3205 1078 3241 esse
1098 3189 1134 3241 de
1153 3187 1329 3253 poenitentia
1343 3187 1458 3253 publiea

216 3259 359 3326 sollemni,
377 3274 452 3325 quae
469 3262 538 3311 tuno
556 3262 645 3312 semel
664 3263 777 3312 tantum
797 3259 1014 3312 concedebatur.

320 3326 350 3393 d)
367 3328 476 3394 Patres,
495 3346 560 3381 cum
580 3329 615 3380 de
635 3330 811 3395 poenitentia
831 3330 1001 3395 simpliciter
1021 3330 1182 3393 loquuntur,
1208 3326 1374 3392 intelligunt
1392 3340 1458 3390 poe-

215 3398 369 3450 nitentiam
387 3398 533 3463 publicam
554 3399 730 3451 sollemnem.
751 3399 789 3450 t'l.
809 3401 860 3451 Au
873 3399 1032 3465 gustin,
1061 3398 1110 3463 Ep.
1129 3396 1181 3448 aaa
1199 3396 1236 3447 ad
1256 3395 1411 3447 Seleuciam.
1432 3409 1458 3445 n.

215 3466 250 3518 7:
269 3467 335 3531 „qui
354 3467 468 3534 proprie
486 3469 667 3533 poenitentes
685 3470 899 3534 appellantur··;
924 3471 971 3520 Co
982 3484 1000 3519 n
1011 3484 1033 3519 c.
1052 3468 1221 3518 Toletan
1234 3482 1250 3517 n
1262 3480 1290 3516 ιιι
1310 3465 1328 3516 l.
1349 3464 1376 3529 (a
1396 3463 1459 3528 lilii)

215 3552 259 3588 cn.
279 3537 314 3587 2:
338 3537 553 3601 „Paenitentem
572 3554 640 3589 vero
659 3538 781 3589 dicimus
801 3539 837 3589 de
856 3555 898 3605 eo,
923 3538 970 3602 qui
991 3540 1055 3602 post
1075 3537 1251 3601 baptismum
1271 3537 1320 3585 aut
1339 3549 1390 3599 pro
1410 3534 1459 3585 ho·

213 3605 333 3659 micidio
351 3609 402 3658 aut
421 3622 472 3672 pro
490 3607 613 3660 diversis
633 3608 802 3659 criminibus
826 3606 1065 3676 gravissimisque
1084 3607 1210 3670 peccatis
1229 3604 1374 3670 publicam
1394 3618 1459 3668 poe·

214 3675 369 3728 nitentiam
394 3692 498 3743 gerens
524 3678 577 3729 sub
602 3677 695 3728 cilicio
723 3678 821 3729 divino
845 3678 930 3729 luerit
956 3676 1157 3727 reconciliatus
1184 3675 1312 3726 altari0“.
1350 3674 1458 3724 Cone.

214 3744 552 3799 [iliberritanum
572 3762 633 3798 can.
654 3746 698 3797 14:
717 3747 878 3813 „Virgines,
897 3762 970 3811 (luae
980 3744 1177 3809 virginitatem
1198 3760 1279 3795 sumu
1299 3746 1460 3794 noncusto·

214 3814 330 3881 dierint,
358 3814 383 3866 si
401 3816 528 3881 eosdem,
554 3816 603 3881 (pul
622 3832 673 3867 eas
691 3816 871 3881 violaverint,
900 3816 1034 3867 duxerint
1059 3817 1087 3865 et
1107 3814 1251 3865 tenuerint
1270 3812 1397 3875 maritos,
1426 3827 1459 3863 eo

214 3884 291 3949 quod
317 3885 393 3936 solas
417 3885 535 3951 nuptias
560 3885 739 3950 violaverint,
768 3891 831 3950 post
856 3900 964 3937 alinum
991 3885 1053 3935 sine
1079 3882 1256 3949 poenitentia
1280 3880 1460 3934 reconciliari

214 3953 387 4006 debebunt“.
424 3954 479 4007 Ubi
500 3970 579 4022 sane,
606 3970 670 4007 cum
690 3956 919 4007 reconciliandae
939 3960 1044 4021 essent,
1063 3956 1245 4005 sacramento
1264 3951 1458 4016 poenitentiae

213 4022 252 4075 ad
271 4022 426 4075 delendam
445 4038 563 4076 causam
582 4025 839 4076 excommunicatis
857 4040 929 4091 opus
948 4024 1008 4075 luit.

318 4092 362 4144 Ad
391 4095 483 4146 locum
511 4094 680 4147 Hermae
707 4094 835 4159 attende,
862 4094 932 4158 quid
951 4094 1058 4145 ibidem
1078 4090 1117 4155 (n.
1137 4089 1173 4155 3.)
1193 4089 1313 4142 rationis
1333 4089 1456 4141 subdat:

213 4162 348 4223 δυσκόλως
365 4165 417 4229 γὰρ
436 4163 560 4229 {dorcam
586 4164 709 4215 Hermas
734 4164 822 4215 etiam
841 4179 928 4215 unam
953 4161 1160 4228 poenitentiam
1186 4161 1312 4226 denegat
1330 4158 1381 4224 eis,
1409 4159 1458 4223 qni

213 4229 244 4283 in
261 4231 358 4283 tuturo
376 4230 532 4286 Christiani
551 4232 622 4285 fient
640 4231 743 4297 (ibid).

318 4300 470 4353 Difficilior
487 4304 578 4355 multo
596 4305 640 4354 est
659 4303 738 4354 locus
765 4300 969 4370 (trigenis
998 4299 1048 4351 ubi
1067 4314 1203 4351 concessa
1222 4314 1272 4363 pro
1300 4296 1455 4349 levioribus

212 4369 340 4437 peccatis
364 4371 469 4425 iterata
487 4373 674 4439 poenitentia,
702 4372 883 4439 gravioribus
908 4369 1008 4437 negari
1032 4368 1154 4419 videtur.
1190 4369 1248 4419 Nec
1267 4368 1350 4418 Hom.
1369 4365 1400 4418 ll
1427 4366 1457 4418 in

211 4433 377 4506 levibn2,
395 4440 443 4493 lin.
463 4442 535 4493 satis
554 4442 631 4493 clare
648 4442 812 4507 oppositum
831 4444 935 4505 tuetur,
954 4443 985 4491 ut
1004 4438 1071 4490 inde
1091 4438 1173 4489 nobis
1193 4436 1337 4489 conciliari
1358 4435 1457 4500 possit.

211 4509 420 4578 Necel'lugium
439 4514 528 4578 patet,
600 4510 875 4563 viorumcriminnm
895 4510 951 4561 reis
962 4510 1079 4561 demum
1098 4512 1165 4560 ante
1184 4506 1456 4559 mortemtributam

212 4594 278 4631 esse
286 4580 506 4633 absolutionem.
527 4580 547 4633 C
560 4622 566 4632 .
577 4580 605 4633 C.
617 4581 688 4632 Cels.
699 4581 716 4631 l.
727 4581 751 4645 3,
770 4595 798 4631 n.
808 4578 850 4632 51.
869 4580 927 4631 Nec
937 4577 1075 4631 Oen-'aldii
1089 4576 1281 4643 „paraenetici
1292 4574 1457 4640 respectus‘

212 4647 415 4703 difficultatem
433 4652 546 4703 tollunt.
566 4650 621 4703 Sed
640 4649 763 4702 sortasse
782 4649 818 4700 de
836 4650 924 4716 plena
941 4647 1173 4701 reconciliatione
1192 4647 1303 4697 locutus
1323 4649 1374 4709 est,
1400 4658 1458 4707 qua

265 4765 325 4809 slav.
338 4766 379 4809 litu
393 4768 462 4811 theol.
1270 4748 1301 4799 ¹5
