3450 5342
725 439 917 494 -311-

195 619 396 680 ambulatione
419 643 470 701 per
493 621 595 701 tidem)
618 626 776 683 coniuncta
799 637 842 682 est
874 627 949 683 visio
979 624 1124 695 beatifica,
1148 623 1380 682 demonstratum
1399 633 1444 682 est

195 710 342 766 visionem
367 709 423 766 Dei
448 709 537 768 tribui
567 714 651 769 iustis
682 715 781 770 statim
806 727 871 790 post
894 725 1025 772 mortem.
1057 712 1101 769 De
1126 712 1180 769 hoc
1211 731 1282 768 vero
1312 710 1442 769 dubitari

196 797 343 873 imprimis
367 797 414 853 vel
438 799 503 874 ipsa
524 800 599 856 ratio
631 798 749 857 videtur
783 811 892 859 vetare.
916 798 993 858 Nam
1017 800 1147 876 cognitio
1178 818 1228 876 per
1260 800 1388 875 speciem
1412 799 1443 856 in

195 884 380 960 oppositione
422 882 460 941 ad
495 883 583 943 iidem
620 896 697 944 esset
736 885 869 965 alioquin
905 897 955 944 aut
988 888 1118 962 cognitio
1153 906 1205 963 per
1239 884 1443 942 immediatam

195 968 386 1039 evidentiam,
410 983 461 1028 ant
483 991 535 1048 per
570 975 756 1031 ratiocinium
789 986 840 1031 aut
870 986 947 1030 esset
976 972 1096 1051 quidem
1129 975 1212 1036 visio.
1246 971 1297 1029 sed
1329 982 1444 1030 tantum

195 1055 402 1126 accidentium,
419 1057 578 1137 exquibus
596 1059 723 1118 mediate
739 1071 854 1118 tantum
871 1071 1096 1135 cognosceretur
1111 1061 1249 1117 essentia.
1268 1058 1444 1117 Immediata

196 1142 356 1213 evidentia,
380 1146 404 1202 si
429 1165 488 1203 nou
511 1155 556 1203 est
578 1146 615 1204 de
639 1147 702 1204 sola
725 1149 901 1206 exsistentia
925 1147 990 1212 Dei,
1014 1146 1066 1204 sed
1089 1149 1179 1204 etiam
1203 1148 1364 1203 essentiam
1381 1148 1444 1203 eius

197 1229 429 1308 comprehendit,
461 1232 537 1289 nihil
567 1233 648 1292 aliud
671 1245 716 1291 est
737 1254 826 1312 quam
849 1237 945 1298 visio;
977 1236 1164 1291 ratiocinatio
1195 1253 1255 1290 nou
1286 1234 1444 1310 opponitur

195 1315 266 1374 fidei
297 1320 353 1376 nisi
385 1317 463 1395 qnod
487 1319 540 1376 illa
571 1320 778 1380 certitudinem
810 1323 1007 1379 necessariam
1039 1321 1113 1378 ferre
1145 1330 1247 1398 potest,
1279 1340 1338 1397 qna
1370 1319 1442 1377 haec

195 1404 270 1462 forte
293 1424 408 1482 semper
431 1405 562 1476 carebit;
587 1407 638 1466 sed
662 1408 787 1466 Paulum
812 1429 870 1466 non
895 1411 1024 1483 cogitare
1056 1408 1149 1464 solum
1182 1406 1341 1464 discrimen
1366 1408 1443 1464 inter

196 1491 403 1550 certitudinem
427 1498 623 1553 necessariam
640 1505 670 1552 et
684 1494 817 1564 liberam,
841 1496 1115 1552 manifestissimum
1132 1508 1185 1551 est.
1203 1493 1316 1569 Quodsi
1338 1503 1443 1569 agatur

197 1578 233 1635 de
266 1580 380 1636 visione
414 1589 528 1638 tantum
563 1582 691 1660 partiali,
721 1582 795 1639 haec
826 1591 876 1639 ant
906 1583 1030 1640 refertur
1054 1580 1092 1638 ad
1116 1581 1268 1639 Christum
1292 1580 1442 1637 hominem

196 1664 307 1722 autad
330 1666 387 1723 Dei
411 1667 555 1742 gloriam,
584 1668 636 1726 sed
663 1671 832 1744 cognitione
863 1671 1005 1728 intuitiva
1038 1669 1093 1726 Dei
1124 1668 1237 1744 gloriae
1268 1687 1326 1724 non
1357 1668 1441 1724 limus

194 1765 366 1829 praesentes
396 1752 433 1810 ad
466 1754 646 1826 Dominum,
678 1776 731 1813 nec
761 1755 798 1813 de
830 1758 945 1814 visione
981 1755 1127 1813 materiali
1164 1754 1276 1812 Christi
1313 1754 1442 1810 hominis

195 1839 396 1916 transfigurati
413 1843 525 1917 agiturg
542 1863 610 1900 nam
627 1842 789 1901 subiectum
806 1845 983 1918 cognitionis
999 1855 1043 1899 est
1056 1844 1156 1900 auimo
1173 1841 1268 1897 soluta
1284 1861 1302 1897 a
1314 1860 1442 1917 corpere,

196 1946 272 2004 qnae
296 1947 355 1984 nou
378 1931 545 1986 continetur
568 1929 771 1990 accidentibus
793 1929 879 1987 huius
903 1929 1014 2000 mnndi,
1039 1930 1148 2006 quippe
1164 1947 1287 2005 quorum
1311 1929 1441 2002 cognitio

197 2033 256 2071 uon
287 2024 364 2072 esset
392 2012 429 2071 ad
453 2036 535 2073 usum
568 2016 796 2085 accommodata,
820 2016 857 2074 ad
882 2037 968 2094 {luem
994 2019 1024 2074 in
1047 2016 1102 2073 hoc
1134 2013 1243 2072 mundo
1275 2016 1443 2071 necessaria

194 2112 247 2158 est.
273 2132 311 2143 -—
338 2100 454 2159 Deinde
477 2103 644 2160 conferatur
668 2103 716 2160 hic
740 2103 820 2161 locus
844 2124 910 2161 curn
937 2108 951 2160 1
978 2105 1036 2161 Cor
1062 2105 1109 2164 13,
1136 2106 1173 2159 13
1192 2097 1312 2179 (πίστις)
1328 2115 1357 2158 et
1375 2120 1442 2159 cum

195 2189 439 2264 interpretatione
462 2189 549 2247 huius
573 2190 628 2247 loci
653 2190 731 2268 apud
747 2191 851 2247 Patres
875 2203 1001 2268 recepta.
1027 2224 1065 2231 —
1092 2190 1228 2266 lleuique
1248 2190 1338 2245 etiam
1353 2187 1442 2245 huius

195 2274 252 2331 loci
269 2276 473 2351 interpretatio
489 2277 690 2335 consideretur
713 2297 763 2335 as.
787 2279 828 2335 lo.
845 2278 1057 2357 Clrrysostomo
1082 2274 1194 2355 (supra)
1213 2288 1267 2332 etc.
1285 2277 1441 2352 proposita.

299 2376 384 2437 Idem
408 2398 444 2435 ex
469 2379 561 2438 altero
586 2381 776 2439 revelationis
800 2381 881 2439 fonte
905 2380 1052 2458 probatur.

300 2481 496 2540 Consentiunt
527 2486 606 2541 euim
641 2483 809 2543 traditionis
839 2486 1010 2542 testimonia
1033 2479 1065 2544 1⁰
1088 2483 1194 2540 falsum
1227 2504 1291 2539 esse
1324 2483 1440 2539 animas

195 2569 337 2625 iustorum
367 2580 433 2645 post
458 2581 589 2629 mortem
612 2593 671 2630 non
694 2571 755 2629 fore
790 2582 858 2629 mot
894 2571 996 2629 beatas
1029 2567 1090 2651 (vel
1116 2569 1224 2627 habere
1260 2579 1367 2627 sortem
1391 2567 1442 2625 de-

194 2655 361 2712 functorum
378 2658 409 2713 in
428 2656 461 2712 V.
475 2657 511 2714 T.
526 2659 667 2716 iustorum
682 2654 706 2735 ²)
731 2659 778 2716 vel
796 2669 952 2736 expectare
977 2657 1094 2715 demum
1119 2659 1279 2735 promissae
1296 2655 1441 2714 mercedis

193 2744 413 2800 exsecutionem
437 2754 466 2801 et
489 2745 617 2819 gaudere
639 2754 754 2803 tantum
778 2766 829 2823 spe
860 2767 919 2804 nou
942 2748 1007 2821 ipsa
1031 2747 1223 2821 possessione.
1258 2742 1322 2800 Hoc
1346 2763 1440 2819 paene

195 2849 298 2886 omnes
321 2829 425 2886 Patres
449 2850 587 2908 expresse
615 2831 784 2900 docuerunt,
814 2832 896 2890 velut
928 2832 1110 2890 Clemens
1134 2832 1240 2899 ltom,
1273 2830 1326 2906 Ep.
1353 2832 1380 2885 1.
1404 2827 1441 2886 ad

197 2916 264 2972 Cor.
295 2936 319 2973 c.
351 2918 368 2977 6
400 2913 507 2996 (γέρας
538 2922 710 2998 munitior),
745 2919 782 2978 ef.
812 2940 836 2981 c.
869 2923 895 2979 5
928 2921 989 2991 453
1021 2917 1278 2997 Polycarpus,
1317 2917 1380 2994 up..
1405 2912 1442 2972 ad
1540 2919 1543 2922 ‘

194 3001 326 3080 Philipp.
350 3022 373 3059 c.
398 3004 415 3061 9
440 3000 539 3083 (παρὰ
563 3010 607 3084 τῷ
630 3006 744 3084 unnim,
768 3008 830 3064 loce
854 3002 980 3083 debito),
1012 3006 1236 3083 Dionysius
1261 3003 1372 3065 Alex.
1396 3022 1443 3080 ap.

195 3088 305 3146 Enseb.
329 3089 347 3148 l.
372 3092 399 3161 7,
423 3111 447 3148 c.
473 3094 525 3160 22ς
557 3093 739 3151 Clemens
764 3093 882 3169 Alex,
914 3096 1019 3150 strom.
1043 3092 1061 3149 l.
1087 3095 1103 3148 7
1139 3091 1313 3168 (praemium
1338 3098 1366 3147 et
1391 3088 1444 3146 ho-

195 3173 307 3254 nores);
331 3177 536 3250 Eusebius,
562 3180 632 3237 Vita
655 3179 755 3238 Const.
778 3180 796 3237 l.
822 3184 847 3246 l,
873 3200 895 3237 c.
921 3183 952 3253 23
979 3177 1146 3248 Lucifer,
1180 3176 1366 3234 Moriendum
1391 3197 1443 3253 pro

196 3263 275 3320 Filio
291 3263 362 3334 Dei3
387 3264 620 3344 Cyprianus,
644 3267 690 3323 lle
707 3266 885 3324 mortalitate
909 3266 953 3340 (in
971 3266 1040 3323 tine:
1058 3262 1261 3336 remunerati);
1287 3261 1445 3319 Ambro-

196 3351 287 3418 sius,
317 3349 364 3407 De
391 3349 468 3410 bono
497 3355 598 3411 mortis
630 3373 653 3410 c.
682 3355 710 3411 3.
744 3355 791 3411 10.
824 3356 949 3411 11-12
982 3350 1200 3429 (repromissam
1232 3348 1439 3415 hereditatem

195 3439 444 3497 remunerationis
463 3438 612 3520 gloriam),
637 3441 683 3498 De
706 3440 764 3498 fide
788 3461 892 3499 resurr.
916 3440 935 3499 l.
951 3441 978 3509 2,
1003 3461 1030 3496 n.
1047 3441 1100 3501 nt:
1126 3438 1179 3515 Ep.
1208 3439 1253 3506 15,
1278 3456 1305 3493 n.
1330 3437 1348 3491 l
1372 3448 1439 3504 etc.;

198 3522 366 3582 Constit.
390 3536 521 3602 apost,
546 3526 563 3584 l.
588 3530 615 3595 5,
639 3547 663 3584 c.
687 3528 872 3598 83Alrem,
896 3529 987 3586 Serm.
1012 3524 1049 3583 ad
1066 3524 1233 3587 monachos,
1257 3524 1307 3600 qui
1326 3524 1440 3599 requie-

197 3620 302 3667 verunt
325 3619 355 3668 et
371 3611 442 3669 alibi
466 3612 524 3690 (ap.
541 3613 666 3684 Bickell,
691 3614 832 3672 Carmina
848 3612 1002 3684 Nisibeua,
1026 3612 1190 3687 Prolegom.
1214 3630 1238 3673 c,
1254 3612 1281 3670 o.
1306 3630 1332 3687 p.
1357 3611 1442 3665 ‘tt-

196 3698 263 3774 28);
287 3697 471 3770 Basilius,
495 3699 545 3760 Or.
562 3703 593 3757 in
609 3703 651 3759 40
668 3709 824 3780 martyres,
849 3699 1004 3777 Gregor.
1028 3700 1115 3757 Naz.
1139 3704 1189 3755 Cr.
1211 3700 1249 3754 tu
1274 3695 1439 3774 (συναγάλ-

194 3782 275 3845 λοιο·
297 3784 439 3863 snoding
463 3787 513 3846 Cr.
539 3789 556 3844 3
582 3786 690 3867 (δόξης
712 3787 1018 3867 κληροιόριήσανταᾞ
1043 3786 1094 3846 Cr.
1120 3787 1158 3842 18
1184 3783 1253 3863 (τὴν
1275 3789 1328 3858 τῆς
1351 3782 1440 3861 ἁγίας

198 3867 330 3948 Persidos
353 3871 514 3952 ἕλλαμψιν,
547 3871 583 3953 ἧς
605 3873 643 3935 σὺ
667 3879 722 3935 νῦν
743 3873 967 3954 παραστάτης);
999 3874 1235 3941 Antoninus,
1268 3869 1318 3928 nd
1346 3872 1440 3927 Arca-

197 3954 277 4014 dium
294 3958 371 4017 exul.
388 3958 585 4035 (resurrectiot
609 3971 640 4019 ut
656 3963 720 4039 ipsa
736 3982 804 4019 caro
827 3960 936 4032 videat,
960 3959 1038 4039 quod
1054 3969 1106 4017 tua
1121 3961 1221 4017 anima
1236 3978 1302 4016 eum
1324 3958 1439 4022 exierit,

195 4064 263 4101 mox
281 4044 420 4123 videbit),
444 4048 493 4104 lo.
511 4047 827 4127 ChrysostomuS,
845 4048 933 4106 Hom.
950 4046 988 4105 ad
1005 4045 1210 4123 baptizandos,
1228 4044 1278 4104 Or.
1295 4064 1438 4123 panegyr.

258 4230 280 4296 ²)
298 4230 341 4284 De
366 4230 419 4286 hoc
448 4230 684 4314 nominatimlcfa
715 4232 760 4287 Io.
780 4231 975 4303 chrysost,
1006 4229 1140 4314 Hom3de
1159 4229 1265 4311 sanctis
1293 4228 1441 4293 Berenice,

298 4299 440 4383 Prosdoee
469 4306 498 4355 et
525 4300 681 4382 liemarum
713 4302 884 4367 Rabnlas,
916 4301 1045 4383 Hymnen
1078 4300 1122 4353 tur
1156 4297 1441 4381 dre-verstor'benen

298 4369 458 4439 Glaubrgen
487 4371 617 4453 (Brolrett,
642 4370 845 4440 Ausgewithlte
874 4369 1012 4426 Sohntten
1032 4370 1083 4424 der
1101 4385 1157 4440 syr.
1186 4367 1393 4448 Krrehenvater
1413 4365 1441 4422 S.

299 4438 381 4495 267f.
400 4460 407 4507 ς
429 4441 614 4522 tguatrns,
633 4441 681 4521 Ad
696 4441 779 4495 l'ratl.
797 4443 829 4509 2;
847 4440 957 4497 Clam.
977 4440 1094 4521 Alex,
1109 4445 1207 4560 Strong.
1226 4437 1256 4499 63
1276 4435 1441 4560 Origeg,

298 4508 1010 4662 transutast.³t¹¹ttnss³t0¹.·rrltt⁰
1044 4508 1176 4632 ‘illel‘
1190 4520 1443 4639 cillenii.

299 4655 443 4773 gudill'c’
464 4649 514 4718 Ep.
534 4650 580 4712 49;
603 4647 826 4717 Gennadius,
867 4649 968 4704 eeccl.
987 4649 1081 4717 dogm.
1100 4648 1176 4701 ain.
1197 4647 1246 4714 793
1267 4645 1362 4698 lreu.
1382 4643 1399 4697 1.
1418 4646 1448 4702 5.

305 4733 328 4772 c.
400 4733 415 4772 e
446 4760 451 4772 .
