3450 5342
828 310 1002 367 ..38-

290 495 331 550 ab
346 497 415 578 ipso
429 495 459 550 iii
474 492 698 564 manuscriptis
715 491 897 548 monasterii
907 491 1020 562 Helaty
1037 490 1173 557 invento,
1187 489 1240 561 qui
1260 489 1420 546 saeculoV
1433 489 1485 544 rel
1504 488 1553 542 ul

292 563 486 624 attribuitur.
515 563 576 619 Per
595 563 741 620 Granium
762 562 919 632 quendam
939 561 971 616 iii
993 560 1184 616 membranis
1202 561 1279 626 29)(
1292 561 1326 614 ai
1344 575 1402 615 cm.
1421 557 1556 614 dimen-

294 634 392 690 sionis
412 634 557 703 scriptus,
583 632 719 688 continet
737 633 789 687 249
808 631 890 693 folia.
915 630 1044 687 Initium
1068 635 1099 685 et
1117 629 1191 684 finis
1210 630 1333 685 desunt.
1366 627 1559 708 Inventum

291 717 361 758 ciim
392 703 424 758 iii
450 701 564 759 Russia
591 707 658 758 tum
688 702 718 756 iii
749 701 877 770 Europa
903 699 1084 754 occidentali
1111 697 1315 768 conspicuum
1340 697 1555 768 exquisitiora

293 771 399 828 studio
411 771 566 836 Bermani,
585 770 616 826 S.
629 771 664 826 II.
678 770 830 852 Gregory.
848 769 970 839 Lipsiae
985 768 1187 839 professoria,
1207 767 1288 822 sacri
1304 773 1410 822 textus
1423 765 1560 821 veteris

319 841 389 898 eriti
422 846 452 896 et
481 841 554 896 Dris
583 839 801 896 Glubokovski
843 839 937 894 modo
964 838 1122 908 Petropoli
1149 837 1312 894 subicitur.
1352 837 1421 894 (No.
1443 841 1484 902 4.)
1513 865 1555 876 -

292 856 528 966 iiiiotoritas
554 909 630 965 soti
648 855 860 992 Augustini
893 913 1077 978 respectu
1104 906 1209 962 ritae
1243 905 1554 988 monasterialia

293 979 331 1035 iii
351 979 576 1037 Occidente.
596 979 633 1034 lii
653 979 818 1035 Occidente
838 978 927 1034 multi
946 977 1073 1032 ordines
1093 983 1193 1031 sctum
1214 979 1425 1046 Augustinum
1446 990 1553 1030 suum

316 1056 463 1104 atronum
485 1055 516 1104 et
536 1047 706 1104 mediatum
728 1047 836 1103 saltem
856 1047 1057 1102 fundatorem
1078 1046 1276 1101 veneratione
1296 1052 1562 1115 prosequuntur.

293 1066 346 1174 iiis
360 1119 427 1175 eius
443 1124 555 1186 tamen,
573 1117 696 1188 quodad
712 1117 975 1172 introductionem
990 1117 1071 1170 vitae
1085 1113 1315 1170 monasterialis
1328 1115 1358 1169 iii
1373 1113 1560 1170 Occidente

293 1189 429 1271 pertinet
449 1187 607 1244 communi
626 1187 842 1242 aestimatione
866 1186 969 1241 minor
987 1192 1044 1246 est.
1069 1185 1184 1240 Verum
1211 1185 1313 1254 ipsIus
1340 1183 1489 1240 meritum
1513 1182 1554 1238 in

293 1257 491 1314 institutione
520 1257 695 1312 communis
722 1256 803 1311 vitae
832 1256 905 1310 cleri
931 1254 1083 1319 consistit,
1116 1269 1193 1323 quae
1220 1260 1329 1323 postea
1354 1252 1555 1310 canonicalis

294 1329 376 1384 vitae
395 1327 485 1398 origo
505 1326 573 1382 fuit
592 1326 661 1382 Non
680 1325 762 1380 enim
783 1325 983 1394 Augustinus
1008 1324 1069 1380 sibi
1089 1339 1182 1379 curae
1200 1323 1319 1390 habuit,
1338 1330 1374 1378 ut
1393 1322 1553 1378 maiorem

297 1397 459 1452 hominum
493 1411 656 1452 numerum
683 1412 700 1450 e
731 1395 853 1450 saeculo
878 1394 1031 1455 educeret,
1060 1394 1115 1448 sed
1145 1399 1179 1448 ut
1203 1393 1286 1449 clero
1314 1409 1372 1447 suo
1399 1407 1553 1446 amorem

292 1467 410 1521 ascesis
431 1463 607 1536 saeculique
625 1468 838 1534 contemptum
859 1465 1015 1518 excitaret.
1034 1493 1067 1504 -
1089 1463 1215 1518 lictus
1235 1461 1417 1532 religiosi
1435 1461 1563 1516 inter·

294 1535 432 1590 Bohem
442 1551 460 1589 o
469 1551 492 1589 a.
510 1533 720 1604 Reproductio
734 1532 855 1590 articuli
869 1533 901 1588 in
917 1531 1053 1602 »Pyccitiii
1068 1534 1243 1586 uberimas«
1260 1539 1387 1586 auctore
1401 1530 1553 1586 Holecek

295 1604 451 1674 publicati.
486 1603 718 1660 lucrementum
751 1602 928 1658 communis
966 1603 1054 1658 ideae
1089 1603 1222 1657 slavicae
1250 1602 1331 1656 bello
1360 1602 1551 1656 Bassorum

295 1689 365 1729 cum
386 1672 496 1730 'l'urcis
514 1680 652 1728 creatum
683 1673 837 1728 Bohemos
866 1671 970 1726 acrius
991 1671 1133 1728 conscios
1152 1671 1233 1740 fecit,
1252 1671 1468 1741 quaestionem
1489 1685 1555 1725 na·

295 1742 440 1798 tionalem
469 1757 538 1798 cum
566 1742 748 1812 quaestione
773 1741 980 1796 confessionis
1006 1741 1115 1796 intIme
1140 1741 1314 1796 cohaerere.
1345 1741 1414 1795 Dux
1440 1739 1552 1809 partis

295 1813 568 1868 Neobohemoruni
603 1811 734 1868 Carolus
760 1811 960 1892 Sladliovsliy
980 1811 1019 1865 ad
1048 1810 1145 1865 fidem
1172 1810 1378 1866 orthodoxam
1404 1809 1553 1865 transiit.

295 1881 403 1952 Ipsius
422 1887 525 1936 tamen
554 1881 704 1936 lectiones
723 1880 901 1949 exemplum
922 1894 989 1935 eius
1015 1895 1077 1934 non
1097 1885 1172 1935 sunt
1196 1885 1320 1936 secutae
1339 1878 1552 1948 persuasioni

296 1950 495 2032 indulgentes
515 1951 727 2020 quaestionem
753 1949 930 2019 religiosam
956 1949 1181 2005 introductione
1208 1949 1391 2004 Bohemicae
1412 1948 1554 2017 linguae

294 2021 457 2090 liturgicus
484 2025 578 2092 atque
600 2019 794 2074 Institutione
815 2019 960 2074 ecclesiae
988 2018 1153 2074 nationalia
1176 2018 1310 2073 solutam
1333 2018 1409 2074 fore.
1437 2019 1472 2073 ln
1498 2032 1553 2072 ce·

295 2090 375 2145 lebri
394 2089 477 2146 bulla
497 2089 609 2144 Leonis
631 2089 718 2145 XIII.
741 2088 882 2144 »Grande
902 2104 1032 2144 munus·
1060 2087 1182 2143 initium
1215 2087 1422 2142 realizationis
1442 2087 1550 2143 huius

295 2158 384 2215 ideae
413 2159 493 2214 falso
519 2174 593 2214 coiis
617 2156 777 2213 iciebatur.
801 2159 848 2213 Ab
874 2157 942 2212 aliis
964 2164 1036 2213 ante
1059 2159 1159 2214 ositus
1187 2165 1235 2213 est
1259 2157 1562 2228 protestantismus,

296 2245 390 2299 quem
412 2227 527 2290 Kolle'in
552 2175 686 2291 Saiaiili,
713 2227 846 2298 Palacky
876 2232 951 2282 sunt
974 2174 1119 2294 coniissi,
1143 2233 1303 2298 tamquam
1336 2228 1442 2282 haeres
1473 2226 1551 2281 reli·

295 2297 400 2369 gionis
436 2297 612 2353 hussiticce.
649 2297 727 2354 Cum
758 2311 860 2366 nuper
892 2296 1010 2366 Pragae
1046 2297 1168 2367 primns
1201 2297 1394 2353 exstruendo
1432 2311 1551 2351 monu-

296 2372 402 2422 mento
428 2367 566 2436 magistri
601 2367 732 2422 «Ioannis
769 2366 840 2422 Hus
876 2365 957 2436 lapis
993 2375 1171 2436 poneretur,
1208 2366 1363 2422 lutherani
1401 2365 1549 2434 hospites

296 2453 314 2492 e
334 2436 518 2492 Germaniae
537 2435 668 2505 imperio
681 2436 711 2491 iii
722 2435 802 2490 :itati
817 2451 905 2504 spem
925 2436 1056 2499 alebant,
1075 2435 1153 2504 fore,
1166 2440 1201 2490 ut
1219 2436 1276 2490 hac
1290 2436 1451 2491 occasione
1470 2451 1549 2504 pro·

297 2505 516 2561 testantismiis
537 2509 694 2573 tamquam
715 2504 874 2560 husitismi
893 2519 1058 2560 successor
1083 2511 1194 2560 ettam
1220 2521 1291 2560 uam
1312 2505 1470 2560 confessio
1491 2506 1551 2559 bo·

298 2575 436 2630 hemicae
455 2574 600 2630 ecclesiae
620 2573 783 2630 nationalis
797 2574 1017 2644 proclametur.
1039 2575 1180 2629 Eventus
1195 2521 1373 2645 imgenses
1392 2590 1446 2630 eos
1466 2590 1550 2629 vero

297 2645 500 2710 edocuerunt,
518 2643 557 2698 de
576 2645 671 2698 rebus
692 2645 860 2699 bohemicis
897 2659 1008 2699 rorsus
1027 2644 1107 2698 falso
1121 2659 1155 2698 se
1173 2643 1272 2699 fuisse
1285 2644 1466 2699 instructos.
1489 2645 1551 2699 Re·

298 2728 374 2770 vera
398 2711 565 2770 familiares
592 2712 758 2768 relationes
787 2729 826 2782 po
850 2659 894 2768 iiii
921 2714 961 2768 ad
991 2714 1118 2768 Fratres
1148 2714 1299 2769 bohemos
1330 2715 1546 2769 characterem

298 2784 415 2838 habent
442 2781 567 2837 nonnisi
606 2783 798 2838 historicum.
827 2729 998 2852 Emigratio
1024 2783 1277 2839 Herreuhutiana
1306 2783 1431 2852 linguae
1452 2784 1552 2838 bolie-

301 2853 395 2907 micae
413 2851 473 2906 iam
493 2852 600 2924 ignara
619 2858 701 2908 certe
719 2852 898 2907 charactere
917 2851 1063 2907 ecclesiae
1081 2852 1246 2909 nationalis
1269 2859 1357 2907 caret
1384 2852 1549 2908 Articulus

299 2921 502 2991 persuasione
517 2921 710 2989 terminatur,
727 2921 883 2976 Bohemos
895 2921 1018 2976 nonnisi
1031 2922 1062 2976 iii
1076 2923 1190 2977 unione
1207 2937 1277 2977 cum
1298 2922 1427 2976 ecclesia
1437 2923 1551 2977 ortho-

298 2991 381 3046 doxa
397 2990 663 3061 regenerationem
680 3007 768 3046 suam
782 3004 853 3046 esse
868 2991 1145 3060 perfecturos.(Nr.
1155 2994 1191 3058 4.)
1202 3026 1224 3032 -
1242 2992 1290 3046 Ex
1310 2993 1550 3062 ·Hosropo;icnia

296 3061 508 3131 Eiiupiiiaiiiisia
537 3063 729 3126 Biigoiiocrii«
756 3060 1006 3116 communicatur
1024 3061 1187 3126 explicatio
1208 3061 1419 3118 Causarum
1449 3061 1549 3116 inte-

299 3129 404 3186 ritus
423 3131 705 3200 antiquitatum
732 3129 768 3184 iii
793 3129 978 3184 ecclesiis
1003 3130 1218 3186 ruralibus
1239 3131 1305 3186 lam
1325 3147 1361 3186 ex
1381 3130 1445 3186 fine
1465 3146 1548 3186 saec.

297 3199 396 3255 XVIII
403 3199 522 3255 obiecta
533 3200 609 3255 artis
616 3199 840 3255 ecclesiasticae
850 3199 1134 3255 raroinveniuntur.
1145 3199 1274 3256 Praeter
1281 3215 1392 3256 causas
1400 3206 1548 3256 externas

305 3269 502 3336 (incendium,
521 3275 686 3338 umorem),
705 3267 892 3339 praesertim
909 3267 1013 3337 inopia
1033 3283 1146 3324 sensus
1166 3270 1242 3324 recti
1261 3270 1386 3342 generis
1406 3269 1480 3324 artis
1499 3285 1553 3325 ec·

298 3338 495 3404 clesIasticae,
514 3341 545 3394 in
564 3339 617 3406 eis,
665 3354 777 3394 uorum
797 3339 924 3393 interest
942 3337 1079 3392 ecclesiis
1098 3338 1273 3418 providere,
1292 3339 1456 3396 indicatur.
1476 3339 1548 3394 Stu-

299 3408 387 3464 dium
409 3408 566 3464 technicae
586 3355 784 3478 periectionis
798 3407 999 3477 colorumque
1018 3407 1183 3463 hilaritatis
1198 3410 1366 3464 submovet
1386 3409 1548 3476 antiquam

300 3484 399 3534 artem
444 3477 537 3532 ietate
556 3482 588 3532 et
602 3477 749 3548 religIoso
765 3477 879 3532 ardore
893 3477 1026 3558 plenam,
1045 3477 1134 3532 cuius
1150 3478 1340 3548 exemplaria
1353 3478 1385 3532 in
1400 3478 1550 3534 turribus

300 3548 350 3602 vel
380 3493 441 3602 sui
467 3547 667 3602 ecclesiarum
697 3545 786 3601 tectis
811 3546 956 3615 perniciei
980 3547 1150 3602 traduntur
1178 3547 1226 3602 vel
1258 3548 1298 3601 ab
1326 3547 1547 3616 antiquitatum

300 3615 496 3685 emptoribus
519 3615 710 3684 auferuntur,
730 3615 784 3739 <stri
803 3631 838 3670 ea
856 3615 1050 3684 fulgentibus
1070 3616 1165 3672 rebus
1182 3616 1274 3671 novis
1288 3618 1388 3686 pretio
1407 3617 1551 3671 artistico

300 3685 481 3740 carentibus
502 3688 703 3741 commutant.
725 3687 734 3752 (
767 3700 790 3740 r.
810 3689 846 3754 5.)

407 3754 456 3809 De
477 3754 656 3809 mulieris
682 3759 821 3809 natura
839 3755 1002 3823 eiusque
1027 3755 1273 3810 educationis
1294 3756 1461 3811 ratione.
1482 3755 1549 3810 llu-

301 3821 386 3877 lieris
414 3823 482 3893 lege
501 3825 669 3879 christiana
696 3823 823 3890 levatae,
852 3824 921 3878 viro
950 3830 1053 3878 tamen
1083 3823 1234 3891 subditae,
1262 3827 1357 3882 corde
1381 3830 1412 3880 et
1430 3825 1549 3880 affectu

301 3892 519 3962 potiusquam
550 3893 759 3963 speculatione
785 3893 920 3947 viventis
948 3893 1090 3948 educatio
1119 3893 1238 3948 ratione
1262 3894 1386 3963 quidem
1413 3910 1477 3949 non
1497 3910 1552 3949 ne-

300 3961 409 4030 glecta,
430 3962 616 4042 praepiimis
636 3967 739 4018 tamen
759 3963 798 4016 ad
813 3962 943 4017 morales
958 3964 1026 4018 eius
1040 3961 1202 4018 facultates
1216 3979 1252 4018 ae
1263 3963 1468 4020 humanitatis
1480 3979 1550 4019 sen·

302 4045 358 4084 sus
378 4031 544 4101 dirigenda
563 4037 618 4088 est.
640 4033 740 4087 Locus
760 4031 861 4101 ipsius
881 4031 979 4102 Igitur
997 4047 1059 4086 non
1079 4036 1142 4086 tam
1162 4032 1193 4087 iii
1213 4032 1277 4087 vita
1319 4034 1421 4090 ublica
1449 4048 1548 4103 quain

301 4099 333 4153 iii
352 4099 476 4170 familia,
503 4102 615 4168 schola,
641 4102 723 4170 apud
749 4107 905 4182 aegrotos,
930 4101 1032 4157 laesos
1051 4106 1106 4156 etc.
1131 4101 1236 4225 aptius
1261 4102 1301 4157 lia
1325 4108 1402 4159 etur.
1422 4134 1454 4144 -
1476 4103 1551 4158 Per·

301 4174 477 4226 tractantur
495 4172 754 4240 quaestiones
774 4171 997 4240 liturgicae.
1015 4201 1049 4210 -
1070 4171 1142 4226 Ecc
1166 4171 1249 4226 esia
1268 4172 1491 4227 orthodoxa
1509 4173 1550 4226 iii

302 4238 442 4297 Urmia.
469 4270 500 4280 -
532 4239 766 4296 Missionum
803 4241 1058 4296 seminarium
1099 4241 1331 4296 Ardonense
1359 4244 1391 4297 in
1423 4241 1553 4297 Osci-iae

300 4307 445 4365 districtu
490 4308 661 4376 (Caucasus
705 4309 981 4379 septentrionalis).
1012 4341 1045 4350 -
1079 4310 1255 4366 Eventus
1292 4312 1329 4366 in
1361 4317 1551 4367 extremo

301 4377 490 4433 Oriente.
521 4409 553 4420 -
597 4381 650 4435 De
691 4379 882 4436 Galiciae
925 4379 1139 4435 Ruthenis
1181 4380 1334 4435 odiosa
1373 4381 1550 4436 admini-

302 4448 526 4526 stratione.
558 4482 590 4489 -
623 4449 848 4505 Librorum
892 4449 1107 4504 recensio:
1158 4449 1466 4506 commentarii
1506 4450 1551 4505 in

301 4515 443 4574 libros
475 4519 646 4574 Veteris
678 4535 718 4574 ac
749 4520 854 4575 Novi
887 4518 1165 4586 Testamenti,
1197 4519 1374 4576 redactione
1403 4523 1422 4587 †
1451 4523 1484 4578 A.
1515 4521 1547 4575 P.

302 4585 473 4654 LopuchIn.
505 4619 537 4628 -
580 4589 853 4644 Monumenta
908 4588 1200 4644 orthodoxiae
1243 4591 1554 4660 russicaeque
