3450 5342
681 364 875 420 -343-

130 555 332 630 suscipiatur,
374 555 467 630 ipsam
502 552 698 610 nihilomiuus
733 552 1002 610 reconciliationem
1037 554 1094 630 ipsi
1130 553 1299 610 contritioni
1335 555 1398 611 siue

125 641 325 698 sacramenti
359 650 436 709 voto,
473 637 551 717 quod
586 641 617 696 in
652 640 705 697 illa
738 637 907 710 includitur,
946 661 1004 698 nou
1041 657 1104 696 esse
1140 638 1394 698 adscribendam.“

129 729 303 797 Contritio,
327 747 402 804 quac
431 725 562 803 perlecta
593 736 638 786 est
661 729 793 790 caritate.
828 737 873 784 est
901 728 1038 784 contritio
1070 745 1106 784 ex
1130 729 1241 784 motivo
1265 729 1398 786 caritatis

131 824 299 892 concepta.
329 814 406 871 Nam
430 815 538 870 caritas
562 813 610 870 hic
643 834 702 871 uon
725 823 820 891 potest
852 813 980 889 intelligi
1004 811 1172 884 habitualis,
1204 833 1270 870 cum
1294 823 1399 890 agatur
1482 859 1485 864 Δ

134 900 177 958 tle
213 903 401 971 contritione,
432 912 463 958 nt
491 913 536 956 est
563 899 717 978 dispositio
748 899 786 958 ad
816 900 1064 970 iustificationem,
1099 921 1168 976 ergo
1199 899 1398 978 praecedente

134 990 299 1066 prioritate
324 1001 445 1046 naturae
462 989 615 1045 caritatem
632 985 823 1045 habitualem.
847 986 892 1046 Cf.
917 986 971 1044 De
996 986 1076 1060 San,
1099 986 1146 1044 De
1163 1007 1247 1064 poen.
1273 1009 1299 1044 n.
1324 989 1398 1050 5011.

252 1065 301 1155 B)
325 1096 363 1132 cx
393 1073 641 1151 propositionibus
672 1075 738 1130 Baii
770 1073 926 1131 damnetis.
957 1073 1043 1150 Prop.
1069 1075 1122 1131 31:
1163 1073 1299 1146 „Caritas
1330 1095 1396 1153 per-

139 1161 228 1220 fecta
251 1173 280 1218 et
303 1164 426 1230 sincera,
461 1179 536 1238 (puae
559 1172 602 1218 est
626 1182 664 1216 ex
687 1159 773 1219 corde
804 1180 876 1237 puro
907 1171 936 1217 et
966 1162 1148 1218 couscientia
1179 1159 1257 1218 bona
1285 1169 1314 1218 et
1337 1161 1396 1219 fide

140 1269 207 1306 uon
232 1249 308 1319 licta,
332 1260 392 1305 tam
416 1249 446 1304 iu
470 1247 698 1315 catechumenis,
722 1267 809 1325 quam
834 1249 864 1304 iu
881 1245 1107 1324 poenitentibus,
1132 1257 1307 1324 potestesse
1331 1251 1395 1308 sinc

142 1336 323 1392 remissione
346 1339 556 1412 peccatorum.³
587 1338 640 1392 32:
668 1336 803 1407 ,Caritas
820 1334 879 1406 illa,
903 1354 977 1411 quae
1001 1343 1044 1391 est
1060 1333 1212 1410 plenitudo
1228 1335 1311 1412 legis,
1335 1357 1393 1396 uon

143 1436 192 1478 est
218 1442 335 1498 semper
360 1424 516 1478 coniuncta
540 1442 605 1478 cum
630 1424 802 1478 remissione
818 1423 1030 1498 pcccatorum.“
1060 1423 1113 1478 33:
1141 1422 1398 1494 „Catcchumenus

143 1512 233 1567 iuste.
258 1521 336 1565 recte
359 1518 388 1566 et
405 1521 505 1565 sattcte
530 1511 605 1565 risit
622 1521 650 1564 et
674 1507 813 1565 mandata
832 1507 888 1563 llei
913 1505 1049 1564 observat
1074 1527 1125 1584 per
1149 1509 1301 1566 caritatem
1327 1521 1396 1568 aute

142 1595 299 1652 obtentam
336 1597 538 1653 remissionem
567 1608 760 1672 peccatorum,
795 1615 870 1671 quae
903 1595 935 1652 iu
964 1593 1103 1671 baptismi
1135 1595 1254 1654 lavacro
1277 1596 1396 1656 demum

143 1685 333 1760 percipitur.²
370 1685 422 1740 itt:
451 1683 566 1753 ,llorue
589 1685 736 1739 exsistens
759 1683 790 1737 iu
814 1691 933 1759 peccato
957 1682 1072 1738 mortali
1097 1685 1160 1739 sire
1185 1685 1215 1740 iu
1241 1695 1322 1742 reatu
1346 1706 1397 1742 ae-

143 1782 250 1826 ternae
278 1769 485 1836 damnationis,
521 1782 616 1845 potest
646 1768 755 1825 habere
785 1788 884 1824 reram
910 1771 1071 1839 raritatem,
1107 1783 1134 1825 et
1167 1773 1274 1828 raritas
1305 1775 1395 1828 etiam

148 1855 281 1933 perfecta
312 1868 406 1932 potest
430 1859 589 1914 consistere
613 1877 678 1912 cum
702 1864 784 1912 reatu
807 1867 945 1912 aeternae
973 1849 1198 1915 damnationis·
1230 1861 1282 1915 71:
1318 1860 1397 1930 ,l'er

148 1944 357 2001 contritionem
381 1946 470 2001 etiam
494 1963 558 2000 cum
583 1945 706 2000 caritate
730 1943 861 2017 perfecta
884 1952 993 1999 etcum
1011 1955 1079 2000 roto
1102 1943 1280 2020 suscipiendi
1299 1965 1396 2002 sacra-

149 2041 283 2087 mentum
300 2031 486 2087 couitmctarn
512 2051 584 2087 nou
607 2031 761 2086 remitti
774 2038 835 2085 tur
858 2031 969 2085 crimen
993 2043 1077 2086 extra
1089 2049 1187 2088 casuru
1212 2033 1397 2090 rreeraessitatis

152 2127 202 2173 aut
234 2119 368 2194 martyrii
401 2114 487 2174 siue
522 2116 675 2173 actuali
699 2118 959 2192 susceptione
988 2119 1189 2174 sac1·anrcuti.“
1228 2119 1261 2174 lu
1292 2117 1398 2195 quibus

150 2203 399 2280 propositionibus
427 2223 539 2273 ,sermo
551 2212 596 2259 est
611 2203 648 2260 tle
662 2205 785 2260 caritate
802 2203 922 2259 actuali:
947 2202 1015 2259 talis
1028 2217 1071 2260 cst
1091 2206 1168 2260 cuim
1183 2206 1297 2268 ceritum,
1322 2227 1397 2282 (pirae

150 2301 196 2346 est
218 2312 256 2346 cx
280 2290 365 2347 corde
389 2311 460 2367 puro
484 2302 513 2346 ct
536 2291 717 2347 conscicntia
744 2288 821 2346 bena
844 2299 872 2346 et
901 2288 958 2346 title
983 2311 1041 2347 neu
1066 2292 1144 2363 licta,
1177 2312 1213 2348 ex
1240 2291 1285 2348 lris
1318 2295 1397 2350 euim

150 2393 241 2440 actus,
272 2398 331 2434 uon
355 2377 472 2434 babitus
495 2377 638 2454 procedit:
670 2377 738 2434 talis
761 2388 805 2433 est
829 2378 945 2444 caritas,
969 2396 1043 2454 quae
1067 2389 1110 2434 est
1135 2377 1287 2454 plenitudo
1311 2379 1397 2456 legis:

151 2474 217 2520 actu
240 2467 328 2529 enim,
351 2485 409 2521 non
433 2463 536 2521 habitu
561 2465 654 2539 legem
679 2463 846 2541 implemus:
882 2464 950 2520 tulis
974 2477 1017 2520 est
1041 2467 1156 2535 caritas,
1187 2486 1244 2541 qua
1269 2469 1343 2523 iuste
1366 2481 1394 2524 et

152 2565 251 2607 sunere
275 2553 385 2607 vivitur
407 2564 436 2608 et
459 2549 601 2607 mandata
621 2551 677 2606 ltei
700 2549 906 2606 observantur:
930 2563 1042 2626 oportet
1066 2553 1143 2607 cuim
1164 2555 1315 2609 caritatem
1333 2575 1397 2612 esse

153 2638 184 2692 iu
200 2650 273 2703 actu,
296 2648 326 2694 nt
346 2637 404 2694 dici
418 2640 508 2714 pessit
525 2659 576 2714 per
588 2657 653 2694 erun
668 2636 741 2692 ltaec
756 2636 832 2703 lieri:
856 2635 924 2691 talis
937 2647 980 2691 cst
997 2639 1112 2705 caritas,
1136 2657 1211 2715 (puae
1225 2641 1395 2698 contritioni

155 2726 340 2798 coniungitur
350 2725 438 2795 illius,
451 2727 497 2780 cui
510 2725 683 2801 supponitur
695 2743 754 2780 uon
767 2723 919 2778 reruissnur
933 2742 996 2778 esse
1010 2728 1187 2798 peccetuur.“
1208 2725 1309 2782 Palm
1321 2728 1396 2794 ieri,

156 2810 201 2867 lle
224 2831 307 2886 poen.
331 2811 371 2867 tlt.
395 2815 444 2879 2³3,
470 2811 503 2868 l'.
528 2813 573 2868 Cf.
600 2811 651 2867 lle
677 2811 789 2884 linge,
817 2809 860 2866 lle
877 2829 951 2885 pueu
984 2807 1058 2886 disp.
1084 2813 1109 2878 ιἰ,
1134 2833 1155 2866 s.
1180 2818 1197 2862 s
1224 2812 1282 2881 (tlt.
1306 2815 1394 2870 etiarn

157 2898 253 2967 Baius
286 2898 330 2953 lle
353 2901 435 2954 car-it.
459 2917 482 2954 c.
514 2901 527 2953 1
561 2908 589 2954 et
614 2901 654 2973 ij.
690 2897 768 2972 ldrgo
797 2907 920 2971 negatur
950 2896 1094 2954 actualem
1126 2899 1277 2954 caritatem
1308 2901 1397 2957 etiam

156 2986 312 3060 perfectam
347 2997 376 3041 et
406 2987 550 3042 sinceram
581 2986 738 3061 impetrare
769 2983 939 3039 immediato
974 2985 1175 3041 teruissiouetn
1210 2996 1394 3062 [retentorum

158 3069 279 3148 ideoque
303 3093 402 3129 veram
418 3072 669 3130 iustilieatioueur:
693 3082 721 3127 et
738 3072 827 3126 etiarn
843 3071 1049 3126 contritionem
1073 3093 1108 3127 ex
1126 3073 1236 3128 metire
1261 3075 1393 3130 caritatis

157 3157 291 3228 elicitam,
326 3179 401 3236 (prae
432 3161 496 3235 ipsa
526 3169 570 3215 cst
601 3170 681 3214 actrts
711 3159 843 3214 caritatis
874 3157 922 3234 (et'.
958 3157 1037 3214 lleel.
1066 3178 1093 3214 u.
1119 3161 1149 3230 a)
1182 3157 1211 3214 id
1244 3171 1393 3236 praestare

159 3255 284 3317 negatur.

257 3332 318 3389 lam
344 3353 412 3388 vero
441 3332 513 3397 ,lrae
538 3333 752 3408 propositiones
776 3331 861 3387 simul
886 3350 951 3386 curu
976 3331 1043 3386 uliis
1060 3329 1216 3387 tlaruuatue
1240 3341 1315 3400 suut,
1340 3354 1398 3391 neu

157 3418 285 3492 singulae
308 3419 451 3494 singulari
474 3438 599 3476 censura
622 3430 748 3484 notatae,
772 3415 824 3474 scd
847 3437 948 3474 ornnes
972 3419 1136 3494 respective
1162 3427 1301 3496 tauquam
1326 3419 1395 3477 liae-

157 3507 268 3574 reticae,
292 3525 439 3571 erroneae,
464 3504 625 3582 suspectae,
655 3506 837 3574 temerariae,
868 3503 1059 3561 searulalosae
1091 3516 1119 3560 ct
1143 3506 1256 3580 piarum
1281 3509 1393 3564 aurium

160 3592 321 3648 oileusivae.
355 3591 468 3651 Idcirco
495 3592 595 3670 aliqua
625 3612 662 3647 cs
687 3591 733 3647 his
760 3593 890 3647 censuris
921 3593 1060 3668 corripietit
1084 3601 1161 3646 certe
1192 3604 1219 3646 et
1244 3592 1304 3648 illis
1332 3613 1397 3670 pre-

161 3677 357 3754 positionibus.
390 3680 495 3756 Liquet
519 3690 616 3736 autem
639 3697 689 3735 eas
713 3698 772 3736 non
800 3676 933 3734 damnari
958 3698 1000 3754 co,
1029 3676 1107 3754 quod
1135 3676 1268 3735 iutlebita
1298 3679 1398 3756 aliqua

163 3786 278 3823 sensura
302 3776 403 3823 rmteut
426 3765 590 3823 doctrinam
614 3764 828 3840 theologorum:
853 3763 1018 3822 huiusmodi
1043 3765 1120 3821 euim
1146 3785 1335 3822 censurarum
1360 3787 1396 3824 ue

163 3855 313 3928 vestigium
348 3851 466 3930 quidem
501 3855 532 3909 iu
566 3853 626 3908 illis
660 3851 916 3928 propositionibus.
954 3851 1141 3909 llamnautnr
1175 3872 1244 3926 ergo
1278 3865 1396 3930 propter

163 3936 327 3998 doctrinam.
351 3941 441 3997 Porro
465 3942 668 4017 permittamus
691 3939 823 4016 supponi,
855 3937 933 4015 quorl
964 3941 1087 3995 minima
1114 3959 1151 3995 ex
1179 3938 1238 3995 illis
1268 3942 1398 3998 censuris

163 4025 329 4102 supradietis
356 4026 497 4084 debeatur
526 4028 577 4083 eis.
615 4024 840 4082 Atlvertendum
871 4038 923 4094 est,
959 4024 1035 4104 quod
1067 4025 1234 4083 huiusmodi
1267 4029 1399 4094 materia,

163 4110 194 4168 de
214 4132 270 4190 qna
293 4115 505 4190 propositiones
533 4128 624 4190 agunt
651 4127 694 4169 est
719 4113 842 4169 materia
870 4123 1006 4188 spectans
1034 4111 1071 4169 atl
1096 4111 1259 4190 depositum
1285 4114 1397 4172 revele-

163 4201 253 4271 tionis,
278 4202 374 4274 agitur
397 4202 476 4257 enim
500 4199 536 4256 de
559 4201 688 4267 caritate,
717 4197 754 4254 de
778 4199 913 4254 efficacia
935 4200 1074 4268 caritatis,
1108 4198 1144 4256 de
1169 4197 1273 4256 mediis
1298 4221 1398 4258 ueces-

163 4286 237 4343 sariis
269 4285 307 4342 ad
338 4288 582 4347 iustificatiouem,
614 4305 688 4363 qnae
718 4288 817 4342 omnia
845 4285 976 4343 revelata
1006 4306 1069 4342 esse
1098 4284 1207 4342 debent
1237 4295 1265 4342 et
1295 4307 1398 4364 reapse

164 4386 229 4435 sunt.
252 4388 340 4451 atque
363 4387 405 4431 est
425 4375 556 4443 materia,
580 4371 616 4429 tle
640 4393 698 4448 qua
714 4371 853 4430 iudicium
871 4372 940 4430 ferri
957 4393 1014 4431 uon
1032 4381 1135 4450 potest,
1159 4374 1215 4429 nisi
1241 4394 1279 4430 ex
1297 4394 1399 4430 norma

164 4461 355 4518 revelationis:
380 4472 447 4517 sunt
463 4462 541 4517 euim
558 4481 604 4516 res
620 4462 773 4536 positivae..
796 4481 872 4539 spese
888 4481 925 4518 ex
942 4460 1046 4517 diviua
1061 4459 1254 4537 dispositione
1275 4458 1395 4516 taudem

166 4546 293 4623 pendent.
319 4549 420 4624 ltaque
443 4549 475 4604 iu
499 4547 689 4604 revelationis
711 4547 844 4624 deposito
868 4549 1038 4605 alterutrum
1058 4548 1200 4604 contineri
1226 4545 1321 4609 (lebet,
1346 4545 1393 4600 rel

166 4637 306 4691 caritatem
337 4635 496 4711 perlectam
531 4648 559 4690 ct
587 4635 731 4690 sincerem
766 4654 850 4710 pesse
882 4655 945 4690 esse
979 4636 1141 4690 seiunctam
1177 4653 1193 4688 a
1223 4633 1394 4689 remissione
