<?xml version="1.0" encoding="UTF-8"?>
<!DOCTYPE html PUBLIC "-//W3C//DTD XHTML 1.0 Transitional//EN"
    "http://www.w3.org/TR/xhtml1/DTD/xhtml1-transitional.dtd">
<html xmlns="http://www.w3.org/1999/xhtml" xml:lang="en" lang="en">
 <head>
  <title>
</title>
<meta http-equiv="Content-Type" content="text/html;charset=utf-8" />
  <meta name='ocr-system' content='tesseract 3.04.00' />
  <meta name='ocr-capabilities' content='ocr_page ocr_carea ocr_par ocr_line ocrx_word'/>
</head>
<body>
  <div class='ocr_page' id='page_1' title='image "./slavorumlittera00unkngoog_0542.png"; bbox 0 0 3450 5342; ppageno 0'>
   <div class='ocr_carea' id='block_1_1' title="bbox 833 416 1027 472">
    <p class='ocr_par' dir='ltr' id='par_1_1' title="bbox 833 416 1027 472">
     <span class='ocr_line' id='line_1_1' title="bbox 833 416 1027 472; baseline 0.005 -1"><span class='ocrx_word' id='word_1_1' title='bbox 833 416 1027 472; x_wconf 79' lang='lat'>-172-</span> 
     </span>
    </p>
   </div>
   <div class='ocr_carea' id='block_1_2' title="bbox 279 602 1565 4418">
    <p class='ocr_par' dir='ltr' id='par_1_2' title="bbox 279 602 1565 1899">
     <span class='ocr_line' id='line_1_2' title="bbox 309 602 1564 682; baseline -0.003 -18"><span class='ocrx_word' id='word_1_2' title='bbox 309 605 464 673; x_wconf 78' lang='lat' dir='ltr'>inefficaci,</span> <span class='ocrx_word' id='word_1_3' title='bbox 489 604 674 662; x_wconf 79' lang='lat' dir='ltr'>inclinationi</span> <span class='ocrx_word' id='word_1_4' title='bbox 697 602 763 662; x_wconf 89' lang='lat' dir='ltr'>dieo</span> <span class='ocrx_word' id='word_1_5' title='bbox 787 605 923 676; x_wconf 81' lang='lat' dir='ltr'>naturali,</span> <span class='ocrx_word' id='word_1_6' title='bbox 947 625 989 662; x_wconf 90' lang='lat' dir='ltr'>co</span> <span class='ocrx_word' id='word_1_7' title='bbox 1002 625 1021 662; x_wconf 94' lang='lat' dir='ltr'>n</span> <span class='ocrx_word' id='word_1_8' title='bbox 1034 617 1045 662; x_wconf 87' lang='lat' dir='ltr'>t</span> <span class='ocrx_word' id='word_1_9' title='bbox 1057 625 1071 662; x_wconf 89' lang='lat' dir='ltr'>r</span> <span class='ocrx_word' id='word_1_10' title='bbox 1083 623 1100 662; x_wconf 90' lang='lat' dir='ltr'>a</span> <span class='ocrx_word' id='word_1_11' title='bbox 1113 626 1126 662; x_wconf 90' lang='lat' dir='ltr'>r</span> <span class='ocrx_word' id='word_1_12' title='bbox 1139 607 1147 661; x_wconf 93' lang='lat' dir='ltr'>i</span> <span class='ocrx_word' id='word_1_13' title='bbox 1161 625 1177 662; x_wconf 93' lang='lat' dir='ltr'>u</span> <span class='ocrx_word' id='word_1_14' title='bbox 1191 625 1218 662; x_wconf 90' lang='lat' dir='ltr'>m</span> <span class='ocrx_word' id='word_1_15' title='bbox 1251 606 1298 662; x_wconf 90' lang='lat' dir='ltr'>sit.</span> <span class='ocrx_word' id='word_1_16' title='bbox 1339 605 1564 682; x_wconf 77' lang='lat' dir='ltr'>ltepugnantia</span> 
     </span>
     <span class='ocr_line' id='line_1_3' title="bbox 308 689 1563 770; baseline -0.003 -20"><span class='ocrx_word' id='word_1_17' title='bbox 308 713 396 770; x_wconf 88' lang='lat' dir='ltr'>quam</span> <span class='ocrx_word' id='word_1_18' title='bbox 430 690 679 749; x_wconf 67' lang='lat' dir='ltr'>formaliter</span> <span class='ocrx_word' id='word_1_19' title='bbox 712 690 851 760; x_wconf 76' lang='lat' dir='ltr'>excludit,</span> <span class='ocrx_word' id='word_1_20' title='bbox 886 693 1149 770; x_wconf 83' lang='lat' dir='ltr'>est-repugnantia</span> <span class='ocrx_word' id='word_1_21' title='bbox 1172 694 1248 749; x_wconf 90' lang='lat' dir='ltr'>inter</span> <span class='ocrx_word' id='word_1_22' title='bbox 1270 691 1467 748; x_wconf 79' lang='lat' dir='ltr'>voluntatem</span> <span class='ocrx_word' id='word_1_23' title='bbox 1507 689 1563 746; x_wconf 90' lang='lat' dir='ltr'>bu-</span> 
     </span>
     <span class='ocr_line' id='line_1_4' title="bbox 308 777 1563 846; baseline -0.004 -9"><span class='ocrx_word' id='word_1_24' title='bbox 308 798 470 837; x_wconf 89' lang='lat' dir='ltr'>manam</span> <span class='ocrx_word' id='word_1_25' title='bbox 506 777 747 836; x_wconf 69' lang='lat' dir='ltr'>(efficacem</span> <span class='ocrx_word' id='word_1_26' title='bbox 784 791 813 835; x_wconf 91' lang='lat' dir='ltr'>ct</span> <span class='ocrx_word' id='word_1_27' title='bbox 839 778 1019 838; x_wconf 76' lang='lat' dir='ltr'>voluntatem</span> <span class='ocrx_word' id='word_1_28' title='bbox 1058 777 1265 846; x_wconf 75' lang='lat' dir='ltr'>divinam,</span> <span class='ocrx_word' id='word_1_29' title='bbox 1303 781 1563 836; x_wconf 63' lang='lat' dir='ltr'>intermeant</span> 
     </span>
     <span class='ocr_line' id='line_1_5' title="bbox 307 863 1563 943; baseline -0.003 -20"><span class='ocrx_word' id='word_1_30' title='bbox 307 878 458 943; x_wconf 83' lang='lat' dir='ltr'>tamquam</span> <span class='ocrx_word' id='word_1_31' title='bbox 498 885 669 922; x_wconf 85' lang='lat' dir='ltr'>causam</span> <span class='ocrx_word' id='word_1_32' title='bbox 714 867 956 942; x_wconf 82' lang='lat' dir='ltr'>proximam</span> <span class='ocrx_word' id='word_1_33' title='bbox 994 885 1117 942; x_wconf 87' lang='lat' dir='ltr'>eamque</span> <span class='ocrx_word' id='word_1_34' title='bbox 1163 867 1438 942; x_wconf 73' lang='lat' dir='ltr'>negativam</span> <span class='ocrx_word' id='word_1_35' title='bbox 1484 863 1563 920; x_wconf 72' lang='lat' dir='ltr'>huin</span> 
     </span>
     <span class='ocr_line' id='line_1_6' title="bbox 307 951 1562 1031; baseline -0.003 -21"><span class='ocrx_word' id='word_1_36' title='bbox 307 953 593 1031; x_wconf 78' lang='lat' dir='ltr'>non-repugnantiae</span> <span class='ocrx_word' id='word_1_37' title='bbox 631 951 882 1010; x_wconf 81' lang='lat' dir='ltr'>absentiam</span> <span class='ocrx_word' id='word_1_38' title='bbox 923 953 1325 1030; x_wconf 78' lang='lat' dir='ltr'>concupiscentiae</span> <span class='ocrx_word' id='word_1_39' title='bbox 1372 951 1562 1008; x_wconf 74' lang='lat' dir='ltr'>voluntatem</span> 
     </span>
     <span class='ocr_line' id='line_1_7' title="bbox 307 1035 1564 1118; baseline -0.004 -20"><span class='ocrx_word' id='word_1_40' title='bbox 307 1039 432 1098; x_wconf 86' lang='lat' dir='ltr'>liberam</span> <span class='ocrx_word' id='word_1_41' title='bbox 463 1035 502 1096; x_wconf 88' lang='lat' dir='ltr'>ad</span> <span class='ocrx_word' id='word_1_42' title='bbox 533 1039 641 1096; x_wconf 90' lang='lat' dir='ltr'>malum</span> <span class='ocrx_word' id='word_1_43' title='bbox 664 1038 852 1096; x_wconf 84' lang='lat' dir='ltr'>sollicitantis</span> <span class='ocrx_word' id='word_1_44' title='bbox 876 1040 1015 1115; x_wconf 70' lang='lat' dir='ltr'>assignet,</span> <span class='ocrx_word' id='word_1_45' title='bbox 1049 1051 1199 1118; x_wconf 85' lang='lat' dir='ltr'>tamquam</span> <span class='ocrx_word' id='word_1_46' title='bbox 1229 1059 1348 1097; x_wconf 88' lang='lat' dir='ltr'>causam</span> <span class='ocrx_word' id='word_1_47' title='bbox 1375 1059 1455 1095; x_wconf 80' lang='lat' dir='ltr'>vero</span> <span class='ocrx_word' id='word_1_48' title='bbox 1480 1039 1564 1094; x_wconf 91' lang='lat' dir='ltr'>ulti-</span> 
     </span>
     <span class='ocr_line' id='line_1_8' title="bbox 308 1125 1563 1204; baseline -0.003 -20"><span class='ocrx_word' id='word_1_49' title='bbox 308 1147 416 1193; x_wconf 77' lang='lat' dir='ltr'>mam,</span> <span class='ocrx_word' id='word_1_50' title='bbox 451 1127 705 1204; x_wconf 78' lang='lat' dir='ltr'>positivam,</span> <span class='ocrx_word' id='word_1_51' title='bbox 739 1145 814 1204; x_wconf 69' lang='lat' dir='ltr'>«puae</span> <span class='ocrx_word' id='word_1_52' title='bbox 848 1128 992 1186; x_wconf 89' lang='lat' dir='ltr'>omnia</span> <span class='ocrx_word' id='word_1_53' title='bbox 1024 1125 1161 1204; x_wconf 82' lang='lat' dir='ltr'>explieat,</span> <span class='ocrx_word' id='word_1_54' title='bbox 1193 1129 1327 1204; x_wconf 88' lang='lat' dir='ltr'>ipsam</span> <span class='ocrx_word' id='word_1_55' title='bbox 1353 1129 1563 1183; x_wconf 86' lang='lat' dir='ltr'>unionem</span> 
     </span>
     <span class='ocr_line' id='line_1_9' title="bbox 309 1212 1565 1292; baseline -0.003 -22"><span class='ocrx_word' id='word_1_56' title='bbox 309 1213 665 1292; x_wconf 75' lang='lat' dir='ltr'>hypostaticam:</span> <span class='ocrx_word' id='word_1_57' title='bbox 697 1212 807 1270; x_wconf 87' lang='lat' dir='ltr'>hane</span> <span class='ocrx_word' id='word_1_58' title='bbox 831 1213 911 1270; x_wconf 87' lang='lat' dir='ltr'>enim</span> <span class='ocrx_word' id='word_1_59' title='bbox 935 1215 1072 1271; x_wconf 92' lang='lat' dir='ltr'>unionem</span> <span class='ocrx_word' id='word_1_60' title='bbox 1096 1213 1246 1292; x_wconf 90' lang='lat' dir='ltr'>utriusque</span> <span class='ocrx_word' id='word_1_61' title='bbox 1270 1223 1395 1270; x_wconf 87' lang='lat' dir='ltr'>naturae</span> <span class='ocrx_word' id='word_1_62' title='bbox 1423 1212 1565 1291; x_wconf 70' lang='lat' dir='ltr'>hyposta-</span> 
     </span>
     <span class='ocr_line' id='line_1_10' title="bbox 308 1298 1563 1378; baseline -0.002 -21"><span class='ocrx_word' id='word_1_63' title='bbox 308 1301 406 1370; x_wconf 81' lang='lat' dir='ltr'>ticam,</span> <span class='ocrx_word' id='word_1_64' title='bbox 431 1321 489 1358; x_wconf 91' lang='lat' dir='ltr'>non</span> <span class='ocrx_word' id='word_1_65' title='bbox 513 1320 582 1356; x_wconf 83' lang='lat' dir='ltr'>vcro</span> <span class='ocrx_word' id='word_1_66' title='bbox 605 1301 748 1358; x_wconf 86' lang='lat' dir='ltr'>unitatem</span> <span class='ocrx_word' id='word_1_67' title='bbox 773 1302 951 1357; x_wconf 74' lang='lat' dir='ltr'>numericam</span> <span class='ocrx_word' id='word_1_68' title='bbox 976 1319 1117 1378; x_wconf 84' lang='lat' dir='ltr'>personae</span> <span class='ocrx_word' id='word_1_69' title='bbox 1140 1320 1198 1378; x_wconf 90' lang='lat' dir='ltr'>qua</span> <span class='ocrx_word' id='word_1_70' title='bbox 1220 1299 1317 1368; x_wconf 81' lang='lat' dir='ltr'>talem,</span> <span class='ocrx_word' id='word_1_71' title='bbox 1342 1309 1375 1357; x_wconf 90' lang='lat' dir='ltr'>ut</span> <span class='ocrx_word' id='word_1_72' title='bbox 1401 1300 1464 1356; x_wconf 87' lang='lat' dir='ltr'>He</span> <span class='ocrx_word' id='word_1_73' title='bbox 1479 1298 1563 1356; x_wconf 77' lang='lat' dir='ltr'>feli·</span> 
     </span>
     <span class='ocr_line' id='line_1_11' title="bbox 308 1385 1563 1464; baseline -0.002 -20"><span class='ocrx_word' id='word_1_74' title='bbox 308 1387 759 1463; x_wconf 68' lang='lat' dir='ltr'>enmdieercsuepieatusest,</span> <span class='ocrx_word' id='word_1_75' title='bbox 794 1388 1014 1464; x_wconf 86' lang='lat' dir='ltr'>propriam</span> <span class='ocrx_word' id='word_1_76' title='bbox 1050 1388 1332 1444; x_wconf 88' lang='lat' dir='ltr'>rationemct</span> <span class='ocrx_word' id='word_1_77' title='bbox 1362 1385 1563 1443; x_wconf 87' lang='lat' dir='ltr'>radicem</span> 
     </span>
     <span class='ocr_line' id='line_1_12' title="bbox 279 1471 1563 1550; baseline 0 -22"><span class='ocrx_word' id='word_1_78' title='bbox 279 1495 381 1542; x_wconf 82' lang='lat' dir='ltr'>.esse‚</span> <span class='ocrx_word' id='word_1_79' title='bbox 413 1493 464 1530; x_wconf 85' lang='lat' dir='ltr'>eur</span> <span class='ocrx_word' id='word_1_80' title='bbox 493 1483 599 1532; x_wconf 89' lang='lat' dir='ltr'>natura</span> <span class='ocrx_word' id='word_1_81' title='bbox 632 1471 762 1530; x_wconf 86' lang='lat' dir='ltr'>hamana</span> <span class='ocrx_word' id='word_1_82' title='bbox 785 1473 896 1530; x_wconf 80' lang='lat' dir='ltr'>l&#39;lnisti</span> <span class='ocrx_word' id='word_1_83' title='bbox 931 1477 1054 1550; x_wconf 77' lang='lat' dir='ltr'>integra,</span> <span class='ocrx_word' id='word_1_84' title='bbox 1087 1476 1150 1531; x_wconf 89' lang='lat' dir='ltr'>sine</span> <span class='ocrx_word' id='word_1_85' title='bbox 1184 1475 1430 1550; x_wconf 84' lang='lat' dir='ltr'>coucupiscentia</span> <span class='ocrx_word' id='word_1_86' title='bbox 1473 1493 1563 1530; x_wconf 82' lang='lat' dir='ltr'>esse</span> 
     </span>
     <span class='ocr_line' id='line_1_13' title="bbox 307 1559 1562 1640; baseline -0.002 -22"><span class='ocrx_word' id='word_1_87' title='bbox 307 1560 386 1618; x_wconf 92' lang='lat' dir='ltr'>deb</span> <span class='ocrx_word' id='word_1_88' title='bbox 399 1573 476 1622; x_wconf 86' lang='lat' dir='ltr'>eat.</span> <span class='ocrx_word' id='word_1_89' title='bbox 515 1563 590 1616; x_wconf 84' lang='lat' dir='ltr'>sient</span> <span class='ocrx_word' id='word_1_90' title='bbox 614 1572 718 1618; x_wconf 87' lang='lat' dir='ltr'>natura</span> <span class='ocrx_word' id='word_1_91' title='bbox 743 1559 827 1617; x_wconf 70' lang='lat' dir='ltr'>Adae</span> <span class='ocrx_word' id='word_1_92' title='bbox 851 1561 918 1618; x_wconf 85' lang='lat' dir='ltr'>lirit:</span> <span class='ocrx_word' id='word_1_93' title='bbox 943 1559 1019 1617; x_wconf 88' lang='lat' dir='ltr'>hanc</span> <span class='ocrx_word' id='word_1_94' title='bbox 1042 1576 1255 1640; x_wconf 79' lang='lat' dir='ltr'>consequenter</span> <span class='ocrx_word' id='word_1_95' title='bbox 1280 1561 1323 1618; x_wconf 85' lang='lat' dir='ltr'>sic</span> <span class='ocrx_word' id='word_1_96' title='bbox 1348 1560 1495 1617; x_wconf 85' lang='lat' dir='ltr'>ultimam</span> <span class='ocrx_word' id='word_1_97' title='bbox 1521 1581 1562 1616; x_wconf 88' lang='lat' dir='ltr'>ra-</span> 
     </span>
     <span class='ocr_line' id='line_1_14' title="bbox 307 1645 1563 1725; baseline -0.002 -20"><span class='ocrx_word' id='word_1_98' title='bbox 307 1649 417 1705; x_wconf 87' lang='lat' dir='ltr'>tionem</span> <span class='ocrx_word' id='word_1_99' title='bbox 441 1669 514 1709; x_wconf 78' lang='lat' dir='ltr'>esse.</span> <span class='ocrx_word' id='word_1_100' title='bbox 537 1668 588 1704; x_wconf 83' lang='lat' dir='ltr'>eur</span> <span class='ocrx_word' id='word_1_101' title='bbox 618 1646 748 1704; x_wconf 87' lang='lat' dir='ltr'>humana</span> <span class='ocrx_word' id='word_1_102' title='bbox 770 1647 907 1704; x_wconf 78' lang='lat' dir='ltr'>voluntas</span> <span class='ocrx_word' id='word_1_103' title='bbox 932 1667 983 1724; x_wconf 91' lang='lat' dir='ltr'>pcr</span> <span class='ocrx_word' id='word_1_104' title='bbox 1006 1650 1271 1725; x_wconf 80' lang='lat' dir='ltr'>concupiscentiam</span> <span class='ocrx_word' id='word_1_105' title='bbox 1306 1645 1342 1704; x_wconf 90' lang='lat' dir='ltr'>ab</span> <span class='ocrx_word' id='word_1_106' title='bbox 1373 1646 1563 1704; x_wconf 85' lang='lat' dir='ltr'>inhaerendo</span> 
     </span>
     <span class='ocr_line' id='line_1_15' title="bbox 305 1732 1563 1812; baseline -0.003 -20"><span class='ocrx_word' id='word_1_107' title='bbox 305 1735 450 1792; x_wconf 77' lang='lat' dir='ltr'>voluntati</span> <span class='ocrx_word' id='word_1_108' title='bbox 474 1733 595 1792; x_wconf 80' lang='lat' dir='ltr'>divinae</span> <span class='ocrx_word' id='word_1_109' title='bbox 619 1732 824 1791; x_wconf 75' lang='lat' dir='ltr'>abstrahi</span> <span class='ocrx_word' id='word_1_110' title='bbox 857 1734 982 1791; x_wconf 92' lang='lat' dir='ltr'>nullo</span> <span class='ocrx_word' id='word_1_111' title='bbox 1012 1733 1129 1792; x_wconf 88' lang='lat' dir='ltr'>modo</span> <span class='ocrx_word' id='word_1_112' title='bbox 1159 1737 1298 1812; x_wconf 82' lang='lat' dir='ltr'>possit,</span> <span class='ocrx_word' id='word_1_113' title='bbox 1322 1755 1376 1792; x_wconf 89' lang='lat' dir='ltr'>cur</span> <span class='ocrx_word' id='word_1_114' title='bbox 1395 1736 1428 1792; x_wconf 92' lang='lat' dir='ltr'>in</span> <span class='ocrx_word' id='word_1_115' title='bbox 1444 1735 1563 1792; x_wconf 68' lang='lat' dir='ltr'>Christo</span> 
     </span>
     <span class='ocr_line' id='line_1_16' title="bbox 305 1821 1367 1899; baseline -0.003 -19"><span class='ocrx_word' id='word_1_116' title='bbox 305 1843 342 1880; x_wconf 84' lang='lat' dir='ltr'>ex</span> <span class='ocrx_word' id='word_1_117' title='bbox 367 1825 431 1899; x_wconf 86' lang='lat' dir='ltr'>ipsa</span> <span class='ocrx_word' id='word_1_118' title='bbox 453 1822 661 1878; x_wconf 88' lang='lat' dir='ltr'>constitutione</span> <span class='ocrx_word' id='word_1_119' title='bbox 685 1823 747 1878; x_wconf 85' lang='lat' dir='ltr'>eius</span> <span class='ocrx_word' id='word_1_120' title='bbox 771 1823 830 1878; x_wconf 88' lang='lat' dir='ltr'>sit</span> <span class='ocrx_word' id='word_1_121' title='bbox 855 1841 936 1878; x_wconf 86' lang='lat' dir='ltr'>una</span> <span class='ocrx_word' id='word_1_122' title='bbox 958 1831 1122 1880; x_wconf 88' lang='lat' dir='ltr'>tantum</span> <span class='ocrx_word' id='word_1_123' title='bbox 1149 1821 1367 1880; x_wconf 81' lang='lat' dir='ltr'>voluntas.</span> 
     </span>
    </p>

    <p class='ocr_par' dir='ltr' id='par_1_3' title="bbox 300 1907 1562 3199">
     <span class='ocr_line' id='line_1_17' title="bbox 410 1907 1562 1986; baseline 0 -24"><span class='ocrx_word' id='word_1_124' title='bbox 410 1912 459 1966; x_wconf 69' lang='lat'>235.</span> <span class='ocrx_word' id='word_1_125' title='bbox 484 1907 566 1964; x_wconf 86' lang='lat' dir='ltr'>Haec</span> <span class='ocrx_word' id='word_1_126' title='bbox 578 1907 702 1965; x_wconf 83' lang='lat' dir='ltr'>lionorii</span> <span class='ocrx_word' id='word_1_127' title='bbox 716 1910 933 1981; x_wconf 73' lang='lat' dir='ltr'>argumentatio</span> <span class='ocrx_word' id='word_1_128' title='bbox 956 1918 999 1965; x_wconf 89' lang='lat' dir='ltr'>est</span> <span class='ocrx_word' id='word_1_129' title='bbox 1025 1909 1113 1986; x_wconf 87' lang='lat' dir='ltr'>plana</span> <span class='ocrx_word' id='word_1_130' title='bbox 1125 1920 1153 1964; x_wconf 91' lang='lat' dir='ltr'>et</span> <span class='ocrx_word' id='word_1_131' title='bbox 1166 1911 1277 1986; x_wconf 84' lang='lat' dir='ltr'>optima</span> <span class='ocrx_word' id='word_1_132' title='bbox 1299 1918 1327 1965; x_wconf 90' lang='lat' dir='ltr'>et</span> <span class='ocrx_word' id='word_1_133' title='bbox 1351 1910 1562 1986; x_wconf 83' lang='lat' dir='ltr'>aptissime</span> 
     </span>
     <span class='ocr_line' id='line_1_18' title="bbox 306 1994 1560 2070; baseline -0.004 -16"><span class='ocrx_word' id='word_1_134' title='bbox 306 1994 352 2054; x_wconf 91' lang='lat' dir='ltr'>ad</span> <span class='ocrx_word' id='word_1_135' title='bbox 383 1994 682 2052; x_wconf 81' lang='lat' dir='ltr'>distinctionem</span> <span class='ocrx_word' id='word_1_136' title='bbox 717 1996 823 2052; x_wconf 86' lang='lat' dir='ltr'>inter</span> <span class='ocrx_word' id='word_1_137' title='bbox 857 2006 1033 2052; x_wconf 88' lang='lat' dir='ltr'>naturam</span> <span class='ocrx_word' id='word_1_138' title='bbox 1066 1997 1261 2070; x_wconf 90' lang='lat' dir='ltr'>integram</span> <span class='ocrx_word' id='word_1_139' title='bbox 1296 2005 1334 2052; x_wconf 89' lang='lat' dir='ltr'>et</span> <span class='ocrx_word' id='word_1_140' title='bbox 1370 2006 1560 2052; x_wconf 83' lang='lat' dir='ltr'>naturam</span> 
     </span>
     <span class='ocr_line' id='line_1_19' title="bbox 306 2079 1560 2161; baseline -0.002 -22"><span class='ocrx_word' id='word_1_141' title='bbox 306 2093 537 2161; x_wconf 88' lang='lat' dir='ltr'>peceatoet</span> <span class='ocrx_word' id='word_1_142' title='bbox 572 2083 909 2158; x_wconf 86' lang='lat' dir='ltr'>concupiscentia</span> <span class='ocrx_word' id='word_1_143' title='bbox 942 2083 1126 2140; x_wconf 85' lang='lat' dir='ltr'>vitiatam</span> <span class='ocrx_word' id='word_1_144' title='bbox 1163 2083 1348 2156; x_wconf 83' lang='lat' dir='ltr'>recurrit,</span> <span class='ocrx_word' id='word_1_145' title='bbox 1387 2079 1428 2138; x_wconf 88' lang='lat' dir='ltr'>ad</span> <span class='ocrx_word' id='word_1_146' title='bbox 1464 2093 1560 2138; x_wconf 85' lang='lat' dir='ltr'>osten-</span> 
     </span>
     <span class='ocr_line' id='line_1_20' title="bbox 304 2167 1560 2226; baseline -0.002 0"><span class='ocrx_word' id='word_1_147' title='bbox 304 2167 432 2226; x_wconf 88' lang='lat' dir='ltr'>dendam</span> <span class='ocrx_word' id='word_1_148' title='bbox 455 2171 598 2226; x_wconf 89' lang='lat' dir='ltr'>unitatem</span> <span class='ocrx_word' id='word_1_149' title='bbox 633 2168 794 2225; x_wconf 80' lang='lat' dir='ltr'>voluntatis</span> <span class='ocrx_word' id='word_1_150' title='bbox 826 2170 856 2224; x_wconf 92' lang='lat' dir='ltr'>in</span> <span class='ocrx_word' id='word_1_151' title='bbox 881 2169 999 2226; x_wconf 83' lang='lat' dir='ltr'>Christo</span> <span class='ocrx_word' id='word_1_152' title='bbox 1031 2189 1117 2226; x_wconf 81' lang='lat' dir='ltr'>sensu</span> <span class='ocrx_word' id='word_1_153' title='bbox 1148 2167 1312 2226; x_wconf 83' lang='lat' dir='ltr'>orthodoxo</span> <span class='ocrx_word' id='word_1_154' title='bbox 1348 2182 1379 2224; x_wconf 89' lang='lat' dir='ltr'>et</span> <span class='ocrx_word' id='word_1_155' title='bbox 1403 2168 1560 2226; x_wconf 83' lang='lat' dir='ltr'>catholica</span> 
     </span>
     <span class='ocr_line' id='line_1_21' title="bbox 304 2254 1559 2333; baseline -0.002 -21"><span class='ocrx_word' id='word_1_156' title='bbox 304 2268 464 2332; x_wconf 83' lang='lat' dir='ltr'>acceptam.</span> <span class='ocrx_word' id='word_1_157' title='bbox 487 2276 560 2316; x_wconf 68' lang='lat' dir='ltr'>(turn.</span> <span class='ocrx_word' id='word_1_158' title='bbox 584 2264 614 2312; x_wconf 90' lang='lat' dir='ltr'>nt</span> <span class='ocrx_word' id='word_1_159' title='bbox 634 2254 709 2313; x_wconf 78' lang='lat' dir='ltr'>liene</span> <span class='ocrx_word' id='word_1_160' title='bbox 734 2267 813 2312; x_wconf 91' lang='lat' dir='ltr'>notat</span> <span class='ocrx_word' id='word_1_161' title='bbox 836 2255 1010 2333; x_wconf 69' lang='lat' dir='ltr'>&#39;l&#39;hyrsus</span> <span class='ocrx_word' id='word_1_162' title='bbox 1034 2255 1233 2313; x_wconf 65' lang='lat' dir='ltr'>lionaalez</span> <span class='ocrx_word' id='word_1_163' title='bbox 1257 2255 1320 2313; x_wconf 89' lang='lat' dir='ltr'>loco</span> <span class='ocrx_word' id='word_1_164' title='bbox 1333 2257 1428 2312; x_wconf 89' lang='lat' dir='ltr'>citato</span> <span class='ocrx_word' id='word_1_165' title='bbox 1456 2255 1559 2312; x_wconf 88' lang='lat' dir='ltr'>haee</span> 
     </span>
     <span class='ocr_line' id='line_1_22' title="bbox 305 2341 1557 2420; baseline -0.002 -21"><span class='ocrx_word' id='word_1_166' title='bbox 305 2345 423 2399; x_wconf 88' lang='lat' dir='ltr'>ratio</span> <span class='ocrx_word' id='word_1_167' title='bbox 448 2363 630 2420; x_wconf 88' lang='lat' dir='ltr'>prorsus</span> <span class='ocrx_word' id='word_1_168' title='bbox 669 2342 791 2400; x_wconf 92' lang='lat' dir='ltr'>nulla</span> <span class='ocrx_word' id='word_1_169' title='bbox 814 2344 882 2405; x_wconf 75' lang='lat' dir='ltr'>sit,</span> <span class='ocrx_word' id='word_1_170' title='bbox 922 2343 945 2398; x_wconf 90' lang='lat' dir='ltr'>si</span> <span class='ocrx_word' id='word_1_171' title='bbox 969 2344 1111 2400; x_wconf 87' lang='lat' dir='ltr'>unitatem</span> <span class='ocrx_word' id='word_1_172' title='bbox 1138 2342 1298 2400; x_wconf 74' lang='lat' dir='ltr'>voluntatis</span> <span class='ocrx_word' id='word_1_173' title='bbox 1322 2341 1440 2399; x_wconf 81' lang='lat' dir='ltr'>Christi</span> <span class='ocrx_word' id='word_1_174' title='bbox 1470 2362 1557 2400; x_wconf 86' lang='lat' dir='ltr'>sensu</span> 
     </span>
     <span class='ocr_line' id='line_1_23' title="bbox 304 2427 1556 2508; baseline -0.002 -22"><span class='ocrx_word' id='word_1_175' title='bbox 304 2429 664 2486; x_wconf 88' lang='lat' dir='ltr'>monotheletiee</span> <span class='ocrx_word' id='word_1_176' title='bbox 702 2429 844 2486; x_wconf 78' lang='lat' dir='ltr'>voluisset</span> <span class='ocrx_word' id='word_1_177' title='bbox 867 2427 1029 2491; x_wconf 78' lang='lat' dir='ltr'>ostendero,</span> <span class='ocrx_word' id='word_1_178' title='bbox 1053 2450 1117 2487; x_wconf 87' lang='lat' dir='ltr'>curn</span> <span class='ocrx_word' id='word_1_179' title='bbox 1142 2431 1236 2508; x_wconf 86' lang='lat' dir='ltr'>ipsum</span> <span class='ocrx_word' id='word_1_180' title='bbox 1261 2439 1330 2486; x_wconf 89' lang='lat' dir='ltr'>tune</span> <span class='ocrx_word' id='word_1_181' title='bbox 1368 2429 1482 2486; x_wconf 90' lang='lat' dir='ltr'>nihil</span> <span class='ocrx_word' id='word_1_182' title='bbox 1511 2431 1556 2485; x_wconf 94' lang='lat' dir='ltr'>iu·</span> 
     </span>
     <span class='ocr_line' id='line_1_24' title="bbox 304 2516 1556 2593; baseline -0.002 -21"><span class='ocrx_word' id='word_1_183' title='bbox 304 2529 423 2579; x_wconf 70' lang='lat' dir='ltr'>earet.</span> <span class='ocrx_word' id='word_1_184' title='bbox 454 2518 826 2593; x_wconf 80' lang='lat' dir='ltr'>concupiscentiam</span> <span class='ocrx_word' id='word_1_185' title='bbox 850 2537 868 2572; x_wconf 89' lang='lat' dir='ltr'>a</span> <span class='ocrx_word' id='word_1_186' title='bbox 891 2528 995 2573; x_wconf 87' lang='lat' dir='ltr'>natura</span> <span class='ocrx_word' id='word_1_187' title='bbox 1019 2516 1148 2574; x_wconf 87' lang='lat' dir='ltr'>hnmana</span> <span class='ocrx_word' id='word_1_188' title='bbox 1171 2516 1341 2582; x_wconf 78' lang='lat' dir='ltr'>exclusisse,</span> <span class='ocrx_word' id='word_1_189' title='bbox 1379 2519 1437 2572; x_wconf 90' lang='lat' dir='ltr'>uisi</span> <span class='ocrx_word' id='word_1_190' title='bbox 1468 2517 1556 2572; x_wconf 90' lang='lat' dir='ltr'>etiam</span> 
     </span>
     <span class='ocr_line' id='line_1_25' title="bbox 300 2601 1555 2680; baseline -0.001 -21"><span class='ocrx_word' id='word_1_191' title='bbox 300 2603 543 2662; x_wconf 75' lang='lat' dir='ltr'>voluntatem</span> <span class='ocrx_word' id='word_1_192' title='bbox 567 2603 725 2660; x_wconf 85' lang='lat' dir='ltr'>humanam</span> <span class='ocrx_word' id='word_1_193' title='bbox 750 2623 808 2680; x_wconf 77' lang='lat' dir='ltr'>qua</span> <span class='ocrx_word' id='word_1_194' title='bbox 831 2601 920 2661; x_wconf 87' lang='lat' dir='ltr'>talem</span> <span class='ocrx_word' id='word_1_195' title='bbox 936 2601 1115 2660; x_wconf 80' lang='lat' dir='ltr'>excluderet.</span> <span class='ocrx_word' id='word_1_196' title='bbox 1140 2603 1220 2680; x_wconf 73' lang='lat' dir='ltr'>llius,</span> <span class='ocrx_word' id='word_1_197' title='bbox 1239 2604 1289 2680; x_wconf 88' lang='lat' dir='ltr'>qui</span> <span class='ocrx_word' id='word_1_198' title='bbox 1314 2604 1344 2660; x_wconf 94' lang='lat' dir='ltr'>in</span> <span class='ocrx_word' id='word_1_199' title='bbox 1369 2601 1555 2660; x_wconf 82' lang='lat' dir='ltr'>favorem</span> 
     </span>
     <span class='ocr_line' id='line_1_26' title="bbox 302 2687 1555 2764; baseline -0.003 -15"><span class='ocrx_word' id='word_1_200' title='bbox 302 2691 665 2750; x_wconf 85' lang='lat' dir='ltr'>Monotheletarum</span> <span class='ocrx_word' id='word_1_201' title='bbox 700 2711 822 2764; x_wconf 76' lang='lat' dir='ltr'>arguere</span> <span class='ocrx_word' id='word_1_202' title='bbox 847 2687 972 2761; x_wconf 80' lang='lat' dir='ltr'>volebat,</span> <span class='ocrx_word' id='word_1_203' title='bbox 1004 2693 1123 2748; x_wconf 89' lang='lat' dir='ltr'>omnino</span> <span class='ocrx_word' id='word_1_204' title='bbox 1147 2692 1294 2748; x_wconf 84' lang='lat' dir='ltr'>intererat.</span> <span class='ocrx_word' id='word_1_205' title='bbox 1327 2710 1408 2747; x_wconf 92' lang='lat' dir='ltr'>non</span> <span class='ocrx_word' id='word_1_206' title='bbox 1448 2689 1555 2746; x_wconf 88' lang='lat' dir='ltr'>distin-</span> 
     </span>
     <span class='ocr_line' id='line_1_27' title="bbox 300 2773 1553 2854; baseline -0.004 -19"><span class='ocrx_word' id='word_1_207' title='bbox 300 2798 389 2854; x_wconf 84' lang='lat' dir='ltr'>guere</span> <span class='ocrx_word' id='word_1_208' title='bbox 419 2781 496 2836; x_wconf 87' lang='lat' dir='ltr'>inter</span> <span class='ocrx_word' id='word_1_209' title='bbox 527 2777 707 2833; x_wconf 76' lang='lat' dir='ltr'>volantatem</span> <span class='ocrx_word' id='word_1_210' title='bbox 740 2777 898 2834; x_wconf 87' lang='lat' dir='ltr'>humanam</span> <span class='ocrx_word' id='word_1_211' title='bbox 931 2777 1092 2834; x_wconf 87' lang='lat' dir='ltr'>naturalem</span> <span class='ocrx_word' id='word_1_212' title='bbox 1129 2793 1158 2834; x_wconf 87' lang='lat' dir='ltr'>ct</span> <span class='ocrx_word' id='word_1_213' title='bbox 1181 2779 1466 2854; x_wconf 75' lang='lat' dir='ltr'>concupiscentiam.</span> <span class='ocrx_word' id='word_1_214' title='bbox 1505 2773 1553 2832; x_wconf 86' lang='lat' dir='ltr'>sed</span> 
     </span>
     <span class='ocr_line' id='line_1_28' title="bbox 303 2862 1554 2941; baseline -0.003 -20"><span class='ocrx_word' id='word_1_215' title='bbox 303 2864 358 2922; x_wconf 82' lang='lat' dir='ltr'>has</span> <span class='ocrx_word' id='word_1_216' title='bbox 381 2862 453 2922; x_wconf 90' lang='lat' dir='ltr'>duas</span> <span class='ocrx_word' id='word_1_217' title='bbox 477 2866 572 2941; x_wconf 90' lang='lat' dir='ltr'>potius</span> <span class='ocrx_word' id='word_1_218' title='bbox 596 2863 813 2922; x_wconf 87' lang='lat' dir='ltr'>insolubili</span> <span class='ocrx_word' id='word_1_219' title='bbox 847 2863 1014 2920; x_wconf 77' lang='lat' dir='ltr'>vinculo</span> <span class='ocrx_word' id='word_1_220' title='bbox 1048 2866 1291 2921; x_wconf 86' lang='lat' dir='ltr'>coniunctas</span> <span class='ocrx_word' id='word_1_221' title='bbox 1323 2863 1554 2920; x_wconf 80' lang='lat' dir='ltr'>ostendere.</span> 
     </span>
     <span class='ocr_line' id='line_1_29' title="bbox 302 2949 1551 3028; baseline -0.002 -22"><span class='ocrx_word' id='word_1_222' title='bbox 302 2953 351 3021; x_wconf 87' lang='lat' dir='ltr'>ita,</span> <span class='ocrx_word' id='word_1_223' title='bbox 375 2962 406 3007; x_wconf 92' lang='lat' dir='ltr'>ut</span> <span class='ocrx_word' id='word_1_224' title='bbox 436 2954 485 3028; x_wconf 81' lang='lat' dir='ltr'>qui</span> <span class='ocrx_word' id='word_1_225' title='bbox 510 2952 886 3027; x_wconf 77' lang='lat' dir='ltr'>concupiscentiam</span> <span class='ocrx_word' id='word_1_226' title='bbox 921 2949 1080 3008; x_wconf 79' lang='lat' dir='ltr'>aChristo</span> <span class='ocrx_word' id='word_1_227' title='bbox 1105 2950 1282 3020; x_wconf 69' lang='lat' dir='ltr'>removebat,</span> <span class='ocrx_word' id='word_1_228' title='bbox 1318 2951 1400 3006; x_wconf 91' lang='lat' dir='ltr'>illum</span> <span class='ocrx_word' id='word_1_229' title='bbox 1424 2970 1464 3007; x_wconf 85' lang='lat' dir='ltr'>eo</span> <span class='ocrx_word' id='word_1_230' title='bbox 1491 2952 1551 3026; x_wconf 86' lang='lat' dir='ltr'>ipso</span> 
     </span>
     <span class='ocr_line' id='line_1_30' title="bbox 303 3037 1553 3114; baseline -0.003 -18"><span class='ocrx_word' id='word_1_231' title='bbox 303 3048 430 3096; x_wconf 83' lang='lat' dir='ltr'>statuere</span> <span class='ocrx_word' id='word_1_232' title='bbox 454 3040 543 3094; x_wconf 90' lang='lat' dir='ltr'>etiam</span> <span class='ocrx_word' id='word_1_233' title='bbox 568 3037 803 3094; x_wconf 82' lang='lat' dir='ltr'>voluntatem</span> <span class='ocrx_word' id='word_1_234' title='bbox 828 3037 986 3094; x_wconf 87' lang='lat' dir='ltr'>humanam</span> <span class='ocrx_word' id='word_1_235' title='bbox 1012 3057 1081 3114; x_wconf 78' lang='lat' dir='ltr'>qua</span> <span class='ocrx_word' id='word_1_236' title='bbox 1105 3037 1222 3095; x_wconf 88' lang='lat' dir='ltr'>talem</span> <span class='ocrx_word' id='word_1_237' title='bbox 1247 3037 1396 3095; x_wconf 83' lang='lat' dir='ltr'>aChiisto</span> <span class='ocrx_word' id='word_1_238' title='bbox 1412 3037 1553 3094; x_wconf 72' lang='lat' dir='ltr'>‹exsulare</span> 
     </span>
     <span class='ocr_line' id='line_1_31' title="bbox 309 3121 688 3199; baseline -0.008 -16"><span class='ocrx_word' id='word_1_239' title='bbox 309 3123 486 3183; x_wconf 90' lang='lat' dir='ltr'>contendere</span> <span class='ocrx_word' id='word_1_240' title='bbox 502 3123 622 3182; x_wconf 86' lang='lat' dir='ltr'>deberet</span> <span class='ocrx_word' id='word_1_241' title='bbox 639 3121 688 3199; x_wconf 66' lang='lat'>³⁴).</span> 
     </span>
    </p>

    <p class='ocr_par' dir='ltr' id='par_1_4' title="bbox 309 3209 1557 4418">
     <span class='ocr_line' id='line_1_32' title="bbox 414 3209 1556 3289; baseline -0.005 -17"><span class='ocrx_word' id='word_1_242' title='bbox 414 3212 545 3287; x_wconf 71' lang='lat' dir='ltr'>Insignis</span> <span class='ocrx_word' id='word_1_243' title='bbox 569 3212 654 3268; x_wconf 88' lang='lat' dir='ltr'>huius</span> <span class='ocrx_word' id='word_1_244' title='bbox 678 3213 718 3267; x_wconf 90' lang='lat' dir='ltr'>rei</span> <span class='ocrx_word' id='word_1_245' title='bbox 751 3209 932 3289; x_wconf 86' lang='lat' dir='ltr'>probatio</span> <span class='ocrx_word' id='word_1_246' title='bbox 964 3209 1088 3267; x_wconf 86' lang='lat' dir='ltr'>habetur</span> <span class='ocrx_word' id='word_1_247' title='bbox 1111 3212 1141 3267; x_wconf 90' lang='lat' dir='ltr'>in</span> <span class='ocrx_word' id='word_1_248' title='bbox 1165 3211 1288 3268; x_wconf 89' lang='lat' dir='ltr'>concilio</span> <span class='ocrx_word' id='word_1_249' title='bbox 1312 3223 1403 3278; x_wconf 73' lang='lat' dir='ltr'>sexto,</span> <span class='ocrx_word' id='word_1_250' title='bbox 1439 3213 1556 3268; x_wconf 83' lang='lat' dir='ltr'>actione</span> 
     </span>
     <span class='ocr_line' id='line_1_33' title="bbox 311 3295 1557 3374; baseline -0.004 -18"><span class='ocrx_word' id='word_1_251' title='bbox 311 3311 415 3357; x_wconf 77' lang='lat' dir='ltr'>octava</span> <span class='ocrx_word' id='word_1_252' title='bbox 427 3295 480 3374; x_wconf 66' lang='grc'>55),</span> <span class='ocrx_word' id='word_1_253' title='bbox 493 3298 541 3356; x_wconf 91' lang='lat' dir='ltr'>ubi</span> <span class='ocrx_word' id='word_1_254' title='bbox 555 3299 627 3355; x_wconf 89' lang='lat' dir='ltr'>haec</span> <span class='ocrx_word' id='word_1_255' title='bbox 642 3297 793 3356; x_wconf 88' lang='lat' dir='ltr'>habentur.</span> <span class='ocrx_word' id='word_1_256' title='bbox 808 3299 955 3354; x_wconf 77' lang='lat' dir='ltr'>Macarius</span> <span class='ocrx_word' id='word_1_257' title='bbox 968 3306 996 3353; x_wconf 86' lang='lat' dir='ltr'>et</span> <span class='ocrx_word' id='word_1_258' title='bbox 1010 3296 1177 3374; x_wconf 78' lang='lat' dir='ltr'>Stephanus</span> <span class='ocrx_word' id='word_1_259' title='bbox 1190 3297 1412 3354; x_wconf 87' lang='lat' dir='ltr'>haeresiarchae</span> <span class='ocrx_word' id='word_1_260' title='bbox 1429 3297 1464 3354; x_wconf 83' lang='lat' dir='ltr'>M</span> <span class='ocrx_word' id='word_1_261' title='bbox 1474 3323 1491 3355; x_wconf 95' lang='lat' dir='ltr'>o</span> <span class='ocrx_word' id='word_1_262' title='bbox 1502 3319 1520 3354; x_wconf 93' lang='lat' dir='ltr'>n</span> <span class='ocrx_word' id='word_1_263' title='bbox 1530 3319 1557 3354; x_wconf 74' lang='lat' dir='ltr'>o</span> 
     </span>
     <span class='ocr_line' id='line_1_34' title="bbox 310 3383 1556 3460; baseline -0.004 -17"><span class='ocrx_word' id='word_1_264' title='bbox 310 3386 521 3451; x_wconf 81' lang='lat' dir='ltr'>thclctae,</span> <span class='ocrx_word' id='word_1_265' title='bbox 552 3387 737 3460; x_wconf 76' lang='lat' dir='ltr'>interrogati:</span> <span class='ocrx_word' id='word_1_266' title='bbox 758 3383 890 3447; x_wconf 74' lang='lat' dir='ltr'>,Habuit</span> <span class='ocrx_word' id='word_1_267' title='bbox 913 3383 1109 3441; x_wconf 88' lang='lat' dir='ltr'>humanam</span> <span class='ocrx_word' id='word_1_268' title='bbox 1133 3385 1382 3442; x_wconf 81' lang='lat' dir='ltr'>voluntatem</span> <span class='ocrx_word' id='word_1_269' title='bbox 1408 3385 1556 3442; x_wconf 78' lang='lat' dir='ltr'>llorninus</span> 
     </span>
     <span class='ocr_line' id='line_1_35' title="bbox 311 3469 1555 3550; baseline -0.004 -19"><span class='ocrx_word' id='word_1_270' title='bbox 311 3487 410 3531; x_wconf 87' lang='lat' dir='ltr'>noster</span> <span class='ocrx_word' id='word_1_271' title='bbox 422 3475 503 3530; x_wconf 87' lang='lat' dir='ltr'>lesus</span> <span class='ocrx_word' id='word_1_272' title='bbox 517 3473 653 3530; x_wconf 77' lang='lat' dir='ltr'>Christus</span> <span class='ocrx_word' id='word_1_273' title='bbox 666 3483 693 3528; x_wconf 89' lang='lat' dir='ltr'>et</span> <span class='ocrx_word' id='word_1_274' title='bbox 712 3470 967 3550; x_wconf 62' lang='lat' dir='ltr'>impeccabileml&#39;·</span> <span class='ocrx_word' id='word_1_275' title='bbox 985 3469 1175 3548; x_wconf 87' lang='lat' dir='ltr'>respondent:</span> <span class='ocrx_word' id='word_1_276' title='bbox 1197 3473 1275 3544; x_wconf 78' lang='lat' dir='ltr'>¹‚Nos</span> <span class='ocrx_word' id='word_1_277' title='bbox 1289 3470 1475 3529; x_wconf 73' lang='lat' dir='ltr'>voluntatem</span> <span class='ocrx_word' id='word_1_278' title='bbox 1495 3471 1555 3528; x_wconf 92' lang='lat' dir='ltr'>hn-</span> 
     </span>
     <span class='ocr_line' id='line_1_36' title="bbox 311 3557 1556 3635; baseline -0.003 -17"><span class='ocrx_word' id='word_1_279' title='bbox 311 3582 339 3618; x_wconf 87' lang='lat' dir='ltr'>m</span> <span class='ocrx_word' id='word_1_280' title='bbox 352 3582 460 3618; x_wconf 88' lang='lat' dir='ltr'>anam</span> <span class='ocrx_word' id='word_1_281' title='bbox 478 3562 508 3617; x_wconf 90' lang='lat' dir='ltr'>in</span> <span class='ocrx_word' id='word_1_282' title='bbox 526 3559 645 3618; x_wconf 70' lang='lat' dir='ltr'>Christo</span> <span class='ocrx_word' id='word_1_283' title='bbox 662 3580 737 3616; x_wconf 93' lang='lat' dir='ltr'>non</span> <span class='ocrx_word' id='word_1_284' title='bbox 755 3557 888 3619; x_wconf 81' lang='lat' dir='ltr'>dicimus.</span> <span class='ocrx_word' id='word_1_285' title='bbox 906 3557 1049 3614; x_wconf 71' lang='lat' dir='ltr'>divina</span> <span class='ocrx_word' id='word_1_286' title='bbox 1061 3579 1089 3614; x_wconf 92' lang='lat' dir='ltr'>m</span> <span class='ocrx_word' id='word_1_287' title='bbox 1107 3561 1284 3624; x_wconf 83' lang='lat' dir='ltr'>roro&#39;etiam,</span> <span class='ocrx_word' id='word_1_288' title='bbox 1308 3557 1455 3635; x_wconf 82' lang='lat' dir='ltr'>absque</span> <span class='ocrx_word' id='word_1_289' title='bbox 1482 3578 1556 3615; x_wconf 88' lang='lat' dir='ltr'>car·</span> 
     </span>
     <span class='ocr_line' id='line_1_37' title="bbox 311 3643 1555 3719; baseline -0.005 -13"><span class='ocrx_word' id='word_1_290' title='bbox 311 3648 469 3706; x_wconf 88' lang='lat' dir='ltr'>nalihns</span> <span class='ocrx_word' id='word_1_291' title='bbox 492 3645 779 3704; x_wconf 83' lang='lat' dir='ltr'>voluntatibus</span> <span class='ocrx_word' id='word_1_292' title='bbox 802 3656 837 3702; x_wconf 88' lang='lat' dir='ltr'>et</span> <span class='ocrx_word' id='word_1_293' title='bbox 861 3643 1202 3719; x_wconf 60' lang='lat' dir='ltr'>cogitationibus.</span> <span class='ocrx_word' id='word_1_294' title='bbox 1221 3644 1454 3702; x_wconf 77' lang='lat' dir='ltr'>l&#39;oluntasenim</span> <span class='ocrx_word' id='word_1_295' title='bbox 1481 3645 1555 3702; x_wconf 85' lang='lat' dir='ltr'>dei-</span> 
     </span>
     <span class='ocr_line' id='line_1_38' title="bbox 309 3731 1556 3809; baseline -0.005 -17"><span class='ocrx_word' id='word_1_296' title='bbox 309 3739 407 3792; x_wconf 87' lang='lat' dir='ltr'>tatis</span> <span class='ocrx_word' id='word_1_297' title='bbox 430 3738 608 3794; x_wconf 76' lang='lat' dir='ltr'>tarrturn.“</span> <span class='ocrx_word' id='word_1_298' title='bbox 639 3734 696 3805; x_wconf 69' lang='lat' dir='ltr'>„Et</span> <span class='ocrx_word' id='word_1_299' title='bbox 720 3731 865 3809; x_wconf 84' lang='lat' dir='ltr'>quomodo</span> <span class='ocrx_word' id='word_1_300' title='bbox 888 3731 1055 3807; x_wconf 80' lang='lat' dir='ltr'>intelligitis</span> <span class='ocrx_word' id='word_1_301' title='bbox 1079 3733 1211 3789; x_wconf 78' lang='lat' dir='ltr'>carnales</span> <span class='ocrx_word' id='word_1_302' title='bbox 1235 3731 1400 3790; x_wconf 81' lang='lat' dir='ltr'>voluntates</span> <span class='ocrx_word' id='word_1_303' title='bbox 1424 3743 1453 3788; x_wconf 89' lang='lat' dir='ltr'>et</span> <span class='ocrx_word' id='word_1_304' title='bbox 1479 3735 1556 3808; x_wconf 82' lang='lat' dir='ltr'>cogi-</span> 
     </span>
     <span class='ocr_line' id='line_1_39' title="bbox 311 3817 1554 3891; baseline -0.005 -13"><span class='ocrx_word' id='word_1_305' title='bbox 311 3824 438 3879; x_wconf 86' lang='lat' dir='ltr'>tationes</span> <span class='ocrx_word' id='word_1_306' title='bbox 462 3821 639 3878; x_wconf 61' lang='lat' dir='ltr'>hnmanasl⁴</span> <span class='ocrx_word' id='word_1_307' title='bbox 671 3820 892 3891; x_wconf 67' lang='lat' dir='ltr'>„Hominum</span> <span class='ocrx_word' id='word_1_308' title='bbox 929 3819 1121 3876; x_wconf 89' lang='lat' dir='ltr'>similium</span> <span class='ocrx_word' id='word_1_309' title='bbox 1157 3817 1268 3877; x_wconf 88' lang='lat' dir='ltr'>nobis</span> <span class='ocrx_word' id='word_1_310' title='bbox 1292 3831 1393 3878; x_wconf 85' lang='lat' dir='ltr'>snut:</span> <span class='ocrx_word' id='word_1_311' title='bbox 1418 3820 1554 3876; x_wconf 73' lang='lat' dir='ltr'>Christus</span> 
     </span>
     <span class='ocr_line' id='line_1_40' title="bbox 311 3904 1553 3984; baseline -0.003 -20"><span class='ocrx_word' id='word_1_312' title='bbox 311 3929 380 3964; x_wconf 81' lang='lat' dir='ltr'>vero</span> <span class='ocrx_word' id='word_1_313' title='bbox 416 3909 518 3966; x_wconf 91' lang='lat' dir='ltr'>nihil</span> <span class='ocrx_word' id='word_1_314' title='bbox 555 3907 655 3964; x_wconf 90' lang='lat' dir='ltr'>horum</span> <span class='ocrx_word' id='word_1_315' title='bbox 681 3905 815 3965; x_wconf 44' lang='lat' dir='ltr'>habuit&amp;</span> <span class='ocrx_word' id='word_1_316' title='bbox 843 3904 1048 3982; x_wconf 78' lang='lat' dir='ltr'>llcspondetur</span> <span class='ocrx_word' id='word_1_317' title='bbox 1071 3907 1151 3982; x_wconf 71' lang='lat' dir='ltr'>ipsis,</span> <span class='ocrx_word' id='word_1_318' title='bbox 1177 3906 1381 3970; x_wconf 73' lang='lat' dir='ltr'>Athanasium,</span> <span class='ocrx_word' id='word_1_319' title='bbox 1405 3905 1442 3962; x_wconf 87' lang='lat' dir='ltr'>ad</span> <span class='ocrx_word' id='word_1_320' title='bbox 1468 3927 1553 3984; x_wconf 85' lang='lat' dir='ltr'>quern</span> 
     </span>
     <span class='ocr_line' id='line_1_41' title="bbox 310 3991 1553 4072; baseline -0.002 -21"><span class='ocrx_word' id='word_1_321' title='bbox 310 4004 479 4072; x_wconf 77' lang='lat' dir='ltr'>provocant,</span> <span class='ocrx_word' id='word_1_322' title='bbox 502 3993 659 4050; x_wconf 81' lang='lat' dir='ltr'>excludere</span> <span class='ocrx_word' id='word_1_323' title='bbox 677 3993 825 4050; x_wconf 70' lang='lat' dir='ltr'>ailliristo</span> <span class='ocrx_word' id='word_1_324' title='bbox 841 4003 955 4048; x_wconf 87' lang='lat' dir='ltr'>tantum</span> <span class='ocrx_word' id='word_1_325' title='bbox 980 3991 1134 4070; x_wconf 88' lang='lat' dir='ltr'>culpabi</span> <span class='ocrx_word' id='word_1_326' title='bbox 1147 3994 1201 4050; x_wconf 87' lang='lat' dir='ltr'>les</span> <span class='ocrx_word' id='word_1_327' title='bbox 1225 4003 1260 4049; x_wconf 91' lang='lat' dir='ltr'>et</span> <span class='ocrx_word' id='word_1_328' title='bbox 1295 3993 1455 4070; x_wconf 88' lang='lat' dir='ltr'>voluptu</span> <span class='ocrx_word' id='word_1_329' title='bbox 1467 4013 1553 4050; x_wconf 85' lang='lat' dir='ltr'>osas</span> 
     </span>
     <span class='ocr_line' id='line_1_42' title="bbox 310 4078 1554 4154; baseline -0.002 -17"><span class='ocrx_word' id='word_1_330' title='bbox 310 4081 477 4138; x_wconf 80' lang='lat' dir='ltr'>voluntates</span> <span class='ocrx_word' id='word_1_331' title='bbox 512 4092 541 4138; x_wconf 92' lang='lat' dir='ltr'>et</span> <span class='ocrx_word' id='word_1_332' title='bbox 564 4083 765 4154; x_wconf 77' lang='lat' dir='ltr'>cogitationes.</span> <span class='ocrx_word' id='word_1_333' title='bbox 800 4083 831 4136; x_wconf 93' lang='lat' dir='ltr'>in</span> <span class='ocrx_word' id='word_1_334' title='bbox 856 4078 933 4136; x_wconf 89' lang='lat' dir='ltr'>hona</span> <span class='ocrx_word' id='word_1_335' title='bbox 956 4087 1034 4136; x_wconf 88' lang='lat' dir='ltr'>terra</span> <span class='ocrx_word' id='word_1_336' title='bbox 1057 4093 1177 4137; x_wconf 88' lang='lat' dir='ltr'>naturae</span> <span class='ocrx_word' id='word_1_337' title='bbox 1200 4079 1346 4136; x_wconf 85' lang='lat' dir='ltr'>humanae</span> <span class='ocrx_word' id='word_1_338' title='bbox 1377 4101 1414 4137; x_wconf 82' lang='lat' dir='ltr'>ex</span> <span class='ocrx_word' id='word_1_339' title='bbox 1438 4079 1554 4136; x_wconf 80' lang='lat' dir='ltr'>invidia</span> 
     </span>
     <span class='ocr_line' id='line_1_43' title="bbox 313 4165 1553 4244; baseline -0.002 -19"><span class='ocrx_word' id='word_1_340' title='bbox 313 4165 422 4227; x_wconf 89' lang='lat' dir='ltr'>diaboli</span> <span class='ocrx_word' id='word_1_341' title='bbox 446 4169 701 4244; x_wconf 78' lang='lat' dir='ltr'>superseminatae.</span> <span class='ocrx_word' id='word_1_342' title='bbox 729 4169 822 4238; x_wconf 78' lang='lat' dir='ltr'>„Nam</span> <span class='ocrx_word' id='word_1_343' title='bbox 847 4176 878 4223; x_wconf 87' lang='lat' dir='ltr'>et</span> <span class='ocrx_word' id='word_1_344' title='bbox 900 4187 954 4242; x_wconf 79' lang='lat' dir='ltr'>ego</span> <span class='ocrx_word' id='word_1_345' title='bbox 978 4165 1051 4232; x_wconf 77' lang='lat' dir='ltr'>dico,</span> <span class='ocrx_word' id='word_1_346' title='bbox 1076 4187 1134 4223; x_wconf 90' lang='lat' dir='ltr'>non</span> <span class='ocrx_word' id='word_1_347' title='bbox 1159 4165 1295 4223; x_wconf 83' lang='lat' dir='ltr'>habuisse</span> <span class='ocrx_word' id='word_1_348' title='bbox 1319 4166 1470 4224; x_wconf 88' lang='lat' dir='ltr'>Christum</span> <span class='ocrx_word' id='word_1_349' title='bbox 1495 4187 1553 4222; x_wconf 76' lang='lat' dir='ltr'>ro-</span> 
     </span>
     <span class='ocr_line' id='line_1_44' title="bbox 310 4251 1550 4330; baseline -0.003 -19"><span class='ocrx_word' id='word_1_350' title='bbox 310 4256 454 4312; x_wconf 89' lang='lat' dir='ltr'>luntatem</span> <span class='ocrx_word' id='word_1_351' title='bbox 479 4253 677 4310; x_wconf 88' lang='lat' dir='ltr'>carnalem</span> <span class='ocrx_word' id='word_1_352' title='bbox 713 4264 763 4310; x_wconf 90' lang='lat' dir='ltr'>aut</span> <span class='ocrx_word' id='word_1_353' title='bbox 786 4252 1016 4330; x_wconf 86' lang='lat' dir='ltr'>pcccahiles</span> <span class='ocrx_word' id='word_1_354' title='bbox 1040 4255 1242 4328; x_wconf 73' lang='lat' dir='ltr'>cogitationes</span> <span class='ocrx_word' id='word_1_355' title='bbox 1266 4251 1316 4310; x_wconf 90' lang='lat' dir='ltr'>sed</span> <span class='ocrx_word' id='word_1_356' title='bbox 1352 4253 1550 4310; x_wconf 85' lang='lat' dir='ltr'>natualem</span> 
     </span>
     <span class='ocr_line' id='line_1_45' title="bbox 311 4338 1552 4418; baseline -0.003 -20"><span class='ocrx_word' id='word_1_357' title='bbox 311 4342 501 4403; x_wconf 81' lang='lat' dir='ltr'>voluntatem,</span> <span class='ocrx_word' id='word_1_358' title='bbox 525 4360 612 4418; x_wconf 83' lang='lat' dir='ltr'>quam</span> <span class='ocrx_word' id='word_1_359' title='bbox 637 4343 699 4417; x_wconf 88' lang='lat' dir='ltr'>ipse</span> <span class='ocrx_word' id='word_1_360' title='bbox 718 4342 797 4397; x_wconf 81' lang='lat' dir='ltr'>lleus</span> <span class='ocrx_word' id='word_1_361' title='bbox 820 4361 924 4396; x_wconf 88' lang='lat' dir='ltr'>creans</span> <span class='ocrx_word' id='word_1_362' title='bbox 942 4339 1044 4396; x_wconf 69' lang='lat' dir='ltr'>Adae</span> <span class='ocrx_word' id='word_1_363' title='bbox 1068 4338 1185 4400; x_wconf 88' lang='lat' dir='ltr'>indidit.</span> <span class='ocrx_word' id='word_1_364' title='bbox 1217 4341 1255 4396; x_wconf 76' lang='lat' dir='ltr'>Et</span> <span class='ocrx_word' id='word_1_365' title='bbox 1279 4339 1347 4397; x_wconf 89' lang='lat' dir='ltr'>hoc</span> <span class='ocrx_word' id='word_1_366' title='bbox 1370 4349 1467 4397; x_wconf 88' lang='lat' dir='ltr'>autem</span> <span class='ocrx_word' id='word_1_367' title='bbox 1492 4343 1552 4416; x_wconf 84' lang='lat' dir='ltr'>ipse-</span> 
     </span>
    </p>
   </div>
   <div class='ocr_carea' id='block_1_3' title="bbox 358 4492 1552 4771">
    <p class='ocr_par' dir='ltr' id='par_1_5' title="bbox 358 4492 1552 4771">
     <span class='ocr_line' id='line_1_46' title="bbox 358 4492 1552 4562; baseline -0.002 -16"><span class='ocrx_word' id='word_1_368' title='bbox 358 4493 395 4562; x_wconf 69' lang='grc' dir='ltr'>Μ)</span> <span class='ocrx_word' id='word_1_369' title='bbox 415 4495 459 4546; x_wconf 83' lang='lat' dir='ltr'>nd</span> <span class='ocrx_word' id='word_1_370' title='bbox 478 4509 539 4546; x_wconf 88' lang='lat' dir='ltr'>rem</span> <span class='ocrx_word' id='word_1_371' title='bbox 557 4494 777 4560; x_wconf 83' lang='lat' dir='ltr'>exprimendam</span> <span class='ocrx_word' id='word_1_372' title='bbox 797 4492 908 4558; x_wconf 87' lang='lat' dir='ltr'>optima</span> <span class='ocrx_word' id='word_1_373' title='bbox 927 4495 1006 4544; x_wconf 89' lang='lat' dir='ltr'>esset</span> <span class='ocrx_word' id='word_1_374' title='bbox 1018 4493 1177 4558; x_wconf 82' lang='lat' dir='ltr'>expressio:</span> <span class='ocrx_word' id='word_1_375' title='bbox 1196 4497 1241 4557; x_wconf 79' lang='grc' dir='ltr'>μία</span> <span class='ocrx_word' id='word_1_376' title='bbox 1258 4495 1415 4560; x_wconf 52' lang='lat' dir='ltr'>haeresiani.</span> <span class='ocrx_word' id='word_1_377' title='bbox 1428 4495 1552 4560; x_wconf 64' lang='grc' dir='ltr'>ἐνέργεια,</span> 
     </span>
     <span class='ocr_line' id='line_1_47' title="bbox 415 4560 1550 4632; baseline 0 -18"><span class='ocrx_word' id='word_1_378' title='bbox 415 4581 472 4629; x_wconf 73' lang='lat' dir='ltr'>(poa</span> <span class='ocrx_word' id='word_1_379' title='bbox 489 4569 588 4617; x_wconf 85' lang='lat' dir='ltr'>tamen</span> <span class='ocrx_word' id='word_1_380' title='bbox 607 4565 724 4632; x_wconf 82' lang='lat' dir='ltr'>Sergius</span> <span class='ocrx_word' id='word_1_381' title='bbox 743 4563 772 4615; x_wconf 91' lang='lat' dir='ltr'>in</span> <span class='ocrx_word' id='word_1_382' title='bbox 792 4577 845 4614; x_wconf 89' lang='lat' dir='ltr'>sua</span> <span class='ocrx_word' id='word_1_383' title='bbox 863 4562 900 4614; x_wconf 86' lang='lat' dir='ltr'>ad</span> <span class='ocrx_word' id='word_1_384' title='bbox 920 4560 1023 4626; x_wconf 86' lang='lat' dir='ltr'>Cyrum</span> <span class='ocrx_word' id='word_1_385' title='bbox 1044 4562 1242 4628; x_wconf 74' lang='lat' dir='ltr'>epistolatum</span> <span class='ocrx_word' id='word_1_386' title='bbox 1262 4562 1300 4614; x_wconf 88' lang='lat' dir='ltr'>ad</span> <span class='ocrx_word' id='word_1_387' title='bbox 1315 4577 1397 4616; x_wconf 87' lang='lat' dir='ltr'>sunm</span> <span class='ocrx_word' id='word_1_388' title='bbox 1410 4562 1550 4615; x_wconf 88' lang='lat' dir='ltr'>haeresim</span> 
     </span>
     <span class='ocr_line' id='line_1_48' title="bbox 358 4631 1551 4771; baseline -0.003 -85"><span class='ocrx_word' id='word_1_389' title='bbox 358 4701 395 4771; x_wconf 47' lang='grc' dir='ltr'>ὦ)</span> <span class='ocrx_word' id='word_1_390' title='bbox 414 4633 568 4755; x_wconf 58' lang='lat' dir='ltr'>pelean÷12rtlm</span> <span class='ocrx_word' id='word_1_391' title='bbox 588 4635 683 4700; x_wconf 87' lang='lat' dir='ltr'>potins</span> <span class='ocrx_word' id='word_1_392' title='bbox 703 4649 789 4700; x_wconf 80' lang='lat' dir='ltr'>quam</span> <span class='ocrx_word' id='word_1_393' title='bbox 809 4631 1029 4697; x_wconf 87' lang='lat' dir='ltr'>exprimendam</span> <span class='ocrx_word' id='word_1_394' title='bbox 1048 4633 1145 4684; x_wconf 88' lang='lat' dir='ltr'>utitur.</span> <span class='ocrx_word' id='word_1_395' title='bbox 1175 4633 1213 4685; x_wconf 79' lang='lat' dir='ltr'>Ol,</span> <span class='ocrx_word' id='word_1_396' title='bbox 1235 4631 1364 4686; x_wconf 88' lang='lat' dir='ltr'>Helele</span> <span class='ocrx_word' id='word_1_397' title='bbox 1383 4633 1500 4704; x_wconf 67' lang='lat' dir='ltr'>natae</span> <span class='ocrx_word' id='word_1_398' title='bbox 1512 4647 1551 4697; x_wconf 82' lang='lat' dir='ltr'>sq.</span> 
     </span>
    </p>
   </div>
   <div class='ocr_carea' id='block_1_4' title="bbox 0 0 1730 5342">
    <p class='ocr_par' dir='ltr' id='par_1_6' title="bbox 0 0 1730 5342">
     <span class='ocr_line' id='line_1_49' title="bbox 0 0 1730 5342; baseline 0 3"><span class='ocrx_word' id='word_1_399' title='bbox 0 0 1730 5342; x_wconf 95' lang='lat' dir='ltr'> </span> 
     </span>
    </p>
   </div>
  </div>
 </body>
</html>
