3450 5342
672 436 865 489 -2tll-

246 616 292 669 sd
310 617 378 669 dul).
398 616 421 669 1.
440 618 530 685 igitur
548 618 769 685 respondemus:
787 620 936 687 Quomodo
954 620 1009 673 ista
1029 621 1106 673 dicta
1125 621 1314 688 intellige-ndu
1334 622 1395 675 sint

135 685 252 751 optime
271 690 352 751 putet
369 702 405 738 ex
424 687 618 740 Ambrosio
635 688 707 754 ipso.
732 688 774 740 ile
792 704 873 755 poen.
895 692 912 741 l.
933 690 957 748 1.
976 707 998 741 e.
1018 691 1043 751 2,
1062 706 1088 742 n.
1109 691 1137 743 l:
1165 691 1236 753 „sed
1261 690 1343 743 aiunt
1361 706 1394 745 ss

141 755 269 807 Domino
286 756 398 807 deferre
416 758 618 817 reverentiam.
644 758 690 810 cul
715 758 768 811 soli
788 760 1025 813 remittendorum
1046 760 1198 813 criminum
1218 764 1392 827 potestatem

138 830 299 877 reservent
328 826 420 878 lmmo
443 826 514 879 nulli
543 827 682 879 maiorem
707 828 842 881 iniuriam
872 828 989 887 faciunt.
1017 844 1103 895 quam
1129 828 1178 895 qui
1203 830 1265 881 eius
1293 830 1395 883 volunt

136 894 281 946 mandata
293 894 465 958 rescindere,
478 896 665 949 commissum
675 912 781 949 munus
790 898 950 950 refundere.
963 898 1036 951 Num
1050 899 1188 965 cumipse
1201 900 1229 951 in
1241 899 1394 965 evangelio

134 978 192 1015 suo
210 963 317 1016 dixerit
336 964 476 1018 Dominus
495 967 588 1017 lesus:
615 966 757 1033 ulccipite
776 968 914 1033 Spiritum
934 984 969 1019 s:
994 982 1114 1033 quorum
1135 969 1389 1022 remiseritis...-

135 1032 205 1098 quis
223 1041 268 1086 est
287 1048 366 1101 crgo,
390 1034 438 1101 qui
458 1035 553 1103 magis
572 1036 702 1098 honorat
720 1041 817 1089 utrum
835 1038 884 1103 qui
905 1038 1051 1090 mandatis
1071 1039 1261 1105 obtemperat.
1286 1054 1322 1089 an
1343 1037 1392 1105 qul

134 1103 288 1155 resistit9⁶⁴
308 1131 342 1139 -
365 1105 407 1155 lo.
427 1104 625 1171 Chrysost„
652 1108 669 1157 l.
688 1122 711 1158 e.
731 1106 805 1159 sicut
824 1110 997 1173 potestatem
1017 1106 1184 1173 baptizandi
1204 1108 1320 1167 omittit,
1352 1108 1393 1160 ita

136 1177 168 1224 et
186 1173 410 1239 poenitentium;
433 1174 522 1226 voluit
548 1175 626 1227 enim
646 1175 723 1241 loqui
742 1176 778 1227 de
796 1176 848 1238 eis,
871 1192 945 1241 quae
966 1176 1089 1242 apostoli
1116 1178 1245 1229 labore
1270 1194 1335 1229 suo
1354 1178 1392 1229 ad

136 1242 290 1295 hominum
310 1244 433 1296 salutem
452 1244 610 1296 conterunt.
623 1272 656 1281 -
670 1246 902 1310 Augustinus
922 1248 938 1297 Ι.
952 1262 975 1299 c.
989 1246 1126 1305 declarat,
1145 1247 1213 1313 quid
1229 1246 1392 1313 impugnet:

137 1312 286 1375 „Daturus
314 1317 375 1364 erat
402 1313 541 1365 Dominus
565 1313 703 1378 Spiritum
728 1331 760 1374 s..
787 1321 815 1367 et
841 1316 879 1367 ab
905 1315 967 1381 ipso
991 1316 1139 1381 Spiritus.
1169 1316 1303 1368 fidelibus
1332 1317 1392 1369 suls

135 1381 248 1433 dimitti
268 1388 395 1448 peecata
414 1398 470 1434 non
491 1383 636 1435 meritis
655 1384 839 1437 hominum
859 1386 974 1437 volebat
994 1385 1125 1452 intelligi.

244 1484 289 1537 ,ld
308 1485 333 1537 2,
352 1485 553 1553 Origenes
570 1486 660 1540 ctiam
679 1488 857 1554 baptismum
878 1490 1009 1541 recenset
1028 1486 1103 1541 inter
1123 1488 1193 1541 llaec
1213 1486 1322 1546 modim
1342 1486 1392 1552 qui

135 1558 239 1607 tamen
259 1560 336 1607 certe
354 1559 399 1608 ost
417 1556 608 1609 necessarius.
637 1587 648 1592 -

244 1658 383 1710 Maiorem
397 1658 599 1712 difficultatem
613 1666 695 1727 parat
711 1662 751 1712 lo.
772 1660 841 1712 Chr
847 1664 1067 1726 ysoslomus.
1087 1661 1160 1713 Nam
1175 1661 1318 1726 quomodo
1333 1658 1391 1711 dici

135 1727 232 1795 possit
252 1727 311 1779 illis
330 1727 408 1793 locis,
433 1728 482 1793 qui
501 1728 583 1782 allati
603 1737 678 1789 sunt.
704 1729 818 1783 excludi
838 1732 952 1783 tantum
973 1730 1169 1795 poenitenliae
1189 1730 1323 1795 publicae
1342 1744 1391 1781 no-

134 1797 308 1850 cessitatam
336 1812 392 1849 non
411 1797 553 1849 videmus.
591 1800 664 1852 Nam
683 1800 755 1852 nillil
784 1800 866 1853 iuvat
885 1800 1006 1865 probare
1034 1815 1118 1851 usum
1140 1798 1292 1851 locutionis
1321 1798 1390 1859 (non

134 1881 336 1928 communem
359 1865 393 1919 cl.
411 1866 459 1919 sl
468 1882 558 1930 rem,
578 1869 621 1921 Do
639 1870 776 1935 panoplia
797 1869 854 1921 Vll.
874 1868 940 1933 etc.)
959 1868 1090 1923 conliteri
1112 1870 1170 1921 lleo
1190 1884 1240 1934 pro
1259 1866 1390 1920 confiteri

135 1935 285 1989 sacerdoti
304 1936 415 2002 (licteus
433 1938 543 1987 διάτιίν
562 1941 662 2003 uptam
694 1938 729 1991 cf.
748 1940 961 2004 Tournelp.
993 1938 1034 1990 De
1054 1953 1125 1991 sacr.
1146 1953 1227 2005 poen.
1256 1954 1301 2004 qu.
1320 1938 1345 2000 s,
1364 1952 1390 1989 a.

133 2006 162 2062 ἓ.
183 2021 244 2073 pag
269 2004 302 2058 81
323 2021 358 2071 s.;
376 2004 520 2072 Hortor,
539 2006 635 2059 Tlrool.
654 2008 750 2076 dogm.
770 2023 862 2074 comp.
882 2014 900 2060 l.
922 2008 976 2069 ΙΙΙ..
995 2024 1021 2059 n.
1036 2008 1096 2068 492,
1114 2007 1144 2070 3;
1162 2008 1211 2059 ubi
1230 2008 1391 2059 alleruntur

134 2074 289 2128 Anastasii
318 2074 383 2137 sin,
415 2074 544 2142 Egberti,
575 2077 792 2142 poenitentialis
820 2078 934 2130 loannis
964 2077 1143 2142 leiunatoris‚
1174 2075 1391 2143 poenitentialis

133 2144 371 2211 studegavensis,
398 2145 561 2213 euchologii
580 2147 686 2213 graeci,
714 2147 773 2200 alia
791 2148 985 2215 testimoniam
1016 2162 1068 2199 neu
1088 2145 1184 2213 magis
1204 2146 1283 2199 iuvat
1303 2161 1391 2211 quac·

133 2230 211 2276 rere,
237 2229 287 2265 cur
311 2218 425 2267 moneat
451 2216 519 2277 (non
539 2230 665 2282 sempor:
685 2217 718 2268 cl.
738 2232 764 2268 v.
783 2234 810 2285 g.
831 2218 862 2269 ln
881 2218 918 2269 Ps
936 2216 991 2283 50),
1019 2222 1049 2269 ut
1070 2216 1262 2269 conliteanlur
1280 2216 1340 2267 Deo
1360 2215 1389 2267 ln

132 2282 317 2341 ecclesis:
336 2298 387 2335 nec
407 2285 444 2336 ad
464 2284 624 2337 contrarios
644 2287 721 2337 locos
739 2301 902 2352 provocare.
931 2287 993 2339 Non
1013 2286 1090 2337 enim
1112 2285 1298 2338 inveniuntur
1317 2284 1390 2337 satis

133 2353 299 2406 evidentes.
332 2353 459 2406 Affertur
477 2353 629 2421 imprimis,
649 2354 691 2407 De
710 2357 819 2408 sacerd.
839 2358 856 2407 l.
876 2358 901 2421 3,
921 2372 947 2408 n.
966 2356 995 2409 δι
1024 2356 1132 2419 Ἔχουσι
1150 2358 1195 2419 μὲν
1214 2359 1265 2422 γάρ
1284 2358 1308 2406 οἰ
1326 2370 1390 2417 κρα-

132 2428 243 2485 τοῦντες
261 2425 302 2473 ἐπὶ
328 2428 375 2487 τῆς
391 2430 442 2489 γῆς
469 2426 515 2487 τὴν
533 2429 578 2475 τοι]
605 2428 707 2489 δεσμεῖν
726 2427 851 2486 ἐξουσίαν,
881 2427 954 2476 ἀλλά
973 2429 1097 2489 σωμάτων
1116 2428 1208 2489 μόνον·
1236 2421 1310 2487 οὗτος
1328 2426 1390 2474 δἐὁ

131 2496 231 2558 δεσμὸς
250 2494 329 2557 αὐτῆς
347 2494 456 2543 ἅπτεται
472 2498 520 2557 τῆς
538 2496 631 2559 ψυχῆς,
659 2498 706 2544 καὶ
722 2496 844 2558 διαβαίνει
861 2498 920 2558 τοὺς
939 2496 1079 2559 οὐρανοὺς·
1111 2498 1157 2545 καὶ
1176 2496 1242 2557 άπερ
1261 2498 1292 2545 ᾰν
1312 2496 1390 2561 ἐργά-

135 2579 235 2614 σωνται
254 2565 328 2613 κάτω
356 2567 380 2613 σί
398 2567 485 2627 dapar,
512 2568 594 2614 ταῦτα
612 2568 627 2615 ὁ
645 2564 710 2627 θεὸς
737 2568 791 2618 avo
809 2572 893 2628 κυροί,
922 2568 967 2615 καί
985 2567 1031 2628 τὴν
1058 2565 1226 2615 nordoultus
1254 2566 1391 2631 γνώμη·νὸ

134 2635 272 2697 Δεσπότης
289 2632 392 2696 βεβαιοῖ.
429 2632 481 2683 Καί
498 2636 521 2682 τί
538 2636 590 2700 γὰρ
609 2634 673 2684 ἀλλ’
689 2635 707 2698 ἡ
724 2640 810 2685 πᾶσαν
829 2636 917 2698 αὐτοῖς
939 2637 985 2699 τὴν
1004 2636 1121 2698 οὐράνιον
1141 2635 1238 2683 ἔδωκεν
1258 2634 1390 2697 lisseium

135 2704 188 2752 'lh
207 2704 259 2769 γάρ
278 2703 318 2764 ds,
336 2717 421 2765 φησιν,
440 2705 525 2766 ἀφῆτε
544 2740 550 2752 .
571 2740 577 2764 ,
596 2741 602 2750 .
622 2703 665 2765 Τίς
683 2707 715 2754 dtu
733 2706 834 2771 γένοιτο
851 2706 947 2769 τάπης
966 2705 1083 2766 ἐξουσίας
1101 2704 1207 2768 μείζωνς
1235 2702 1323 2754 ΙΙᾱσαν
1344 2705 1391 2767 τὴν

134 2777 221 2823 κτίσιν
239 2774 337 2822 ἔδωκεν
366 2772 489 2835 ὀΙΙατὴρ
506 2778 543 2835 τῷ
562 2774 625 2835 Ι”ίῷ’
653 2776 706 2837 ὁρῶ
724 2777 752 2823 d'e
770 2780 856 2824 πᾶσαν
876 2776 956 2837 αὐτὴν
983 2776 1088 2837 τούτους
1107 2774 1318 2841 ἐγχειρισθέντας
1342 2775 1391 2823 ὑπὸ

132 2846 184 2892 που
203 2843 270 2892 Υίσῦ.
289 2840 341 2909 Qui
356 2842 434 2892 locus
447 2841 540 2907 primo
552 2847 670 2907 aspectu
690 2858 749 2895 rem
764 2843 878 2895 videtur
890 2843 1028 2895 evincere.
1049 2843 1104 2895 Sed
1119 2858 1220 2908 reapse
1241 2842 1275 2893 lo.
1289 2843 1389 2907 l'lnrys.

135 2911 284 2964 intellexit
300 2926 365 2962 eum
386 2911 421 2962 de
445 2915 590 2977 potestate
608 2912 794 2977 baptizandi;
822 2928 890 2965 num
917 2913 1005 2965 etiam
1031 2913 1066 2964 de
1093 2914 1245 2978 poteslate,
1271 2912 1307 2963 de
1333 2926 1390 2977 qua

134 2980 244 3048 agitur,
263 2980 315 3032 hoc
335 2980 494 3045 quaeritur3
512 2996 580 3032 nam
600 2981 624 3032 si
644 2986 743 3047 postea
763 2982 832 3034 dicit
853 2984 892 3047 (n.
911 2983 952 3045 sl:
972 2978 1048 3033 Οὗτοι
1065 2984 1093 3033 dt
1108 2986 1158 3039 ,καί
1175 2984 1325 3045 κάμνουσαν
1344 2984 1391 3031 καί

134 3051 309 3101 ἀπόλλυσθαι
325 3052 475 3114 μέλλουσαν
486 3053 532 3113 τὴν
551 3052 637 3115 ψυχὴν
649 3052 780 3115 πολλάκις
799 3054 908 3109 ἔσωσαν.
926 3060 980 3114 τοις
993 3054 1039 3115 plu
1058 3054 1202 3115 πραοτέραν
1215 3054 1261 3115 τὴν
1280 3052 1390 3101 κόλασιν

133 3123 320 3187 ἐργασάμενοι,
346 3122 405 3183 τοίη
422 3122 451 3169 δὲ
469 3122 528 3171 οὐδὲ
546 3123 619 3184 παρά
636 3123 682 3185 τὴν
701 3123 784 3186 ἀρχὴν
804 3124 913 3185 &piem
933 3126 1061 3185 ἐμπεσεῖν,
1090 3124 1128 3172 οὐ
1150 3126 1194 3185 τῷ
1212 3122 1389 3171 διδάσκειν

134 3193 239 3254 μόνον
267 3191 359 3239 ἀλλὰ
385 3193 444 3240 καί
469 3195 511 3254 τῷ
537 3192 575 3240 δι’
601 3191 709 3254 τυχῶν
734 3192 883 3256 βοηθεῖν.
919 3192 955 3241 (Ιυ
980 3194 1031 3260 γὰρ
1052 3194 1115 3241 ὅταν
1138 3192 1206 3255 ἡμᾶς
1231 3193 1389 3257 σίναγεννῶαι

134 3262 225 3325 μόνον,
244 3259 318 3308 ἀλλὰ
335 3262 382 3309 καί
399 3261 433 3309 τὰ
450 3262 516 3322 μετὰ
537 3265 620 3309 ταῦτα
644 3268 789 3328 συγχωρεῖν
813 3263 915 3326 ἔχουσιν
935 3262 1051 3321 ἐξουσίαν
1075 3262 1253 3326 ἁμαρτήματα.
1273 3262 1389 3310 salassi

133 3331 191 3397 γάρ
208 3345 255 3391 τις,
273 3331 357 3392 φησίν,
377 3330 406 3379 ίν
425 3330 497 3392 ὑμῖν;
523 3330 643 3393 προσκαλ
663 3368 670 3380 .
688 3365 695 3379 .
715 3366 721 3379 .
741 3338 755 3355 ··
784 3331 964 3395 probandum
992 3334 1036 3383 est
1060 3346 1158 3382 reram
1178 3328 1320 3381 retinendi
1341 3344 1390 3395 po-

135 3402 285 3455 testatem,
310 3413 384 3463 quae
407 3413 464 3450 non
490 3398 630 3451 consistat
654 3401 747 3451 solum
767 3400 795 3450 in
821 3415 878 3452 non
904 3400 1033 3452 docendo
1058 3404 1085 3452 el
1109 3414 1164 3452 non
1190 3396 1389 3464 supplicando,

134 3484 204 3520 eum
224 3466 420 3533 superioribus
443 3469 541 3520 verbis
565 3469 634 3534 (non
653 3470 749 3521 verbis
770 3470 806 3521 de
825 3470 960 3521 unctione
985 3466 1176 3530 infirmorum)
1202 3468 1387 3519 intellexisse.

136 3538 255 3590 (ferrum
275 3536 391 3603 quidem
411 3542 454 3589 est
474 3554 509 3589 ex
528 3538 742 3603 comparatione
767 3554 831 3591 cum
856 3540 1003 3605 baptismo
1028 3554 1087 3591 rem
1106 3536 1189 3590 reddi
1209 3537 1387 3603 probabilem

135 3622 191 3660 nec
204 3611 377 3672 potestatem
387 3607 554 3673 baptizandi
568 3622 633 3659 esse
646 3610 827 3661 sacerdotum
839 3610 984 3675 propriam
997 3612 1047 3661 sut
1061 3609 1152 3660 solam
1163 3607 1387 3660 declarationem

136 3675 326 3729 remissorum
346 3680 527 3741 peccalorum
541 3682 640 3731 tantae
659 3692 723 3729 esse
736 3678 902 3745 dignitatim
922 3679 973 3730 sed
987 3694 1051 3730 curn
1070 3676 1192 3729 oratoris
1206 3676 1282 3728 diets
1297 3676 1386 3741 premi

135 3762 196 3799 non
222 3747 342 3812 possint,
366 3762 418 3799 nec
444 3746 473 3798 id
498 3749 662 3813 quaeratur.
686 3747 755 3812 quid
780 3748 883 3800 docere
908 3748 1037 3801 debuerit
1064 3748 1115 3799 sed
1140 3746 1208 3811 uuid
1234 3744 1389 3799 manifesto

134 3816 276 3874 docuerit.
295 3831 341 3867 res
360 3830 429 3867 sane
448 3818 597 3881 explorata
615 3830 672 3867 non
690 3824 743 3869 est.
779 3818 836 3869 Nec
855 3816 904 3869 alii
924 3816 977 3869 lori
997 3818 1061 3882 plus
1082 3816 1215 3868 ridentur
1235 3817 1337 3867 valere.
1358 3816 1388 3867 ln

136 3885 189 3951 (lp.
210 3886 288 3951 impl.
309 3885 337 3936 in
356 3886 415 3949 lit,
435 3886 509 3937 lioru.
528 3885 554 3949 3,
573 3902 595 3937 c.
614 3886 640 3944 3,
664 3886 712 3937 ubi
735 3887 824 3939 ileum
843 3902 896 3939 nos
917 3888 1062 3940 iubentem
1088 3885 1155 3937 lecit
1175 3884 1302 3937 confiteri
1326 3900 1390 3950 pec-

136 3959 204 4007 cata
231 3959 340 4019 nostra,
368 3958 399 4007 ut
427 3955 630 4007 verecundism
661 3956 807 4021 patiamur
834 3972 885 4021 pro
914 3972 1014 4023 poena.
1043 3956 1172 4021 proxime
1201 3956 1326 4019 loquitur
1353 3954 1389 4006 dc

137 4024 297 4090 baptismo;
315 4024 351 4075 de
370 4023 549 4075 confessione
568 4024 656 4091 igitur
674 4040 709 4077 ea
729 4025 805 4091 loqui
823 4026 945 4087 videtur,
965 4042 1038 4091 ιγυυυ
1057 4040 1121 4077 cum
1136 4024 1281 4090 baptismo
1301 4022 1391 4077 fiebat

136 4094 184 4159 (cl.
204 4094 241 4145 de
259 4098 381 4159 utraque
400 4094 482 4145 Hom.
503 4093 537 4147 10
555 4094 584 4145 in
597 4095 647 4147 llll.
667 4110 694 4146 n.
707 4094 743 4156 5).
763 4097 821 4147 Nec
841 4096 869 4147 in
885 4096 966 4147 llorn.
982 4095 999 4147 5
1018 4095 1047 4146 in
1067 4095 1137 4146 illud
1154 4093 1218 4146 Vidi
1235 4094 1388 4146 llominum

137 4167 201 4228 (seu
222 4164 250 4215 in
271 4163 391 4225 (laium).
410 4178 437 4215 n.
457 4163 480 4224 1,
500 4164 548 4215 ubi
568 4165 661 4217 locum
679 4166 728 4216 Mt:
744 4164 776 4216 ltl
795 4165 831 4217 de
850 4165 1032 4217 sacerdotum
1053 4167 1196 4231 potestate
1215 4163 1341 4229 explicat
1360 4165 1391 4215 ct

136 4235 176 4286 ita
196 4234 335 4299 loquitur:
359 4234 388 4284 ‘0
406 4235 495 4297 κριτὴς
512 4235 539 4283 ἐν
557 4239 588 4299 cp
601 4239 635 4301 γῇ
654 4236 780 4299 salernu
799 4237 813 4283 ὁ
830 4238 959 4300 Δεσπότης
978 4236 1068 4285 Ιπεται
1085 4239 1121 4298 τῷ
1136 4235 1238 4297 doliu·
1263 4237 1309 4283 καί
1322 4234 1389 4296 άπερ

135 4305 169 4353 ᾰν
187 4299 262 4367 οὗτος
279 4305 353 4353 κάτω
371 4306 455 4367 κρίνῃ,
478 4308 562 4354 ταῦτα
579 4305 681 4366 ἐκεῖνος
704 4306 758 4355 άνω
781 4311 866 4367 κυροῖ.
886 4305 936 4354 Καὶ
954 4306 1031 4370 μίσος
1055 4308 1100 4355 τοῦ
1119 4304 1185 4355 Θεοῦ
1210 4306 1319 4365 καὶτῆς
1339 4306 1390 4352 τῶν

136 4374 284 4436 ἀνθρώπων
302 4375 403 4436 φάσεως
422 4375 532 4437 ἕστηκεν
549 4375 564 4423 ὁ
583 4375 674 4438 ίερεὺς,
691 4376 739 4437 τάς
757 4375 864 4424 ἐκεῖθεν
882 4380 956 4439 τιμάς
974 4376 1097 4441 κατάγων
1117 4376 1180 4437 πρὸς
1198 4374 1267 4437 ἡμᾶς
1285 4370 1389 4437 [irreci-

137 4441 230 4509 bus‘?l,
255 4446 302 4492 καὶ
324 4446 371 4505 τὰς
396 4444 458 4507 παρ’
482 4444 554 4507 ἡμῶν
578 4446 709 4507 ἱκετηρίας
733 4445 838 4509 ἀνάγων
861 4446 932 4503 ἐκεῖ,
959 4444 1124 4511 ὀργιζόμενον
1149 4444 1226 4493 αὺτὸν
1253 4446 1284 4506 τῇ
1313 4447 1388 4507 κοινῇ

134 4513 328 4563 καταλλάττων
341 4514 417 4575 φάσει
429 4515 673 4575 πρσςκεκρουκότας
684 4515 753 4578 ἡμᾶς
765 4514 919 4576 ἐξαρπάζων
931 4517 981 4563 τῶν
995 4514 1095 4563 ἐκείνου
1109 4517 1216 4577 >respersu
1238 4527 1290 4563 nec
1303 4512 1387 4563 Hom.

134 4581 161 4633 3.
180 4582 218 4633 de
238 4581 351 4646 statuis,
377 4580 426 4633 ubi
446 4585 544 4634 monet
560 4580 672 4642 fideles,
696 4586 727 4634 ul
747 4582 887 4634 reducant
905 4582 1008 4635 fratres
1028 4597 1094 4634 suos
1119 4598 1135 4633 a
1161 4581 1287 4647 peccatis
1309 4586 1388 4633 etse

174 4658 241 4703 rant
267 4650 340 4703 sicut
367 4650 487 4703 modici:
510 4651 630 4703 vulnera
655 4667 753 4703 comm
779 4651 964 4705 manifestent
990 4652 1152 4715 sacerdoti;
1180 4666 1231 4703 nec
1251 4650 1332 4703 Hom.
1358 4650 1388 4701 in

160 4721 209 4787 ph.
229 4720 254 4778 ὃ,
273 4719 306 4773 13
333 4721 377 4786 (ἂν
395 4725 447 4788 γαρ
474 4723 508 4785 μὴ
527 4723 602 4785 δήσῃ,
627 4724 661 4771 τά
679 4723 799 4786 άρρηκτα
826 4724 903 4773 αυτὸν
926 4724 995 4786 μένει
1018 4720 1110 4786 δεσμά)
1138 4722 1210 4773 satis
1232 4719 1388 4773 manifesta
