3450 5342
706 407 879 461 „75-

171 591 313 658 baptis-i
340 607 439 644 rursus
468 591 496 644 iu
525 591 678 646 ecclesiam
707 592 917 660 ingrediantur,
945 597 978 646 ut
1003 609 1102 644 eorum
1128 595 1207 644 salus
1236 608 1418 660 quocumque

171 661 290 714 demum
310 661 396 714 modo
414 660 573 713 obtinenda
592 661 651 714 tere
669 661 823 728 desperata
840 661 946 729 iaceat,
965 662 1102 714 videlicet
1115 663 1293 728 poenitentia
1306 663 1418 728 baptis·

171 729 260 784 malis
285 729 435 782 hominum
462 729 603 782 eiusmodi
630 731 819 797 impossibilis
844 735 890 784 est
914 747 971 784 non
997 733 1091 786 solum
1108 736 1142 784 ut
1160 739 1201 784 est
1223 733 1417 800 baptismatis,

173 799 225 852 sed
238 801 330 852 otest
348 799 540 866 poenitentia;
565 799 651 866 (quae
671 799 863 854 consideratio
883 817 909 853 ν,
927 801 1004 854 4-6.
1020 805 1193 868 praeparata
1213 802 1299 868 priori
1315 801 1418 853 adiun-

192 870 251 922 itnr
263 885 355 935 aeque
365 869 488 935 abrupte
498 885 532 922 ac
546 869 691 938 generalis
704 871 778 922 ratio
791 886 860 922 ustis
874 871 1013 923 tenuioris
1026 871 1175 925 doctrinae
1189 871 1418 924 rudimentorum

170 885 257 1005 ivai.)
282 940 320 990 ad
344 939 488 992 rationem
514 943 582 992 ante
607 939 782 1005 explicatam
807 937 945 1005 additur),
972 941 1047 994 Nam
1066 955 1132 992 cum
1152 941 1284 992 immines
1303 945 1419 993 utentes

172 1010 306 1061 ubertate
336 1009 497 1076 gratiamm
528 1009 693 1062 divinarum
724 1009 869 1075 accipiant
899 1010 1048 1074 maiorem,
1084 1026 1149 1062 eam
1177 1009 1362 1076 negligentes
1389 1013 1420 1062 et

173 1081 393 1131 contemnentes
418 1078 502 1148 digni
521 1083 597 1141 sunt,
626 1078 674 1144 qui
694 1080 890 1144 reprobentur.
920 1080 963 1132 ita
982 1081 1131 1146 apostolus
1151 1079 1418 1146 impossibilitatem

172 1152 202 1200 et
221 1147 384 1214 simplicem
404 1150 433 1200 et
452 1149 591 1200 moralem
605 1147 691 1200 simul
705 1147 868 1200 affirmasse
886 1149 945 1200 dici
964 1153 1061 1214 potest
1079 1148 1125 1215 (ct.
1136 1149 1217 1202 Rom.
1228 1149 1253 1209 7,
1272 1147 1366 1206 ΖΗ,
1379 1148 1417 1210 ll.

172 1215 306 1272 Ceterum
325 1231 352 1268 ν.
371 1217 394 1269 7.
414 1215 438 1270 8.
458 1217 547 1270 etiam
566 1217 734 1270 immediate
754 1218 790 1270 ad
811 1233 836 1269 ν.
857 1219 932 1269 1-3.
951 1218 1050 1270 reterri
1070 1225 1190 1284 possunt
1211 1220 1377 1285 (Str-auh).
1462 1227 1466 1234 ‘

277 1286 417 1338 Rationes
443 1287 528 1340 huius
553 1287 756 1354 explicationis
782 1291 861 1340 sunt:
890 1287 920 1352 al
939 1289 1110 1354 Apostolum
1137 1289 1266 1354 proxime
1286 1288 1363 1354 loqui
1382 1289 1420 1338 de

173 1355 353 1422 poenitentia
378 1355 546 1422 baptismali
572 1361 652 1422 patet
678 1373 712 1408 ex
739 1373 763 1408 ν.
791 1355 831 1408 1⁰:
859 1373 916 1408 non
935 1373 1050 1409 rursum
1070 1358 1210 1410 iacientes
1229 1358 1421 1410 fundamenta

174 1424 378 1492 poenitentiae,
410 1426 426 1477 i.
455 1443 478 1478 e.
506 1425 715 1492 poenitentiam
744 1427 1001 1479 fundamentalem.
1032 1423 1061 1490 b)
1088 1428 1117 1480 Si
1145 1442 1201 1478 nou
1228 1427 1423 1480 intellexisset

174 1494 383 1561 poeniteutiam
406 1495 622 1562 baptismalem,
647 1496 674 1548 in
694 1497 787 1562 primo
807 1511 891 1548 versu
910 1497 947 1548 de
965 1497 1032 1548 aliis
1051 1497 1224 1549 rudimentis
1244 1497 1420 1561 loquendum
1520 1527 1523 1532 -

174 1580 232 1617 non
251 1563 317 1630 tuit;
337 1579 393 1616 non
413 1563 543 1618 dedisset
562 1565 640 1617 enim
659 1568 775 1632 plenam
795 1565 938 1618 rationem
955 1579 1006 1631 pro
1018 1566 1154 1618 omnibus
1166 1567 1349 1626 rudimentis,
1369 1567 1421 1617 sed

174 1636 289 1686 tantum
309 1649 360 1699 pro
379 1649 444 1686 uno.
470 1633 510 1686 Ct.
530 1634 628 1687 Estius
648 1636 675 1686 in
696 1635 723 1688 h.
745 1637 760 1686 l.
787 1633 812 1700 c)
831 1635 859 1688 Si
880 1636 1021 1688 nolitisset
1039 1651 1097 1688 uno
1115 1638 1204 1688 verbo
1222 1635 1303 1688 breri
1324 1635 1422 1702 poeni-

175 1703 285 1756 tentiae
304 1702 489 1768 baptismalis
508 1704 605 1758 omnia
625 1706 769 1756 elementa
788 1705 1041 1772 comprehendere,
1061 1704 1180 1757 dixisset
1202 1707 1298 1772 potius
1312 1705 1423 1772 baptis-

176 1787 256 1825 mum
277 1772 375 1824 iterari
389 1788 446 1825 non
460 1789 557 1840 posse;
578 1774 649 1826 haec
668 1775 745 1826 enim
766 1779 842 1826 certe
858 1780 902 1826 est
916 1774 999 1837 ratio,
1018 1791 1069 1826 cur
1081 1775 1214 1828 doctrina
1226 1775 1263 1827 de
1275 1773 1423 1840 baptismo

174 1857 233 1894 non
253 1842 292 1896 sit
310 1843 472 1896 recolenda.
492 1840 522 1908 d)
541 1844 612 1895 Cum
632 1844 722 1896 verba
741 1846 960 1907 ἀνασταυρονννες
980 1886 985 1897 ,
1006 1885 1011 1895 .
1031 1885 1036 1896 .
1058 1860 1114 1896 non
1134 1861 1199 1896 cum
1213 1844 1320 1897 aoristo
1338 1859 1423 1908 παρα-

176 1914 311 1974 πεσόντας,
340 1912 413 1964 satis
438 1913 575 1974 distante,
603 1929 702 1966 verum
732 1928 796 1964 cum
824 1913 966 1978 proximis
990 1914 1086 1966 verbis
1114 1916 1287 1975 ἀνακαινίζειν
1313 1913 1371 1976 (vel
1398 1914 1423 1965 si

174 1981 370 2035 Athanasium
398 1983 478 2046 sequi
505 1982 557 2048 ris,
586 1983 688 2048 supple
708 1981 826 2048 ἑαυτοὺς)
851 1986 888 2044 εἰς
906 1985 1042 2047 μετάνοιαν
1063 1983 1211 2047 iungenda
1231 1983 1298 2041 sint,
1318 1999 1423 2035 seusus

175 2052 233 2104 est:
261 2050 444 2117 impossihile
469 2057 513 2105 est
539 2052 671 2105 homines
697 2052 754 2104 iam
780 2053 944 2118 baptizatos
969 2054 1136 2105 renovando
1155 2053 1258 2105 iterum
1278 2053 1424 2104 arlrlueere

174 2121 214 2174 ad
240 2120 449 2186 poeniteutiam
475 2137 548 2188 eam,
577 2137 651 2186 (puae
675 2121 812 2186 requirat,
841 2126 873 2174 ut
896 2123 937 2186 (in
964 2122 1033 2188 qua)
1062 2123 1194 2174 [hristus
1222 2122 1293 2188 ipsis
1321 2121 1424 2185 (igitur

174 2189 289 2253 rursus)
315 2189 501 2258 crucifigatur
526 2191 594 2256 (non
621 2192 751 2256 rrrystice,
777 2193 828 2244 sed
853 2189 991 2257 realiter),
1018 2208 1093 2258 «pirae
1111 2199 1155 2244 est
1176 2191 1352 2258 poenitentia
1373 2193 1425 2243 ba·

175 2259 324 2326 ptismalis
344 2258 437 2326 (Rom.
457 2260 483 2324 6,
502 2260 525 2312 3.
547 2259 605 2326 ss).

283 2329 363 2397 Quod
377 2331 499 2382 alterurn
516 2332 609 2382 locum
623 2330 787 2397 oppositum
801 2329 932 2382 eiusdem
945 2331 1085 2396 epistolae
1099 2331 1212 2393 attinet,
1223 2331 1278 2382 etsi
1302 2331 1424 2396 luerunt,

174 2397 226 2465 qui
246 2413 311 2450 eum
331 2399 367 2451 de
386 2399 532 2464 baptismo
553 2399 747 2452 intellexerint
773 2402 862 2466 (velut
889 2402 930 2452 lo.
950 2401 1124 2464 Chrysost.
1146 2402 1175 2451 ln
1196 2402 1266 2451 lleb.
1288 2402 1363 2452 hom.
1382 2399 1425 2459 20,

175 2483 205 2521 n.
231 2467 259 2534 13
284 2469 458 2536 August..
478 2469 508 2521 ln
534 2469 616 2522 Rom.
643 2469 767 2522 inchoat.
792 2484 889 2534 expos.
915 2485 942 2521 u.
969 2470 1022 2534 19),
1049 2479 1240 2526 tamencum
1261 2471 1426 2535 baptismus

175 2537 283 2590 nullibi
308 2541 425 2590 vocetur
452 2538 546 2590 hostio
572 2555 623 2591 nec
650 2539 722 2605 ideo,
751 2539 826 2605 quod
854 2539 1017 2604 baptismus
1046 2540 1149 2592 iterum
1177 2541 1266 2604 recipi
1293 2543 1426 2605 nequeat,

175 2611 276 2660 actum
302 2608 339 2660 sit
364 2608 400 2659 de
420 2610 514 2660 salute
533 2609 571 2674 (v.
590 2607 636 2674 27)
655 2613 847 2674 peccatorum,
868 2609 1023 2674 explicatio
1043 2609 1093 2661 illa
1112 2611 1274 2661 deserenda
1293 2614 1344 2661 est.
1375 2608 1426 2660 ho·

176 2677 276 2742 quitur
295 2677 443 2743 apostolus
462 2678 498 2729 de
519 2681 637 2743 peccato
655 2678 829 2743 apostasiae,
855 2694 942 2743 apuam
963 2683 1113 2744 peceatum
1133 2685 1215 2730 vireat
1237 2695 1287 2743 per
1306 2686 1427 2730 animui-

177 2745 316 2812 masiam;
353 2747 406 2798 hoc
438 2753 521 2800 vocat
555 2747 750 2800 voluntarium
780 2751 897 2813 propter
927 2748 1082 2813 specialem
1115 2749 1239 2812 gradum
1269 2747 1427 2799 uoluntarii

177 2815 303 2880 (nullum
323 2815 393 2880 quip
448 2819 492 2869 est
513 2815 759 2882 involuntarium),
780 2832 844 2868 oum
864 2817 982 2884 cognita
995 2817 1117 2870 veritate
1131 2818 1199 2869 lidei
1218 2820 1276 2882 (τῆς
1296 2819 1427 2882 ἀληθείας

179 2885 342 2951 ci.Heb.3,
363 2885 395 2936 12
435 2886 567 2939 excusari
592 2901 649 2939 nou
675 2885 787 2952 possint
815 2885 861 2950 (ci.
881 2887 906 2945 6,
931 2888 988 2938 is.
1008 2893 1038 2940 et
1056 2889 1102 2951 τὴν
1122 2887 1276 2954 ἐπίγνωσιν),
1305 2887 1348 2939 lle
1373 2887 1428 2937 hoo

177 2957 299 3020 peccato
325 2955 359 3006 ci.
376 2955 400 3005 2.
424 2956 491 3008 Petr
513 2956 538 3022 2,
558 2955 598 3008 11.
628 2957 706 3008 idem
727 2960 878 3022 peccatum
898 2963 1082 3022 comparatur
1101 2973 1166 3008 mim
1187 2957 1351 3008 idololatria
1370 2972 1425 3007 sec.

179 3023 264 3076 Deut.
276 3023 317 3086 17,
336 3023 411 3076 2-7.
423 3031 515 3077 morte
534 3025 689 3090 punienda.
709 3025 839 3078 Proiecto
860 3026 917 3078 tide
937 3027 1075 3092 proicitur
1089 3027 1227 3078 t¹hristus¹
1249 3026 1379 3091 lienique
1392 3042 1429 3077 ex

179 3097 317 3146 contextu
338 3097 418 3159 patet
437 3095 599 3159 apostolum
620 3094 692 3146 sicut
714 3111 739 3146 v.
758 3096 792 3146 32
811 3111 860 3146 eos
874 3096 911 3147 ad
927 3096 1121 3148 constantiam
1137 3096 1165 3147 in
1180 3096 1237 3148 tide
1250 3097 1427 3163 exhortatur,

182 3162 225 3216 ila
244 3163 290 3214 hic
310 3177 358 3214 eos
369 3163 514 3216 deterrere
534 3167 616 3222 ,velle
635 3180 671 3216 ne
688 3165 897 3216 conventiculis
911 3165 1017 3218 Christi
1033 3183 1063 3218 se
1078 3167 1272 3218 subducentes
1286 3165 1427 3230 paulatim

183 3234 338 3298 apostatae
363 3229 443 3287 liant.
472 3261 504 3270 -
535 3235 647 3287 Dictum
675 3234 745 3286 illud
772 3249 827 3285 non
853 3249 1003 3287 remanere
1029 3236 1155 3289 hostiam
1174 3236 1223 3286 alii
1244 3235 1369 3287 reierunt
1390 3235 1428 3286 ad

173 3301 388 3367 ·Num.15‚30.
414 3301 558 3369 (Susil),
586 3303 635 3356 alii
663 3304 703 3357 ita
728 3304 883 3368 explicant,
911 3308 941 3356 ut
967 3306 1130 3370 apostolum
1155 3319 1262 3367 negare
1281 3305 1378 3356 dicant
1400 3305 1430 3356 et

183 3371 310 3424 hostiam
331 3371 486 3438 leviticam,
507 3389 581 3438 (puae
599 3373 626 3424 vi
648 3373 771 3425 caruerit
791 3379 818 3425 et
840 3373 896 3426 iam
917 3375 1026 3426 abolita
1046 3375 1091 3435 sit,
1111 3377 1138 3426 et
1153 3373 1278 3425 hostiam
1294 3374 1428 3439 futuram,

183 3456 258 3506 quae
278 3440 375 3494 veniat
395 3445 461 3507 post
479 3442 675 3494 oeconomiam
697 3442 896 3508 christianam,
919 3448 947 3495 et
967 3459 1031 3497 eam
1051 3459 1125 3508 quae
1145 3458 1219 3495 nrrnc
1240 3447 1292 3498 est.
1312 3441 1429 3507 Christi,

183 3525 272 3574 quam
292 3511 459 3578 abiecerint,
479 3540 512 3547 -
532 3512 573 3564 eis
593 3527 752 3577 superesse.

292 3599 365 3659 Pars
388 3601 424 3660 V.
447 3601 562 3660 Eadem
586 3612 714 3680 potestas
737 3615 780 3658 cst
805 3603 835 3659 in
859 3603 984 3660 ecclesia
1007 3605 1154 3679 perennis.

288 3702 360 3754 Dub.
380 3703 512 3770 Apostoli
531 3708 607 3757 certe
627 3706 800 3769 acceperunt
819 3704 962 3768 quasdam
981 3706 1141 3769 potestates
1159 3708 1184 3755 et
1201 3702 1429 3768 irraeroeativas,

183 3786 258 3836 quae
283 3787 380 3824 eorum
401 3773 616 3825 successoribus
635 3773 748 3826 desunt.
777 3773 839 3824 Nou
860 3773 951 3838 potuit
972 3773 1061 3838 igitur
1080 3774 1225 3839 praesumi
1247 3772 1365 3824 comedi
1385 3772 1429 3824 eis

182 3839 229 3892 ius
248 3856 299 3907 pro
315 3842 538 3905 successoribus,
558 3842 612 3894 nisi
627 3843 655 3894 id
670 3841 805 3908 explicite
818 3842 951 3894 additum
965 3848 1055 3903 essen
1074 3843 1202 3908 alioquin
1217 3843 1294 3894 euim
1308 3843 1429 3893 dubium

149 3959 155 3972 ,
182 3909 252 3962 oriri
271 3914 374 3977 potest,
394 3912 470 3976 quod
489 3913 722 3978 praecavendum
743 3912 804 3964 tuit.

293 3999 352 4058 eod
362 4003 474 4058 veritas
486 4004 588 4059 essenti
601 4003 690 4059 nostri
705 4012 786 4078 patet
801 4010 861 4057 tum
875 4022 913 4057 ox
926 4001 1035 4058 (finisti
1051 4002 1109 4058 tirrc
1122 4004 1278 4079 proposito,
1291 4023 1341 4058 cru
1353 4001 1431 4057 hanc

183 4095 359 4163 potestatem
383 4088 524 4164 apostolis
548 4087 711 4158 tradiderit,
742 4089 792 4165 qui
823 4101 901 4145 certe
926 4107 984 4144 non
1008 4089 1071 4155 tuit,
1095 4102 1124 4144 ni
1151 4089 1265 4145 lucilius
1290 4108 1432 4165 primage-

182 4183 263 4230 retur
284 4174 411 4232 eoclesia
434 4186 464 4231 ut
488 4178 518 4233 in
542 4175 619 4233 dono
643 4175 847 4233 miraculorum
872 4173 1067 4241 coricedendo,
1091 4190 1152 4231 tum
1169 4197 1207 4232 ex
1225 4175 1331 4241 rei-bis,
1355 4195 1430 4251 «pirae

182 4262 354 4338 praemisit:
378 4263 459 4320 Sicut
482 4283 528 4319 mc
552 4264 631 4320 misit
655 4262 753 4330 Pater,
776 4262 826 4318 ita.
850 4306 856 4318 .
880 4307 887 4318 .
911 4307 917 4319 .
941 4261 1036 4318 immo
1054 4265 1117 4338 ipsu
1142 4262 1350 4323 „sollemnitas
1374 4281 1434 4338 (lua

182 4357 253 4404 tunc
278 4347 415 4406 Salvator
436 4358 611 4426 potestatem
635 4347 805 4406 remittemli
829 4360 857 4405 et
881 4368 940 4406 mm
964 4347 1132 4406 remittendi
1158 4362 1278 4425 peccata
1294 4349 1432 4419 instituit,

183 4453 277 4512 aeque
312 4435 471 4512 singularis
504 4444 565 4494 erat
601 4445 688 4513 atque
713 4435 772 4504 ilia,
796 4455 854 4512 (lua
877 4446 1092 4496 sacramentum
1117 4434 1255 4512 baptismi
1280 4451 1322 4492 est
1349 4435 1433 4492 insti-

184 4525 309 4578 tutum³.
332 4521 483 4592 Filaret,
507 4522 639 4580 Prarosl.
663 4521 791 4596 domuel.
816 4521 926 4598 bogosl.
950 4523 989 4587 li,
1016 4526 1085 4579 tsi.

292 4607 400 4667 'l'hesis
436 4619 534 4666 nostra
558 4619 619 4667 tota
642 4609 830 4667 confirmatur
864 4609 1155 4686 interpretationibus
1187 4626 1318 4686 panum:
1342 4609 1433 4666 tiri-

183 4714 327 4770 genes,
350 4695 397 4752 De
421 4705 492 4754 orat.
516 4717 544 4753 n.
568 4700 625 4757 28:
654 4695 852 4766 Ambros,
878 4697 923 4754 lle
946 4698 1056 4773 poenit.
1079 4696 1096 4753 l.
1124 4701 1148 4761 1ΙΙ
1173 4717 1197 4753 c.
1222 4701 1249 4760 2.
1274 4717 1301 4754 n.
1326 4700 1352 4755 tl,
1377 4717 1431 4768 εις
