3450 5342
883 393 928 404 --
949 365 1011 417 atta
1034 395 1077 403 -

355 558 516 632 imparatus
539 561 568 608 et
592 565 741 609 aeternam
765 549 986 610 damnationem
1010 553 1146 620 incurrit,
1184 550 1411 628 dignissimus
1434 563 1479 607 est
1501 551 1617 625 vituperii

356 656 384 700 ct
401 639 630 718 reprehensione
653 659 696 709 eo,
719 637 797 716 qnod
815 659 875 696 non
890 659 921 696 se
935 641 1126 717 praeparavit
1150 639 1360 716 tempestive
1385 635 1529 695 reducens
1548 657 1574 692 se
1591 635 1616 690 al

356 739 463 786 statum
488 725 714 783 iustificationis.
756 725 836 800 Ergo
867 727 1001 803 peccarit
1030 727 1062 783 iu
1090 745 1137 796 eo,
1175 723 1269 802 quod
1297 745 1336 782 se
1362 745 1428 782 non
1452 726 1617 801 praeparati.

356 813 444 892 Quod
459 813 581 871 ulterius
597 812 726 888 explicat
750 810 961 881 Cardenus,
984 812 1078 871 Crisia
1094 811 1191 869 theol.
1209 810 1295 870 diss.
1316 813 1349 873 ti,
1367 832 1395 868 c.
1412 813 1442 882 3,
1458 830 1484 868 a
1500 812 1525 877 3,
1546 831 1570 866 u.
1583 813 1617 864 ii.

357 904 396 960 Et
420 901 625 960 eottfirmatnr:
649 899 745 956 Datur
760 896 903 974 obligatio
919 901 1017 958 statim
1034 897 1224 957 sublevandi
1246 901 1441 977 proximum
1464 896 1616 955 laborantem

357 1001 490 1046 extrema
521 995 701 1064 paupertate,
736 994 827 1062 peste,
861 998 913 1043 aut
941 989 1124 1064 captivatum
1150 1004 1169 1041 a
1195 988 1331 1062 piratis,
1371 986 1579 1064 quamprimum
1598 982 1617 1037 ii

358 1078 421 1133 tieri
451 1083 554 1152 potest.
592 1073 672 1150 Ergo
695 1070 773 1128 idem
798 1071 969 1131 faciendum
989 1075 1068 1130 circa
1090 1074 1233 1131 animam
1263 1073 1443 1150 spoliatam
1467 1073 1563 1148 gratia
1588 1073 1618 1124 iu-

297 1173 301 1180 '
359 1167 466 1221 tertam
492 1170 571 1238 peste
595 1161 708 1238 pcccati
733 1171 760 1215 et
785 1161 966 1236 captivatam
989 1179 1007 1216 a
1029 1158 1188 1216 daemone.

470 1248 532 1304 Nec
567 1257 739 1322 argumenta
773 1243 1008 1308 adversariorum
1042 1243 1213 1323 quidquam
1255 1246 1375 1304 valere
1413 1243 1555 1302 ridentur.
1580 1243 1619 1299 n-

361 1347 431 1394 eunt
455 1337 533 1391 enim

465 1422 502 1496 a)
527 1420 558 1478 si
583 1427 769 1496 praeceptum
793 1420 980 1476 contritionis
1002 1417 1150 1494 obligaret
1174 1421 1302 1488 statim,
1341 1428 1378 1476 ut
1403 1428 1470 1496 post
1492 1435 1615 1496 perrenni

363 1509 477 1586 impleri
502 1506 653 1564 moraliter
676 1515 779 1582 potest,
803 1519 938 1582 peccaret
954 1506 1048 1575 homo,
1064 1506 1185 1582 quoties
1210 1505 1299 1562 illud
1318 1506 1507 1582 negligeret;
1528 1506 1614 1560 cenna
1668 1562 1669 1565 ,

361 1593 484 1674 proinde
508 1595 539 1650 in
563 1593 643 1659 hora,
667 1594 691 1649 si
715 1593 826 1649 centies
849 1593 881 1650 iu
905 1595 1076 1650 memoriam
1100 1590 1208 1649 redcat
1232 1603 1421 1670 peccatum.
1451 1593 1539 1669 Atqui
1558 1591 1611 1646 bne·

363 1699 428 1740 sunt
453 1683 541 1739 nimis
565 1679 638 1736 dura
661 1691 689 1735 ot
713 1691 813 1736 contra
838 1700 956 1738 sensum
979 1677 1120 1749 fidelium,
1144 1680 1200 1755 qui
1223 1678 1268 1736 de
1296 1683 1339 1738 iis
1367 1683 1499 1758 peccatis
1520 1699 1570 1736 non
1588 1696 1608 1730 e

364 1777 512 1838 accusant,
547 1786 601 1824 nec
631 1764 668 1824 de
697 1767 733 1823 iis
761 1785 779 1821 a
809 1768 996 1824 cortt'essariis
1026 1769 1266 1842 interrogautur.
1311 1768 1364 1826 t'f.
1403 1770 1550 1829 Suarer,
1578 1764 1608 1818 lte

363 1877 448 1934 poert.
472 1853 547 1932 disp.
575 1855 622 1923 15,
646 1875 668 1910 s.
693 1857 719 1922 5,
744 1873 771 1910 n.
796 1857 824 1911 :a

470 1937 503 2018 b)
529 1943 560 1996 a'i
584 1939 652 1997 talis
676 1939 817 2016 obligatio
846 1939 1011 2009 baberetur,
1041 1949 1228 2016 sequeretur,
1262 1950 1298 1998 ut
1332 1940 1440 1998 claves
1467 1938 1536 1996 adiri
1563 1957 1604 1992 usu

365 2031 478 2107 possint
503 2030 558 2084 nisi
583 2047 601 2084 a
624 2027 798 2084 iustificatis.
822 2027 868 2082 (Jl'.
892 2025 946 2082 lte
972 2025 1083 2100 Lago.
1107 2026 1156 2083 De
1179 2046 1272 2103 poen.
1297 2027 1381 2105 disp.
1408 2031 1435 2098 ἲ,
1459 2048 1486 2084 u.
1507 2027 1566 2082 2²01.

476 2113 523 2172 Ad
549 2114 585 2189 al
615 2114 701 2170 l'acile
732 2111 932 2190 respondetur.
967 2113 1045 2170 Nam
1080 2113 1187 2182 ‚buius
1224 2113 1424 2172 difficultatis
1458 2113 1604 2171 solutionem

367 2200 579 2279 praestolamur
602 2199 639 2256 ab
663 2199 849 2257 adversariis.
879 2200 904 2256 li
929 2220 1035 2276 nempe
1058 2199 1192 2257 fatentur
1223 2197 1262 2258 1⁰
1285 2203 1444 2259 homiuem
1473 2202 1502 2257 iu
1522 2196 1605 2276 probs·

368 2288 421 2344 bili
445 2289 546 2344 mortis
574 2288 711 2363 periculo,
742 2287 866 2364 prohinc
899 2286 938 2344 ab
968 2289 1054 2343 initio
1083 2287 1274 2362 periculosae
1304 2289 1509 2364 navigationis
1529 2284 1603 2340 teneri

368 2374 404 2432 ad
436 2375 661 2432 contritionem:
697 2371 733 2430 *2⁰
756 2372 786 2430 id
817 2393 937 2450 «proque
969 2371 1157 2448 indulgenter
1186 2374 1373 2445 concedunt,
1409 2395 1476 2432 cnm
1504 2372 1549 2450 qui
1574 2366 1603 2424 al

368 2469 505 2539 quattuor
526 2459 575 2516 vel
598 2463 729 2538 quinque
753 2481 868 2517 menses
893 2461 1099 2520 contritionem
1123 2458 1233 2532 ditl'ert,
1269 2463 1343 2521 novi
1368 2459 1489 2518 taudem
1510 2456 1603 2536 peceati

368 2568 449 2605 reum
474 2547 545 2604 fieri.
570 2546 680 2606 Dicant
710 2568 787 2624 ergo,
815 2556 885 2624 quot
917 2547 1054 2605 admittat
1083 2559 1218 2624 peccata,
1250 2552 1304 2627 qui
1334 2570 1389 2627 per
1418 2548 1534 2624 tongum
1554 2564 1606 2619 pm·

368 2634 495 2692 cellosac
527 2636 727 2709 navigationis
760 2646 884 2711 ternpus,
922 2656 958 2692 ne
989 2633 1078 2690 semel
1109 2633 1233 2711 quidem
1267 2637 1425 2712 ingemuit,
1459 2631 1533 2712 quod
1560 2630 1605 2685 llil

370 2723 462 2779 hostis
486 2731 571 2783 esset,
602 2724 657 2778 etsi
686 2719 817 2798 quotidie
845 2730 1032 2797 praesentem
1060 2719 1116 2779 sibi
1144 2723 1336 2781 intentarent
1366 2724 1466 2781 omnia
1492 2732 1605 2777 mortem.

370 2809 489 2872 Dicant,
513 2809 626 2883 quoties
650 2820 771 2886 peccata
794 2810 936 2881 geminet,
959 2809 1009 2884 qui
1034 2807 1180 2865 funestum
1205 2812 1313 2886 attigit
1328 2819 1452 2887 tempus,
1476 2826 1531 2884 qua
1552 2819 1606 2859 tsn-

370 2895 437 2952 dem
461 2914 564 2969 urgere
588 2895 693 2972 incipit
716 2897 782 2952 serii
807 2894 919 2953 doloris
947 2904 1143 2972 praeceptum.
1178 2895 1272 2970 Quod
1303 2915 1476 2974 responsum
1501 2890 1605 2948 dabunt.

373 2981 403 3037 id
426 3002 442 3037 a
466 2980 550 3037 nobis
574 2979 674 3039 datum
697 2993 826 3059 putent*
855 2983 996 3052 Collet,
1019 2982 1066 3038 De
1089 3001 1173 3058 poen.
1197 3002 1228 3064 p,
1253 2987 1284 3053 ⁶2,
1309 3004 1334 3041 c.
1358 2986 1386 3054 4,
1409 3003 1437 3040 n.
1461 2981 1529 3037 aaa.

476 3065 525 3124 Ad
550 3061 584 3142 b)
608 3067 764 3126 dicendum
788 3067 907 3126 videtur
930 3068 1079 3146 sequelam
1107 3068 1185 3127 hanc
1208 3080 1283 3127 tunc
1306 3091 1373 3128 esse
1394 3069 1527 3134 futuram,
1552 3081 1604 3119 011111

372 3173 473 3212 omnes
508 3151 703 3230 obligationes
738 3155 907 3213 bominibus
939 3175 1053 3234 semper
1084 3158 1275 3213 innotescent
1304 3167 1337 3214 et
1370 3155 1405 3214 ab
1435 3157 1478 3212 eis
1506 3168 1606 3226 semper

373 3239 582 3319 implebuntur.

482 3327 541 3385 sed
563 3331 712 3386 sententia
734 3329 970 3387 adversariorum
994 3329 1083 3404 (inter
1105 3348 1179 3405 quos
1201 3339 1274 3386 sunt
1302 3326 1520 3388 Durandus
1549 3323 1606 3380 lle·

373 3415 474 3475 dina.
499 3413 703 3482 Adrianus,
728 3419 829 3490 boto,
853 3419 969 3483 Cano,
994 3415 1157 3490 Suarez),
1182 3413 1529 3475 nohistuendaridetur
1550 3408 1605 3466 ideo

373 3523 446 3560 esset.
471 3504 540 3578 quia
563 3502 615 3558 illa
638 3501 848 3577 obligationem
873 3504 1058 3559 contritionis
1081 3504 1181 3559 statim
1196 3513 1266 3578 post
1290 3513 1444 3581 peecatum
1459 3495 1606 3558 eliciendae

374 3592 529 3666 imponens
554 3608 611 3644 nou
636 3590 815 3646 sufficienter
838 3588 986 3666 probatur.

479 3676 555 3731 Nam
580 3673 617 3730 ad
640 3689 843 3748 argumentum
869 3678 994 3753 primum
1018 3672 1175 3731 dicendum
1199 3674 1426 3735 videturesse:
1448 3674 1486 3732 ad
1501 3689 1608 3733 manen·
1668 3728 1670 3737 .

374 3761 443 3818 tlttm
469 3763 498 3818 in
522 3763 619 3836 gratia
641 3761 744 3818 divina
768 3783 826 3819 non
850 3766 982 3839 praecise
1005 3762 1071 3819 ideo
1094 3760 1270 3836 obligamur,
1306 3772 1341 3821 ut
1364 3763 1441 3822 salus
1464 3769 1558 3821 nostra
1577 3758 1606 3811 sit

375 3867 484 3914 secura,
508 3846 560 3904 sed
582 3846 649 3904 ideo
672 3850 740 3925 quia
763 3848 902 3906 excidero
925 3869 963 3906 cx
986 3869 1021 3905 ea
1044 3868 1102 3906 non
1124 3864 1281 3925 possumus
1305 3852 1368 3909 uisi
1390 3857 1516 3927 peecata.
1538 3842 1609 3900 tlbli-

375 3935 455 4009 gntio
479 3943 575 3990 autem
599 3936 790 4011 recuperandi
814 3957 878 3992 eam
903 3945 947 3993 est
970 3935 1111 4011 obligatio
1134 3933 1171 3992 ad
1196 3932 1236 4004 id,
1260 3945 1372 3994 utnon
1394 3938 1485 3994 simus
1499 3936 1529 3990 iu
1544 3940 1607 3987 statu

376 4025 486 4095 pcccati
512 4033 718 4096 permanenter
741 4043 845 4079 eumve
870 4043 988 4079 manere
1011 4022 1144 4092 velimus
1178 4020 1232 4079 sed
1255 4041 1317 4080 nou
1342 4021 1380 4080 ad
1403 4021 1443 4089 id,
1473 4030 1505 4079 ut
1524 4037 1560 4076 ue
1578 4012 1607 4071 ad

305 4147 315 4162 .
377 4105 466 4161 breve
497 4104 615 4181 quidem
647 4119 761 4184 tempus
793 4112 824 4166 iu
852 4130 887 4166 eo
914 4112 1005 4166 simus
1033 4128 1137 4167 eumve
1160 4110 1371 4184 permittamus
1395 4127 1520 4166 manere.
1555 4104 1608 4161 au

377 4200 421 4248 eat
438 4193 526 4266 igitur
543 4196 682 4266 negativa
698 4195 846 4272 obligatio,
863 4195 915 4252 sed
932 4197 1066 4273 positiva,
1085 4193 1215 4252 faciendi
1231 4215 1275 4266 ea,
1299 4195 1410 4273 quibus
1425 4196 1494 4253 finis
1507 4193 1609 4251 ultim

377 4280 469 4355 possit
493 4276 626 4335 obtineri.
651 4281 696 4338 Cf.
721 4285 874 4345 Saarna,
899 4282 973 4359 disp.
1000 4285 1047 4350 15,
1070 4303 1091 4339 s.
1117 4283 1143 4345 5,
1167 4300 1195 4341 n.
1219 4283 1252 4340 4:
1277 4281 1471 4354 Becanus,
1492 4281 1609 4338 Desara

377 4385 401 4421 c.
425 4367 474 4435 35,
498 4385 525 4441 q.
551 4367 577 4433 7,
602 4386 629 4422 n.
654 4369 671 4423 5
696 4387 733 4424 ss.
764 4370 829 4440 ,lix
853 4369 905 4426 illa
928 4389 1013 4446 porro
1035 4369 1236 4446 poenitentiae
1259 4370 1424 4427 omissione
1447 4367 1486 4426 ad
1507 4359 1609 4441 aliquid

377 4459 492 4528 tempus
524 4472 581 4508 non
613 4456 751 4529 seqnitur,
787 4454 864 4532 qnod
889 4456 975 4513 homo
998 4461 1167 4513 contemnat
1189 4453 1250 4510 Dei
1272 4455 1439 4513 amicitiam
1462 4452 1609 4512 virtualiter

378 4549 426 4593 aut
451 4539 691 4614 interpretativa:
716 4543 785 4616 qnia
808 4543 940 4598 amicitia
953 4544 1009 4600 Ilei
1033 4541 1149 4619 perdita
1171 4559 1231 4597 uon
1252 4550 1393 4599 censetur
1416 4540 1561 4599 contemni
1579 4554 1607 4590 01

378 4643 420 4693 co,
445 4623 522 4699 quod
546 4624 644 4700 aliquo
667 4633 797 4702 temporo
822 4649 880 4684 non
904 4632 1060 4706 qttneritur,
1084 4629 1141 4686 nisi
1158 4625 1237 4685 adsit
1252 4625 1398 4703 obligatio
1422 4648 1475 4706 pro
1497 4639 1607 4702 tempor
