3450 5342
888 353 1056 409 „322-

352 542 438 600 nibus
461 545 582 619 exponit
607 545 746 599 continuo
771 540 808 598 ad
832 544 998 599 criticorum
1024 540 1174 598 liberiores
1198 552 1226 597 et
1251 540 1339 597 falsas
1363 537 1586 596 anirnadrersio-

352 650 405 686 nos
428 628 641 706 prospiriendo.
673 630 713 684 llt
738 632 861 705 primum
886 628 1004 705 quidem
1036 645 1143 692 monet,
1175 649 1231 705 quo
1263 627 1325 684 loeo
1353 626 1588 699 l'uenmatologia

356 719 386 773 in
410 717 566 789 erangelio
592 717 725 792 Apostoli
750 716 922 772 eolloeanda
947 718 991 778 sit,
1022 716 1082 770 l‘as
1107 736 1164 771 non
1187 728 1230 770 est
1255 735 1318 771 eam
1343 718 1436 770 instar
1461 710 1589 770 aeeideu·

350 801 419 860 talis
444 802 640 859 ruldirarnenti
666 805 693 859 in
720 803 875 859 doctrinali
901 806 963 860 eins
987 812 1147 881 systemate-
1173 801 1289 858 babere.
1323 801 1377 856 Est
1402 802 1499 876 potim
1522 803 1589 855 inte-

351 889 442 966 gralis
476 911 542 966 pars
574 890 741 960 theologiae
765 890 900 966 Apostoli
927 907 1044 966 propter
1076 891 1211 945 intinnnn
1235 909 1299 945 ema
1325 887 1521 962 Soteriologia
1543 906 1589 942 ue-

354 998 429 1035 xum.
455 980 504 1053 qni
529 998 615 1054 opere
641 975 844 1053 lli-dernptoris
870 980 1059 1033 imitationem
1085 969 1173 1032 subiit
1190 997 1232 1034 eo.
1256 974 1341 1052 qnod.
1366 991 1521 1051 postquam
1545 975 1592 1028 im·

353 1062 481 1120 mediata
507 1063 674 1120 bominibus¹
698 1084 761 1120 eum
791 1064 851 1120 lleo
875 1065 1040 1120 eornmunio
1065 1072 1165 1139 parato
1189 1074 1241 1121 est.
1264 1063 1332 1119 mali
1350 1075 1482 1138 potestas
1507 1060 1592 1115 frasta

352 1164 395 1207 est
419 1163 447 1207 et
472 1151 569 1207 media
593 1153 710 1207 unionis
733 1172 797 1206 oum
823 1150 887 1207 luo
913 1148 1055 1206 lorondae
1080 1147 1256 1205 subsidiaria
1280 1147 1396 1204 sublata
1426 1166 1505 1204 sunt.
1553 1147 1592 1201 ln·

353 1258 438 1313 snper
463 1237 570 1295 l'anlas
595 1260 629 1292 eo
654 1258 768 1313 quoqne
792 1236 828 1291 do
854 1236 907 1293 lou·
931 1237 1082 1293 doetrinae
1113 1238 1208 1312 eapite
1233 1249 1331 1312 aperte
1356 1235 1493 1311 proloqui
1517 1254 1593 1306 erige-

353 1323 444 1390 batur,
475 1323 551 1400 qurul
577 1326 606 1380 in
633 1324 668 1382 l',
690 1323 724 1379 Τ.
749 1325 866 1399 paginis
890 1343 976 1400 saepo
1000 1322 1036 1379 de
1061 1345 1095 1379 eo
1120 1344 1215 1380 sermo
1240 1325 1367 1378 reenrrit.

456 1435 557 1492 Critiri
584 1432 736 1515 illdrnonrl
769 1439 893 1512 Stapl'er,
926 1436 1001 1492 Rari
1027 1436 1140 1503 altillo,
1173 1436 1206 1492 l'.
1231 1439 1264 1492 tl.
1297 1432 1464 1513 (barbare,
1498 1430 1594 1489 tlrello

352 1522 441 1587 Cone,
466 1522 564 1580 llarid
591 1523 803 1591 Sorrrrnerrille,
828 1528 943 1598 lietu-ge
970 1523 1132 1592 llatbeson,
1153 1524 1203 1580 lllr.
1223 1522 1423 1595 l'rotlringam.
1446 1522 1485 1576 A.
1503 1518 1594 1574 Hans·

351 1610 428 1670 ratln
453 1631 488 1665 ox
514 1610 568 1665 lroe
592 1610 719 1686 capitulo
739 1630 853 1687 quoqne
877 1625 1020 1667 ‹eotrautur
1044 1609 1173 1686 probare.
1201 1610 1371 1685 Apostolum
1396 1609 1504 1683 spiritu
1530 1603 1595 1681 pba-

352 1698 455 1753 risaieo
479 1699 540 1765 reri
564 1712 593 1752 et
616 1698 726 1772 placita
749 1695 866 1753 iuduiea
890 1696 1088 1773 ropnalneere.

458 1800 560 1876 ltaque
586 1800 754 1877 imprudens
779 1803 873 1863 l'nrrit,
905 1802 954 1877 qni
986 1802 1119 1857 stamma
1143 1800 1269 1857 Paulum
1288 1798 1381 1860 ¹nulla
1416 1799 1533 1853 ratione
1556 1798 1596 1852 iu-

352 1887 465 1944 daismo
487 1887 645 1943 obnoxium
672 1888 769 1946 l'nisso.
809 1892 899 1943 Serus
923 1888 1000 1944 enim
1022 1898 1050 1943 et
1074 1887 1131 1954 ille,
1156 1888 1206 1963 qui
1232 1887 1285 1942 lui
1318 1886 1511 1943 existentiam
1534 1902 1594 1939 eniti

351 1972 469 2033 Indaeis
500 1975 657 2050 prolitetnr,
689 1972 861 2030 rabbinismi
894 1995 958 2040 rens
986 1977 1073 2031 statui
1100 1984 1194 2050 potest
1225 1975 1302 2046 (Aet.
1327 1975 1376 2036 ⁴23,
1401 1969 1443 2045 e.)
1493 1970 1596 2025 l'utilis

351 2072 447 2117 autem
473 2076 500 2116 et
525 2060 679 2117 arbitraria
715 2075 758 2116 ost
782 2063 904 2117 assertio
937 2060 1062 2123 t'lreonlr.
1094 2061 1199 2132 lssteri,
1232 2059 1287 2120 ‚ld
1314 2057 1470 2135 llarnaekl
1496 2054 1595 2112 ludae-

351 2167 431 2202 ormn
463 2147 550 2203 tidem
583 2149 613 2203 in
646 2149 765 2225 spiritus
789 2168 846 2203 non
871 2148 1043 2204 revelationi
1069 2147 1189 2204 divinae
1213 2146 1263 2203 sed
1288 2167 1352 2202 enm
1377 2146 1505 2202 etlrnieis
1529 2163 1595 2198 eon-

353 2235 511 2289 rersationi
536 2244 564 2288 et
589 2235 780 2291 naturalismo
803 2234 929 2290 deberi..
959 2236 1099 2291 llariones
1130 2237 1218 2293 renim.
1251 2254 1323 2311 qrtas
1354 2234 1403 2289 alii
1429 2233 1497 2306 (tn.
1522 2234 1594 2303 altre.

354 2320 516 2395 ll'llnsebo)
548 2323 730 2397 potissimum
762 2342 798 2376 ex
832 2319 998 2378 nominibus
1029 2321 1154 2378 aderunt
1183 2321 1221 2376 ad
1250 2335 1445 2377 continentum
1477 2337 1595 2393 eonpro—

351 2406 489 2475 bandum,
514 2407 586 2465 illnd
612 2427 647 2463 ne
671 2406 822 2484 probabile
846 2408 963 2484 quidem
990 2407 1111 2465 reddero
1136 2408 1244 2477 raleut,
1274 2409 1342 2484 quia
1366 2407 1522 2482 spirituum
1549 2423 1594 2458 no·

353 2497 431 2551 mina
457 2495 508 2550 illa
524 2495 626 2550 saltem
642 2494 700 2550 lixo
716 2507 743 2550 ot
759 2496 842 2550 lirino
860 2495 1048 2552 revelationis
1074 2493 1264 2552 solidamento
1292 2492 1410 2550 ramlera
1435 2487 1592 2569 aliquando

351 2597 591 2657 supervenerunt.
629 2581 733 2657 Neque
758 2580 876 2657 loseplri
902 2582 999 2638 Flavii
1030 2597 1058 2637 et
1094 2582 1237 2639 Philonis.
1268 2601 1389 2658 qnorum
1421 2592 1527 2635 neuter
1557 2579 1594 2631 iu-

351 2665 496 2723 daismum
519 2670 679 2742 genuinum
711 2669 858 2744 exprimit,
889 2669 1043 2744 spirituum
1066 2688 1131 2725 oum
1156 2667 1310 2725 animabus
1333 2667 1476 2728 confusio,
1511 2685 1593 2742 quim·

350 2756 454 2811 stioitis
477 2764 584 2810 statum
609 2755 754 2811 ullatenus
778 2756 876 2811 allicit.
909 2757 1010 2811 {iratis
1041 2775 1157 2832 quoque
1182 2755 1296 2811 leteris
1319 2756 1353 2816 T,
1378 2753 1414 2810 de
1439 2749 1593 2828 spiritibus·

351 2838 484 2896 doctrina
508 2840 544 2896 ad
570 2840 653 2898 diros
678 2843 826 2897 semitieos
850 2841 983 2915 (elohim)
1009 2844 1143 2909 ueetitur,
1167 2844 1215 2918 qni
1242 2861 1399 2918 nunrqnam
1424 2861 1441 2896 a
1459 2859 1481 2898 s,
1500 2848 1592 2896 aucto

351 2924 431 2982 ribus
462 2947 526 2982 enm
563 2928 720 3003 spiritibus
747 2931 914 3003 iunguntur,
945 2939 1044 3006 utpote
1079 2929 1138 2985 fieti
1171 2942 1198 2983 ot
1232 2930 1308 2984 rani.
1356 2926 1471 2986 Veteris
1506 2921 1540 2982 'll
1566 2940 1589 2977 et

350 3012 486 3089 Apostoli
511 3014 697 3089 angolologia
723 3017 751 3070 in
776 3014 880 3072 divina
905 3015 1085 3072 revelatione
1109 3025 1174 3071 stat.

455 3129 522 3200 Qua
544 3129 656 3183 ratione
680 3126 832 3184 vindicata
863 3127 992 3185 lneriter
1018 3127 1100 3184 verbi
1136 3129 1257 3184 revelati
1290 3128 1462 3183 auctoritate
1496 3124 1592 3181 diviua

351 3208 389 3267 ad
412 3210 623 3269 rabbinisrumn
649 3216 795 3291 proprium
820 3214 942 3273 aeeedit.
976 3216 1076 3271 llel'ert
1109 3235 1197 3292 quma
1221 3215 1410 3292 plurimorum
1435 3212 1589 3269 recentium

350 3297 503 3368 theoriam,
534 3300 617 3355 iuxta
641 3320 727 3375 quam
753 3300 853 3357 ludaei
879 3303 909 3358 iu
933 3301 1027 3358 locum
1050 3303 1236 3359 intermissae
1262 3300 1451 3357 revelationis
1466 3295 1589 3355 'divinae

352 3387 490 3461 frequens
514 3387 673 3461 spirituum
699 3389 893 3444 ministerium
918 3387 1137 3446 substituerunt.
1184 3387 1280 3463 Quam
1304 3388 1458 3455 theoriam,
1489 3388 1513 3442 si
1539 3403 1592 3440 mo

350 3470 451 3528 derate
489 3472 659 3548 applicetur,
689 3471 726 3528 ad
766 3472 978 3531 rabbinismum
1014 3474 1157 3552 quadrare
1192 3473 1335 3532 coneedit.
1380 3473 1489 3530 Paulus
1530 3488 1590 3526 reto

351 3559 401 3613 ria
423 3577 540 3634 prorsas
574 3562 707 3636 opposita
731 3561 761 3616 in
786 3563 903 3636 negotio
937 3562 993 3618 isto
1027 3561 1169 3619 solvendo
1205 3564 1380 3638 processisse
1409 3561 1590 3635 conspicitur.

350 3644 517 3721 Interrupto
545 3646 599 3701 nei
623 3666 688 3702 eum
711 3646 880 3703 bominibus
911 3651 1085 3706 commercio
1109 3651 1230 3725 opponit
1261 3649 1502 3705 incarnationem
1528 3641 1588 3701 Filii

350 3729 514 3803 l'nigeniti,
539 3735 588 3808 qui
612 3753 664 3808 per
687 3731 774 3789 tidem
800 3736 829 3791 in
853 3754 943 3791 unum
966 3737 1050 3812 quasi
1081 3735 1201 3792 eoulluit
1224 3756 1289 3803 eum
1309 3735 1475 3791 instilieatis
1502 3735 1589 3806 iisque

351 3816 538 3892 privilegium
572 3819 698 3876 liliorum
737 3819 792 3876 Dei
832 3820 980 3878 conciliat.
1025 3820 1090 3897 Quo
1128 3842 1215 3879 sensu
1247 3823 1382 3879 Christus
1416 3823 1521 3877 unicus
1552 3831 1588 3872 est

352 3900 494 3959 mediator
518 3904 576 3961 nei
599 3916 626 3961 et
652 3905 802 3963 bominum
827 3909 856 3982 ll
882 3908 959 3965 Tim.
985 3912 1012 3977 ⁴2,
1034 3909 1064 3985 ri)
1088 3920 1117 3966 et
1130 3910 1161 3965 in
1174 3910 1313 3986 religiosa
1329 3909 1535 3964 communione
1551 3906 1589 3958 in-

353 3987 511 4045 stauranda
535 3990 646 4047 nullam
670 3991 801 4050 admittit
831 3994 1046 4052 auxiliatorem.
1080 3994 1227 4054 Universa
1258 4015 1372 4073 qnoque
1399 3994 1432 4052 l'.
1455 3994 1490 4050 ¹1¹.
1516 4010 1588 4049 oeco-

353 4073 452 4129 nomio
473 4073 509 4131 de
534 4076 611 4133 laeto
641 4077 842 4156 paedagogiae
876 4080 943 4137 Filii
968 4083 1168 4140 manifestatio
1199 4099 1261 4139 erat
1293 4092 1321 4139 et
1344 4103 1362 4139 a
1386 4082 1516 4138 Domino
1546 4074 1589 4134 ab·

353 4157 539 4219 solvebatur:
564 4166 612 4239 qui
637 4175 680 4221 est
704 4164 853 4223 absolutus
878 4166 1023 4225 humanae
1048 4169 1150 4226 salutis
1173 4170 1266 4230 Sator.
1290 4167 1504 4245 Quodcumque
1528 4183 1589 4221 rere

353 4243 432 4300 aliud
456 4247 486 4303 iu
510 4247 565 4304 boe
589 4253 706 4326 negotio
729 4252 857 4310 officiam
890 4257 1067 4331 supervenit,
1099 4255 1299 4313 adventicium
1323 4257 1455 4333 praecise
1479 4264 1507 4309 et
1531 4248 1588 4308 sub-

352 4328 515 4389 ordinatum
540 4345 654 4393 tantum
677 4358 741 4395 esse
762 4348 859 4416 potest
883 4339 1030 4417 et‚quoad
1054 4343 1196 4399 motivum
1220 4352 1250 4398 et
1273 4342 1369 4419 quoad
1393 4342 1584 4399 exercitium?

353 4417 392 4494 la·
417 4418 501 4494 ⁶62)

455 4522 527 4579 Post
556 4544 629 4601 quas
652 4526 805 4602 generales
828 4528 1049 4589 observationes
1073 4532 1103 4588 in
1129 4533 1226 4608 speeie
1250 4542 1357 4590 tractat
1380 4532 1417 4589 de
1441 4533 1588 4610 spirituum

353 4617 464 4679 natura,
488 4611 716 4685 operationibus,
737 4615 975 4691 proprietatibus,
