3450 5342
713 486 906 541 -267-

186 673 380 735 relationibus
404 677 567 753 praemittit
591 685 630 753 tp.
656 674 781 751 1-10).
813 674 927 733 llelatis
949 675 1040 733 variis
1062 672 1100 731 de
1122 673 1335 731 christianismi
1358 670 1438 751 apud

187 764 339 821 llumenos
373 764 488 839 origine
522 760 719 840 opinionibus,
753 764 923 841 opinionem
957 760 995 819 de
1029 758 1141 819 Christi
1177 759 1237 818 fide
1269 761 1329 819 iam
1361 778 1440 820 saec.

186 852 226 912 ll.
249 850 331 908 hisce
354 851 385 907 in
409 851 496 907 terris
519 860 690 927 propagata,
722 850 904 925 argumentis
926 848 1026 906 allatis
1048 846 1191 907 defendit
1236 844 1439 919 Documentia,

185 956 261 1016 quae
287 934 324 995 de
358 935 501 994 ecclesiae
532 935 614 994 hisce
649 938 679 993 in
704 936 789 994 terris
823 936 1032 994 constitutione
1055 933 1209 1003 habentur,
1243 933 1438 1012 perlustratis,

186 1044 252 1083 eam
277 1042 335 1081 non
360 1022 450 1081 fuisse
473 1022 601 1100 perfecte
624 1023 679 1097 (ne
702 1024 848 1100 enounls}
872 1031 1066 1099 temperatam
1088 1019 1239 1081 concludit
1262 1017 1302 1099 (p.
1327 1018 1389 1100 10).

290 1108 327 1170 lu
350 1112 445 1187 primo
467 1112 565 1187 capite
588 1110 627 1188 (p.
644 1108 782 1185 11—66)
805 1109 976 1187 metropolis
987 1107 1203 1167 hloldavieusis
1225 1107 1270 1183 (ut
1291 1104 1439 1165 dioecesis

185 1192 289 1275 Mold.)
320 1196 474 1255 historiam
504 1207 631 1255 enarrat.
667 1196 742 1255 Cum
772 1192 972 1255 descendente
1003 1214 1078 1253 saec
1101 1194 1187 1253 xlv,
1216 1192 1339 1253 ducatus
1361 1194 1438 1252 Mol-

185 1282 338 1343 dariensis
361 1286 537 1343 constitutus
559 1292 645 1353 esset,
668 1286 757 1341 etiam
780 1282 907 1343 ecclesia
929 1281 1123 1362 temperanda
1145 1290 1217 1341 erat.
1238 1280 1436 1339 Praecedenti

185 1380 316 1449 tempore
341 1379 424 1429 metr.
447 1368 662 1429 Moldavienais
696 1368 733 1428 ab
757 1368 908 1429 Achridae
942 1372 1080 1449 episcopo
1110 1365 1306 1446 dependebat,
1339 1401 1382 1409 -
1398 1369 1436 1426 'at

186 1477 252 1515 cum
269 1456 411 1525 ,Athrida
432 1476 450 1514 a
471 1454 572 1519 Scibis
595 1467 735 1536 occupate
758 1467 843 1522 essct,
867 1455 900 1515 id
921 1458 1105 1515 occasionem
1120 1454 1270 1515 Moldavis
1293 1451 1436 1533 praebuit,

184 1554 217 1603 ut
251 1542 288 1602 ab
311 1543 446 1603 Achrida
479 1562 543 1601 sese
575 1542 738 1602 avellerent
773 1544 812 1622 (p.
838 1546 877 1601 14
900 1542 966 1621 aq).
1012 1544 1122 1602 Verum
1152 1563 1190 1601 ue
1222 1541 1435 1621 patriarchatui

185 1631 316 1709 Conatp,
339 1632 391 1709 qni
413 1628 524 1689 indies
547 1651 630 1689 suam
654 1634 857 1689 auctoritatem
881 1634 971 1689 etiam
994 1650 1081 1709 super
1105 1630 1182 1688 hanc
1204 1628 1361 1688 ecclesiam
1383 1648 1437 1686 ex·

184 1716 305 1777 tendere
329 1716 498 1789 conabatur,
520 1738 620 1776 eorum
643 1718 769 1777 ecclesia
791 1717 981 1785 subiceretur,
1006 1719 1134 1776 llumeni
1155 1716 1194 1775 ad
1217 1715 1435 1793 metropolitam

184 1804 386 1877 Halidensem,
415 1814 447 1863 ut
470 1806 542 1883 ipsis
565 1808 718 1883 episcopos
740 1808 940 1872 constitueret,
970 1824 1034 1863 sese
1057 1812 1273 1873 converterunt,
1303 1810 1333 1859 et
1356 1800 1435 1879 quod

185 1890 328 1971 optabant
351 1894 554 1970 impetramnt.
601 1892 642 1949 At
665 1892 834 1969 patriarcha
857 1891 1204 1969 Constantinopolitauus
1226 1888 1258 1947 id
1281 1908 1369 1965 aegre
1392 1890 1434 1946 le·

184 1998 262 2051 rena,
284 1982 436 2058 episcopos
452 1978 606 2037 lleletium
629 1988 658 2037 ct
683 1978 847 2057 loscphnm,
871 1979 1168 2037 excommunicationi
1184 1974 1316 2043 tradidit,
1339 1974 1435 2033 donec

183 2065 304 2124 tandem
329 2066 385 2123 hac
410 2067 459 2123 ria
482 2064 717 2125 lloldaviensem
741 2066 896 2123 ecclesiam
919 2065 975 2125 sibi
999 2064 1133 2124 subiecit.
1178 2065 1237 2122 Res
1260 2083 1295 2121 eo
1317 2082 1434 2139 compo-

182 2154 242 2210 sita
264 2162 317 2223 est,
351 2151 429 2230 qnod
452 2172 477 2209 a.
503 2155 583 2211 1401
610 2153 780 2231 metropolis
802 2152 1018 2211 Moldavieusis
1040 2154 1201 2211 constituta
1231 2160 1262 2209 et
1283 2148 1436 2227 «Iosephus

182 2239 371 2317 metropolita
393 2241 511 2316 agnitus
534 2254 578 2299 est
602 2242 641 2318 (p.
667 2242 705 2297 lti
729 2238 814 2319 sqq).
853 2238 940 2316 Quod
964 2239 1198 2318 patriarcharum
1222 2238 1433 2297 Constantino-

182 2326 380 2405 politanorum
405 2323 533 2384 studium
557 2328 594 2387 A.
617 2346 683 2385 cum
707 2325 897 2402 Golubinslrij
932 2336 1036 2385 contra
1057 2326 1222 2402 Kurganov
1256 2325 1359 2382 statuit
1382 2322 1434 2381 de·

182 2412 345 2491 tenditque.
386 2412 427 2471 Ut
450 2415 529 2471 enim
553 2414 729 2491 patriarchis
753 2413 1092 2491 Constantinopolitanis
1116 2432 1202 2490 super
1225 2408 1433 2469 Moldavorum

182 2500 339 2557 ecclesiam
370 2498 534 2557 iurisdictio
556 2499 709 2571 tribuatur,
743 2503 901 2559 canonicas
924 2503 1053 2559 rationes
1087 2498 1191 2558 adesse
1214 2516 1334 2557 neccsse
1365 2509 1432 2571 est,

181 2606 259 2666 quac
291 2598 390 2645 tsmcn
420 2585 527 2645 desunt
562 2584 619 2657 (Bo
650 2606 803 2647 marrona
825 2591 966 2672 cupreas.
994 2606 1064 2661 ,qna
1086 2586 1191 2646 sancii
1215 2580 1433 2667 ropncnnrsuin

182 2678 294 2734 ishun
316 2692 852 2756 euporo-nanonnuccrrnxu.
875 2671 1127 2751 oenoeaniir)
1150 2672 1200 2749 (cf.
1224 2692 1251 2749 p.
1277 2670 1337 2747 16).

287 2760 476 2839 Metropolita
508 2758 654 2818 residebat
689 2760 726 2818 ad
750 2780 776 2822 a.
803 2763 885 2819 1564
919 2763 950 2819 in
974 2764 1098 2828 Sedasa,
1133 2757 1202 2817 inde
1229 2778 1298 2816 vero
1330 2758 1434 2815 lassiis

182 2847 223 2925 (p.
247 2848 287 2905 33
311 2843 377 2926 sq).
404 2847 482 2905 Tota
505 2848 708 2925 metropolitae
731 2846 946 2907 Moldariensis
969 2868 1007 2907 ex
1030 2846 1200 2925 patriarcha
1222 2844 1433 2903 Constantino-

182 2934 315 3012 politano
338 2930 538 3015 dependentia
562 2933 720 2992 nominalis
739 2943 853 2993 tantum
877 2947 947 3004 erat,
972 2937 1003 2993 in
1025 2954 1119 3013 eoque
1141 2930 1330 3001 consistebat,
1353 2930 1431 3008 qood

183 3021 371 3099 metropolita
394 3019 608 3079 Moldavieusis
631 3040 733 3079 recens
756 3020 793 3079 ab
817 3022 960 3081 electione
988 3041 1007 3079 a
1029 3020 1198 3099 patriarche
1221 3019 1431 3077 Constantino·

181 3108 315 3186 politano
337 3106 575 3166 benedictionem
592 3106 722 3185 petebat;
748 3110 836 3166 immo
857 3129 916 3166 uon
939 3128 1004 3165 raro
1017 3106 1214 3187 patriarcham
1230 3104 1268 3163 de
1290 3105 1434 3164 suaelcc·

182 3197 264 3252 tione
287 3206 402 3252 tanturn
426 3196 579 3252 certiorem
604 3192 746 3252 reddebat
768 3194 808 3272 (p.
833 3191 896 3272 36).

288 3280 370 3340 Idem
404 3280 573 3359 patriarcha
606 3300 791 3359 nequequam
826 3282 1043 3360 metropolitam
1067 3278 1301 3337 Molrlaviensem
1337 3276 1431 3354 gradu

182 3388 301 3425 morere
317 3369 423 3445 potuit,
441 3400 481 3409 -
499 3366 623 3445 ideoque
640 3369 826 3445 metropolita
848 3377 880 3427 nt
896 3367 972 3426 liber
986 3379 1074 3444 atquc
1090 3367 1229 3423 immunis
1245 3363 1432 3442 patriarchae

183 3454 259 3512 nihil
295 3451 477 3523 (κοινότινος
506 3454 559 3515 καὶ
588 3454 752 3535 βοήθειας)
787 3454 921 3513 solvebat
955 3456 994 3533 (p.
1018 3456 1080 3530 37).
1124 3452 1197 3509 Post
1226 3452 1431 3509 Florentinum

181 3540 329 3621 synodum
344 3540 495 3599 Achridae
518 3553 548 3599 et
567 3540 638 3620 lpelr
663 3543 808 3619 episcopis
824 3543 951 3601 Romeni
975 3539 1079 3599 eadem
1100 3540 1214 3597 ratione
1230 3535 1431 3595 subiacebaot.

180 3628 329 3707 'l'emporc
351 3628 598 3687 Phanariotarum
633 3626 833 3705 dependentia
867 3630 1069 3689 ecclesiastica
1101 3646 1120 3683 a
1152 3624 1329 3704 patriarchis
1352 3623 1432 3683 Con-

182 3715 455 3794 stantinopolitanis
490 3713 559 3773 licet
593 3715 751 3773 nominalis
788 3725 903 3774 tantum
937 3714 1132 3794 permanserit
1165 3712 1214 3789 (Ρ),
1255 3709 1435 3790 procedente

182 3811 314 3880 ternpore
337 3804 432 3879 magis
454 3800 617 3879 augebatur
640 3800 679 3879 (p.
703 3800 764 3879 38).
810 3804 906 3860 Immo
928 3815 957 3861 et
980 3805 1012 3860 in
1034 3799 1122 3859 rebus
1144 3798 1222 3869 fidei,
1262 3798 1433 3877 patriarcha

185 3889 515 3966 Constantinopolitano
539 3890 619 3967 prius
643 3890 765 3947 certiore
789 3889 875 3960 facto,
910 3891 965 3967 ipsi
989 3887 1193 3965 metropolitae
1217 3884 1430 3955 diiudicabant‚

184 4008 222 4017 -
248 3975 376 4033 chrisma
399 3984 512 4033 tantum
543 3996 559 4033 e
584 3975 841 4054 Constantinopoli
873 3976 968 4034 soluta
991 3995 1043 4053 pro
1073 3994 1108 4031 eo
1131 3976 1263 4052 pecunia
1297 3975 1432 4051 accipere

183 4061 361 4121 tenebantur
382 4059 422 4139 (p.
446 4064 509 4139 38).

286 4149 384 4207 Etiam
416 4148 619 4227 metropolitae
641 4157 770 4226 potestas
794 4149 893 4207 civilis
926 4168 1018 4227 usque
1041 4146 1078 4205 ad
1103 4150 1242 4205 unionem
1270 4146 1429 4205 ducatuum

180 4236 211 4293 in
236 4254 324 4293 unum
348 4255 470 4313 reguum
494 4234 547 4293 sub
572 4235 621 4295 Al.
645 4236 725 4293 (fuse
748 4244 895 4313 peractam
918 4255 1028 4312 magna
1051 4245 1115 4292 erat
1136 4231 1177 4312 (p.
1201 4235 1264 4308 39).

285 4321 419 4381 Historia
441 4322 611 4400 metropolis
645 4320 792 4399 descripta
815 4324 1017 4400 cpiscoporum
1053 4320 1219 4397 catalogum
1243 4322 1273 4379 in
1305 4320 1430 4377 chrono-

179 4407 276 4485 logico
308 4407 411 4467 ordine
434 4418 588 4467 enumerat
611 4409 862 4486 insigniorumque
896 4407 934 4466 de
956 4410 1083 4467 ccclesia
1105 4417 1135 4466 et
1157 4406 1300 4484 gubernio
1324 4409 1432 4464 merita

178 4514 339 4573 eorumque
363 4508 541 4553 momentum
566 4494 687 4553 adnotat
710 4516 864 4573 operaque,
894 4515 971 4573 qnae
993 4494 1031 4553 de
1054 4495 1110 4553 hac
1133 4496 1305 4573 quaestione
1328 4503 1428 4569 agunt,

181 4580 311 4644 adducit.

285 4668 399 4727 Eodem
432 4668 517 4727 modo
552 4668 605 4746 (-
635 4690 671 4727 ne
706 4668 786 4725 dicta
815 4679 981 4746 repetamus
1003 4665 1059 4744 -)
1092 4666 1283 4747 sequentibus
1314 4686 1432 4745 quoque

177 4754 325 4834 capitibus
349 4754 499 4833 procedit:
533 4755 681 4832 descripta
705 4776 809 4833 nempe
841 4755 927 4814 huius
949 4756 997 4814 vel
1020 4756 1101 4814 illins
1125 4755 1268 4813 dioecesis
1291 4753 1425 4817 historia,
