3450 5342
895 399 1085 455 -106-

360 585 385 647 2
416 585 457 640 18.
486 585 520 638 ie
547 590 577 638 et
604 597 620 637 e
650 583 798 638 Patribus
826 581 1034 638 confirmatur
1062 597 1163 651 neque
1195 581 1306 636 Russis
1335 579 1610 648 (VLSclov‘evi

361 654 370 710 i
396 659 470 709 nota
489 657 545 706 est.

373 669 395 722 g
465 722 520 776 Th.
540 720 619 776 vll:
651 719 795 776 Divinam
815 726 960 777 naturam
981 721 1183 792 generatione
1202 719 1379 788 accipimus.
1410 717 1609 773 Filiationem

358 797 500 846 nostram
522 790 704 846 similiorem
724 805 795 846 esse
815 790 949 846 naturali
969 806 1063 860 quam
1084 791 1250 860 adoptivae
1269 788 1438 912 exponitur
1457 795 1488 844 et
1502 788 1611 868 thesis,

360 860 453 916 etiam
472 875 491 916 a
510 859 624 916 Russis
644 874 881 930 nonnumquam
901 875 939 914 ex
965 875 1052 915 resse
1070 862 1177 930 agnita
1196 859 1301 928 (Svet
1326 863 1394 927 ov).
1413 874 1430 912 e
1450 863 1610 927 scriptura

359 935 391 985 et
405 930 553 985 Patribus
568 931 730 999 probatur.
750 963 780 970 —
802 929 858 985 Th.
873 875 962 984 Vllffi
977 929 1114 1000 Spiritus
1128 947 1152 985 s.
1165 935 1213 986 est
1226 927 1325 999 princi
1349 927 1412 983 ium
1427 926 1611 983 effectivum

359 999 456 1055 liuius
476 999 602 1055 divinae
621 1003 758 1054 naturae.
780 999 816 1054 Id
835 997 993 1068 imprimis
1013 1015 1052 1055 ex
1069 999 1261 1070 imaginibus
1282 944 1403 1053 bibqicis
1422 998 1462 1052 de
1482 997 1612 1060 semine,

360 1068 472 1140 sigillo.
501 1069 574 1138 igne
593 1069 754 1138 probatur,
779 1069 897 1150 quibus
916 1069 1060 1124 torminis
1080 1069 1217 1140 Spiritus
1237 1083 1261 1124 s.
1279 1068 1347 1137 ipse
1371 1069 1455 1134 (non.
1481 1073 1517 1120 ut
1537 1083 1613 1121 non·

360 1139 438 1194 nulli
458 1139 636 1194 Russorum
657 1138 793 1208 theologi
813 1138 991 1207 opinantur,
1017 1137 1085 1194 eius
1110 1139 1254 1206 effectus)
1280 1137 1486 1208 significatur.
1516 1167 1548 1174 —
1573 1137 1611 1191 In

361 1208 545 1278 quaestione
569 1209 608 1263 de
633 1207 758 1263 formali
783 1223 877 1263 causa
902 1207 1064 1264 filiationis
1088 1208 1213 1264 divinae
1237 1212 1371 1278 negatur
1394 1221 1453 1260 nos
1480 1213 1613 1276 propter

359 1278 608 1333 coniunctionem
633 1293 703 1332 cuin
730 1276 850 1347 Spiritu
871 1292 894 1332 s.
915 1277 1019 1332 vocari
1044 1293 1137 1348 posse
1157 1277 1240 1333 filios
1260 1276 1323 1343 Dei,
1348 1275 1405 1331 etsi
1427 1275 1483 1330 Dei
1504 1276 1611 1330 vocari

359 1347 531 1472 possimus.
559 1377 593 1386 -
612 1347 668 1401 Th.
688 1345 741 1401 IX.
761 1347 899 1416 Spiritus
919 1359 943 1401 s.
963 1347 1055 1402 etiam
1098 1347 1178 1404 uoad
1198 1347 1410 1417 operationem
1429 1345 1574 1414 procedit
1594 1361 1610 1398 a

391 1421 476 1471 atre
491 1432 560 1486 per
573 1415 725 1472 Filium.
740 1415 927 1472 Discrimina
940 1415 1022 1472 inter
1033 1431 1083 1472 mo
1108 1433 1159 1472 uui
1167 1415 1359 1487 concipiendi
1373 1431 1414 1470 ss.
1422 1415 1610 1472 Trinitatem

359 1486 444 1556 apud
465 1487 575 1540 Patres
595 1492 625 1540 et
643 1485 726 1554 apud
747 1485 951 1540 scholasticos
971 1486 1122 1556 expositu,
1142 1501 1159 1542 e
1178 1485 1335 1556 scriptura
1353 1485 1509 1555 probatur
1529 1493 1560 1538 et
1579 1483 1609 1538 in

359 1555 520 1624 operando
537 1555 575 1609 in‘
589 1571 705 1637 genere
723 1560 754 1610 et
771 1555 803 1609 iu
823 1570 917 1625 opere
944 1555 1201 1612 sanctificationis
1221 1554 1371 1626 Spirituln
1392 1571 1416 1609 s.
1437 1554 1611 1624 procedere

358 1625 484 1680 aPatre
498 1640 555 1695 per
568 1625 689 1691 Filium,
710 1625 795 1694 quod
816 1640 858 1680 ss.
877 1625 1004 1680 Patrum
1025 1625 1212 1680 testimoniis
1232 1624 1444 1680 confirmatur.
1465 1655 1495 1662 --
1520 1623 1610 1678 Unde

359 1697 448 1764 sequi
468 1709 526 1748 nos
546 1709 617 1749 esse
635 1693 718 1748 filios
739 1693 794 1750 Dei
811 1694 923 1762 Patris,
943 1710 1005 1750 non
1026 1695 1121 1750 totius
1141 1693 1318 1760 Trinitatis;
1339 1692 1519 1749 testimonia
1541 1709 1611 1746 coii-

360 1763 456 1818 traria
477 1763 616 1830 (Macarii
635 1769 666 1819 et
684 1764 804 1831 Afrem)
823 1763 1028 1833 explicantur.
1052 1795 1085 1805 -
1105 1765 1160 1819 Th.
1182 1764 1216 1819 X.
1237 1765 1363 1820 Peccata
1382 1761 1413 1816 in
1433 1763 1469 1817 Ν.
1490 1762 1527 1816 T.
1547 1778 1610 1817 non

358 1833 564 1889 remittuntur
583 1833 650 1888 sine
668 1833 840 1889 elevatione
859 1834 899 1889 ad
919 1833 1059 1891 divinum
1079 1839 1233 1890 naturam.
1265 1833 1354 1898 Quod
1375 1831 1491 1901 duplici
1514 1833 1610 1886 inodo

357 1903 506 1972 explicari
531 1908 650 1972 potest:
671 1902 702 1957 in
717 1903 870 1958 sententia
883 1904 922 1958 de
935 1902 1119 1960 necessitate
1133 1904 1314 1958 meritorum
1331 1903 1369 1956 nd
1387 1902 1481 1956 finem
1499 1917 1611 1970 super·

357 1973 531 2028 naturalem
551 1973 805 2044 consequendum
826 1974 880 2039 (ih.
895 1973 936 2038 V„
949 1977 978 2033 ll
998 1979 1028 2028 et
1047 1973 1259 2029 abstrahendo
1278 1973 1318 2027 ab
1338 1987 1373 2028 ea
1392 1971 1611 2026 enecessitate

357 2041 580 2098 satisfactionis
605 2041 653 2108 (cf.
674 2041 715 2097 Sl.
736 2042 753 2096 l.
772 2042 814 2096 th.
836 2041 875 2096 ΙΙ,
905 2045 959 2100 63).
987 2073 1015 2080 -
1043 2043 1098 2098 Th.
1118 2042 1170 2098 XI.
1199 2042 1336 2112 Spiritus
1363 2057 1387 2096 s.
1412 2057 1482 2096 cuni
1510 2041 1607 2096 iustis

356 2117 578 2181 permanenter
596 2111 781 2166 coniunctus
800 2117 856 2166 est.
878 2084 963 2167 ilaec
982 2111 1157 2168 coniunctio
1176 2111 1404 2168 determinatur
1423 2111 1608 2165 :dianetum

357 2185 478 2235 tantuin
499 2180 643 2250 negative
661 2186 745 2236 etex
763 2180 887 2248 effectu,
907 2181 949 2235 ila
962 2188 997 2236 ut
1011 2181 1051 2237 sit
1064 2182 1143 2250 talis,
1162 2198 1224 2252 qua
1243 2181 1312 2252 ipsa
1330 2187 1460 2236 naturae
1480 2180 1610 2235 divinae

356 2250 524 2319 participes
544 2250 652 2314 simus,
672 2256 702 2305 ot
715 2266 777 2320 qua
790 2257 879 2306 actus
892 2251 1002 2316 nostri,
1022 2252 1080 2307 etsi
1100 2267 1163 2308 non
1182 2266 1292 2306 omnes
1312 2250 1403 2306 etiam
1424 2250 1567 2318 Spiritus
1582 2265 1606 2302 s.

358 2318 421 2373 sint
441 2321 488 2384 (ut
500 2326 585 2374 esset
597 2319 629 2374 in
643 2319 757 2375 unione
771 2319 980 2390 hypostatica)
1000 2326 1102 2376 tamen
1116 2321 1207 2376 etiam
1228 2319 1406 2376 immediate
1427 2321 1465 2374 ab
1485 2320 1609 2380 eodem.

356 2393 512 2457 quatenus
542 2388 693 2443 meritorii
723 2389 794 2454 sint,
826 2389 964 2445 valorem
994 2389 1153 2460 accipiant.
1183 2421 1216 2432 -
1248 2389 1395 2454 Quaestio
1427 2388 1610 2444 absolvitur

356 2455 551 2526 expositione
575 2459 615 2512 de
643 2457 860 2514 coniunctione
888 2459 1025 2528 Spiritus
1045 2475 1068 2514 s.
1089 2475 1159 2517 cuin
1179 2459 1395 2530 peecatoribus
1414 2459 1463 2513 hic
1482 2465 1512 2513 et
1533 2467 1608 2528 post

357 2534 490 2580 mortem
511 2528 598 2581 etde
618 2528 834 2583 coniunctione
853 2544 923 2583 cuin
945 2529 1037 2584 iustis
1057 2529 1088 2584 in
1109 2533 1192 2585 statu
1212 2528 1345 2584 termini.

461 2596 519 2650 llis
540 2597 682 2651 thesibus
701 2596 832 2667 contigit
849 2613 889 2652 au
901 2599 978 2652 cion
997 2599 1170 2655 doctrinam
1191 2599 1229 2654 de
1248 2598 1357 2669 gratia,
1387 2598 1481 2652 vitata
1502 2597 1609 2651 terrui·

355 2662 481 2788 guittigis
500 2666 766 2732 scholasticorum,
786 2682 803 2721 a
822 2683 884 2736 qua
905 2668 1000 2722 Russi
1020 2669 1191 2724 abhorrent
1212 2677 1293 2738 tpag.
1312 2669 1435 2735 398-9),
1465 2681 1609 2735 compre

377 2747 416 2788 en
440 2749 500 2790 ere.

428 2830 489 2909 sl.
508 2827 617 2898 Solddt,
634 2830 818 2886 dindiicb
839 2831 884 2888 de
900 2832 1079 2901 Segusio,
1099 2831 1284 2888 kardinal
1303 2831 1485 2902 cstijsky.
1504 2831 1607 2886 iuris

355 2902 568 2968 utriusque
597 2901 818 2969 monarcha,
846 2917 864 2956 a
890 2903 980 2972 jeliu
1001 2902 1109 2957 Zlatai
1138 2903 1297 2958 Summa.
1330 2902 1373 2955 De
1403 2900 1538 2956 Henrico
1568 2903 1608 2957 de

356 2966 489 3036 Segusio
514 2967 645 3038 eiusque
670 2970 800 3025 Summa
819 2986 921 3026 aurea.
956 2973 987 3026 P.
1009 2973 1125 3038 19-25;
1156 2973 1274 3037 183—9;
1303 2973 1438 3036 ata-ce
1466 2974 1605 3037 til—22:

354 3037 483 3092 487-93.
496 3037 648 3107 Exposita
659 3037 720 3094 vita
736 3039 931 3096 celeberrimi
947 3042 1085 3096 canonici
1099 3041 1248 3097 nominati
1263 3041 1433 3096 sententiae
1444 3057 1460 3095 e
1473 3040 1605 3096 Summa

354 3104 422 3160 eius
441 3114 605 3176 excerptae
624 3115 853 3177 proponuntur.
875 3111 1108 3177 Adnotationes‚
1128 3115 1210 3166 certe
1231 3125 1292 3165 non
1312 3110 1499 3192 superfluas,
1523 3110 1605 3166 desi·
1711 3129 1712 3132 ¹

353 3172 545 3244 deravimus,
555 3192 579 3232 e.
593 3193 622 3245 g.
635 3176 688 3232 ubi
703 3179 840 3233 refertur
849 3180 888 3234 de
901 3180 1047 3250 opinione
1060 3195 1172 3250 papam
1183 3181 1223 3235 ab
1234 3179 1296 3235 obli
1320 3186 1421 3234 atione
1432 3179 1602 3234 confitendi

354 3249 533 3315 exemptum
554 3261 624 3300 esse
643 3247 701 3312 uit.
716 3249 764 3312 38;
785 3264 813 3317 p.
827 3250 889 3315 262)
913 3251 1008 3305 ’sicut
1027 3253 1133 3305 teuent
1152 3249 1285 3305 Graeci«
1354 3249 1515 3304 sententiis
1535 3249 1603 3304 eius

353 3313 453 3368 allatis
468 3320 558 3438 aptas
573 3315 727 3384 existimo,
746 3333 826 3398 quae
839 3319 889 3372 hic
901 3325 1065 3375 notentur:
1085 3335 1197 3389 papam
1212 3319 1243 3374 in
1257 3318 1488 3374 canonizatione
1509 3335 1603 3388 posse

354 3397 461 3464 errare
485 3389 514 3452 (.
535 3386 568 3451 3.,
588 3385 627 3439 de
646 3386 802 3456 reliquiis;
830 3403 859 3456 p.
880 3389 941 3460 188)
970 3393 1000 3443 et
1018 3403 1089 3444 esse
1115 3388 1232 3459 ‘magis
1252 3389 1334 3458 piam
1354 3395 1384 3442 et
1403 3388 1598 3444 catholicam:

353 3467 551 3590 ammonem(
570 3454 716 3583 prffibus
744 3456 891 3512 ecclesiae
918 3457 1020 3514 iuvari
1051 3473 1114 3513 non
1143 3474 1237 3527 posse
1266 3458 1297 3512 in
1325 3463 1450 3527 peccato
1479 3458 1600 3513 mortali

376 3537 520 3577 euneos
554 3539 573 3592 p
666 3567 673 3580 .

354 3659 360 3672 ·
458 3591 615 3662 ascisci,
649 3594 698 3648 Za
729 3595 1013 3652 nerozluiinost
1048 3597 1295 3654 manielstvi.
1329 3597 1391 3650 Pro
1412 3597 1600 3651 matrimonii

352 3661 587 3717 insolubilitate.
609 3663 641 3717 P.
659 3666 753 3718 41-9.

431 3799 436 3810 Ι
457 3732 576 3786 Auctor
589 3733 690 3802 magis
704 3739 812 3788 contra
825 3733 971 3789 liberales
983 3735 1047 3804 agit
1057 3740 1087 3790 et
1097 3736 1255 3804 athelstas,
1270 3749 1325 3789 nec
1338 3735 1601 3790 demonstrandae

354 3800 501 3856 subtilius
520 3800 680 3856 doctrinae
698 3803 844 3858 ecclesiae
856 3804 896 3858 de
910 3804 1110 3859 inatriincnio
1125 3819 1252 3874 operam
1273 3804 1333 3870 dat,
1353 3803 1442 3858 cuius
1456 3803 1500 3858 rei
1521 3804 1600 3858 diffi-

353 3867 483 3949 cultates
504 3885 596 3939 saepe
613 3871 645 3925 in
666 3873 785 3926 nostris
804 3873 1038 3928 commentariis
1058 3874 1227 3944 explicatae
1247 3879 1320 3929 sunt
1340 3873 1389 3939 (cf.
1408 3889 1433 3928 e.
1452 3890 1481 3942 g.
1503 3889 1532 3943 p.
1547 3876 1599 3928 ici.

354 3935 489 3992 Omissis
515 3939 646 4007 pudoris
672 3948 702 3994 et
726 3939 947 3997 familiaritatis
976 3943 1150 3998 rationibus
1175 3960 1213 3998 ex
1240 3943 1305 3998 sola
1325 3944 1442 3998 amoris
1463 3943 1598 3997 essentia

353 4006 466 4085 probat
484 4013 613 4062 naturae
634 4010 787 4065 humanae
808 4011 908 4080 magis
936 4017 1177 4068 consentaneum
1205 4029 1283 4080 esse,
1309 4019 1343 4065 ut
1363 4011 1597 4068 matrimonium

352 4078 476 4156 initum¹
492 4090 652 4157 nunquam
678 4078 821 4134 solvatur
845 4083 886 4150 (p.
906 4082 961 4140 ici.
991 4081 1059 4144 Quo
1087 4082 1169 4138 facto
1189 4085 1303 4138 mirum
1333 4081 1495 4152 estquod
1518 4098 1545 4151 p.
1565 4085 1599 4136 46

353 4145 493 4224 concedit
518 4148 750 4203 matrimonium
778 4149 910 4204 solubile
929 4151 1150 4207 declarandum
1172 4167 1249 4220 esse,
1270 4151 1295 4205 si
1315 4157 1494 4206 contractus
1515 4167 1598 4206 mers

352 4212 451 4290 civilis
469 4221 562 4294 esset.
583 4214 635 4270 Vis
655 4217 737 4271 enirn
757 4221 935 4287 argumenti
957 4221 1093 4276 maxima
1111 4229 1219 4276 contra
1238 4237 1300 4282 eos.
1319 4236 1401 4290 quos
1425 4221 1597 4291 impugnat.

351 4294 383 4332 ιιι
397 4295 433 4334 eo
447 4281 572 4337 videtur
589 4299 667 4353 esse,
686 4289 770 4356 quod
792 4290 835 4342 rei
879 4288 998 4344 ublioae
1016 4305 1087 4345 esse
1106 4307 1168 4346 non
1183 4297 1286 4360 potest
1304 4306 1411 4345 curam
1432 4290 1593 4360 specialem

352 4363 463 4416 gerere
491 4351 615 4408 illorum
644 4362 674 4409 et
700 4356 826 4412 tutelam
854 4305 934 4429 {egis
963 4361 1114 4428 praebere
1142 4360 1211 4428 illis,
1239 4359 1292 4430 qui
1331 4359 1436 4415 minus
1467 4361 1596 4415 honesta

351 4427 510 4544 iappgtuntt,
538 4421 666 4502 divortii
685 4441 797 4505 neinpe
816 4427 959 4508 copiam„
973 4429 1027 4482 sed
1054 4429 1193 4508 profecto
1211 4429 1272 4484 illis
1292 4430 1461 4499 providere
1480 4445 1596 4511 eosque

350 4497 1597 4628 :it..latittesticulis?llilhsst'itil‘ltllllllhlttlll

351 4631 386 4680 ut
403 4643 513 4710 cinnes
532 4629 702 4699 christiani,
723 4633 771 4687 vel
790 4635 900 4691 saltem
935 4635 1085 4692 catholici.
1117 4637 1150 4692 Si
1179 4639 1261 4693 enim
1295 4655 1404 4695 verum
1426 4647 1483 4708 est,
1511 4639 1596 4710 quod

349 4698 491 4752 nonnulli
517 4702 554 4764 (e.
572 4716 602 4768 g.
622 4701 829 4772 Casteleiii‚
849 4705 892 4760 Le
913 4705 1080 4774 rigorisme
1105 4723 1133 4776 p.
1147 4709 1210 4769 248>
1224 4707 1332 4764 dicunt
1348 4711 1474 4778 probari
1486 4708 1592 4764 stricte
