3450 5342
665 457 860 512 -129-

138 645 206 702 sint.
241 643 307 702 Hoc
340 642 427 703 modo
460 652 544 702 tota
577 646 695 703 Sacra
727 646 936 722 Scriptura
966 646 1004 703 in
1036 644 1237 703 Slavicum
1270 664 1387 703 versa

136 728 352 808 perdndum
378 731 417 787 in
446 730 596 790 ltnssis‘
617 731 854 810 pervulgata
883 734 971 789 est“.
1008 730 1041 789 ld
1077 732 1141 790 sine
1164 732 1208 788 ira
1238 743 1267 789 et
1290 728 1387 789 studio

138 816 212 896 prof.
233 816 389 893 Jnngerov
411 817 567 875 confitetur
580 811 631 895 ¹⁸).

242 903 385 979 Quaestio
415 924 493 962 nnnc
526 913 579 973 est,
619 904 736 981 qualem
769 906 973 962 auctoritatem
997 904 1092 963 suncti
1126 906 1218 962 nostri
1252 904 1385 983 apostoli,

138 992 203 1048 sive
235 1010 336 1048 omnes
358 989 449 1048 libros
471 992 580 1049 Sacrae
609 990 778 1068 Scripturas
800 989 1022 1061 transtulerunt,
1056 992 1119 1049 sive
1143 1010 1325 1070 quacumque
1348 990 1385 1049 de

136 1096 226 1135 osum
247 1078 414 1137 versionem
428 1076 622 1155 quorumdam
643 1080 814 1149 omisemnt,
828 1075 913 1135 libris
928 1075 1199 1137 deuterocsnouicis
1221 1076 1386 1149 tribuerint,

138 1184 205 1222 cum
228 1162 265 1221 de
287 1166 522 1243 protocanonieis
544 1164 627 1223 nulla
648 1165 688 1223 sit
709 1166 917 1223 controversia.

242 1268 372 1327 Profecti
402 1277 471 1327 sunt
507 1270 601 1327 sanoh
634 1268 740 1327 fratres
770 1289 787 1327 e
815 1268 1031 1329 'l'hessslonica
1060 1268 1176 1327 saeculo
1207 1268 1263 1326 IX.
1297 1266 1385 1327 Certe

137 1353 304 1413 doctrinam
327 1354 496 1426 attulerunt,
519 1375 595 1433 quac
611 1376 647 1414 ea
661 1366 758 1415 aetate
773 1355 810 1414 de
827 1376 940 1415 canone
953 1358 983 1414 in
997 1355 1120 1415 Oriente
1136 1356 1299 1415 communis
1314 1365 1385 1415 erat

139 1441 314 1499 lloctrinam
336 1441 463 1501 eandem
485 1458 555 1502 tunc
577 1443 668 1503 fuisse
690 1444 722 1500 in
745 1444 869 1502 Oriente
885 1454 914 1501 et
937 1440 1100 1501 Occidente
1122 1444 1325 1519 cognoscimus
1348 1461 1386 1501 ex

135 1549 181 1595 eo,
211 1527 289 1606 qnod
312 1528 418 1587 fratres
440 1528 478 1587 ad
500 1550 566 1587 eam
589 1528 821 1589 confirmandam
844 1530 968 1589 Romam
998 1538 1142 1588 venerunt
1164 1538 1192 1587 et
1216 1530 1300 1607 Papa
1321 1528 1385 1587 Ha·

135 1614 258 1673 drianus
281 1635 381 1674 eorum
403 1615 568 1675 doctrinam
591 1636 695 1675 revera
717 1614 930 1696 comprobavit.

242 1718 348 1795 Qualis
363 1721 454 1797 igitur
468 1719 524 1778 fnit
547 1722 577 1778 in
600 1720 724 1780 Oriente
747 1728 777 1777 ct
799 1719 963 1780 Occidente
976 1740 1011 1778 eo
1027 1731 1166 1798 tempore,
1190 1718 1277 1795 (saec.
1301 1719 1387 1780 VIII.

135 1816 167 1863 et
191 1802 260 1883 lx.)
283 1815 376 1865 statas
399 1806 550 1865 doctrinae
573 1806 610 1865 de
633 1805 767 1866 canone?

243 1892 279 1950 In
301 1892 433 1965 Oriente,
466 1896 600 1972 exceptis
622 1892 736 1953 duobus
769 1896 850 1965 viris,
885 1894 935 1972 qui
959 1892 1014 1951 hac
1038 1894 1069 1950 in
1094 1912 1124 1950 re
1148 1912 1202 1951 nac
1225 1912 1308 1951 usum
1332 1913 1387 1951 nec

135 1980 303 2038 doctrinam
326 2000 396 2039 suae
418 1983 525 2039 aetatis
547 1980 753 2059 sequebantur,
783 1981 947 2039 communis
966 1988 1029 2038 erat
1052 1977 1186 2037 doctrina
1209 1978 1246 2037 de
1267 1998 1381 2039 canone

134 2065 278 2125 librorum
301 2086 448 2126 sacrorum
473 2068 508 2125 V.
529 2067 565 2125 Τ.
588 2078 788 2127 consentanea
808 2087 874 2125 cum
898 2066 1024 2126 decretis
1047 2066 1237 2125 conciliomm
1258 2064 1382 2125 Cartha·

134 2154 317 2229 giniensium
346 2154 415 2230 (III.
449 2174 475 2211 a.
506 2151 627 2235 39719)
649 2164 679 2213 et
702 2154 753 2217 IV.
787 2175 813 2213 a
843 2155 906 2211 419
922 2148 964 2231 ²⁰)
995 2154 1193 2231 ignorantium
1225 2152 1385 2211 discrimen

136 2242 217 2298 inter
235 2242 447 2310 auctoritatem,
482 2243 543 2299 rim
566 2240 772 2319 dogmaticam,
804 2242 949 2318 originem
969 2239 1103 2299 divinam
1127 2239 1266 2299 librorum
1290 2248 1387 2319 proto-

137 2329 349 2386 canonicorum
383 2337 413 2385 et
447 2326 587 2387 librorum
625 2327 964 2389 denterocanonicorum.
1002 2326 1129 2385 Maximi
1162 2328 1305 2385 momenti
1342 2334 1386 2385 est

134 2435 190 2493 pro
213 2413 298 2473 nobis
314 2416 404 2472 etiam
419 2416 619 2473 testimoninm
642 2414 790 2474 Photii
818 2414 896 2491 ,Qui
911 2416 1058 2473 maximus
1082 2412 1224 2471 ecclesiae
1247 2411 1383 2472 occiden-

133 2501 207 2559 talis
230 2501 323 2559 hostis
338 2510 368 2559 et
383 2500 577 2569 adversarius,
601 2522 689 2580 quum
714 2500 752 2560 ad
775 2521 858 2560 suum
875 2501 1004 2560 schisma
1019 2498 1219 2559 excusandum
1235 2500 1384 2571 minimas,

134 2607 212 2666 quae
237 2608 271 2645 eo
294 2600 425 2667 tempore
459 2588 628 2648 Orientales
662 2589 739 2647 inter
761 2598 791 2646 et
814 2587 1023 2647 Occidentalcs
1053 2588 1238 2658 exstiterunt,
1272 2585 1382 2647 discre-

134 2676 254 2753 pantias
277 2677 470 2753 conquireret,
493 2696 553 2735 non
575 2686 690 2735 tantum
712 2676 835 2734 canonis
857 2672 1060 2733 diversitatem
1085 2673 1203 2733 silentio
1225 2694 1285 2733 nou
1300 2693 1381 2752 pres-

134 2764 231 2832 sisset,
262 2762 320 2819 nisi
343 2761 399 2820 hac
421 2764 452 2819 in
482 2782 513 2820 re
543 2763 675 2840 perfecta
704 2762 859 2821 harmonia
886 2760 1039 2833 adfuisset,
1073 2758 1125 2819 sed
1156 2762 1245 2819 etiarn
1276 2762 1308 2819 in
1330 2778 1383 2819 suo

133 2849 348 2907 Nomocanone
377 2858 407 2907 et
429 2868 482 2907 sna
512 2869 657 2908 canonum
687 2848 860 2907 collectione
891 2848 1140 2925 Carthaginiense
1169 2846 1319 2906 decretum
1348 2845 1385 2905 de

136 2935 173 2992 V.
204 2943 242 2994 et.
272 2936 309 2992 N.
339 2935 375 2993 T.
403 2934 488 2994 libris
511 2956 571 2994 uon
604 2936 760 3008 retulisset,
794 2937 852 2993 nisi
876 2933 949 2994 illud
973 2938 1005 2995 in
1027 2954 1134 3013 graeca
1168 2934 1294 2993 ecclesia
1324 2936 1385 2992 vim

134 3022 212 3098 legis
249 3020 408 3080 habuisset.
445 3022 606 3100 Postquam
640 3043 711 3081 vero
745 3043 763 3080 a
796 3024 932 3081 Romana
973 3024 1086 3081 unitate
1132 3024 1252 3081 omniuo
1291 3040 1385 3079 reces-

134 3121 246 3179 serunt,
269 3107 375 3166 Graeci
399 3108 525 3167 eundem
548 3129 691 3167 canonem
714 3112 915 3168 retinuerunt“
935 3106 987 3185 ²¹).

242 3212 388 3289 'l'heologi
419 3212 578 3271 Bassorum
593 3208 636 3292 ²⁶²)
668 3234 720 3291 pro
751 3214 899 3272 sententia
923 3233 974 3271 sua
998 3212 1035 3271 ad
1065 3214 1128 3270 eius
1151 3213 1257 3269 aetatIs
1279 3210 1384 3269 Patres

135 3301 166 3357 S
189 3300 332 3358 Ioannem
355 3300 573 3357 Damascenum
597 3299 627 3381 (†
652 3300 726 3377 754)
737 3310 767 3359 et
783 3300 992 3377 Nicephorum,
1016 3297 1213 3377 patriarcham
1237 3298 1383 3357 Constan-

134 3386 363 3463 tinopolitanum
388 3383 584 3467 (atio-815)
607 3396 777 3465 provocant.
800 3386 887 3463 Quod
910 3389 1036 3465 priorem
1053 3388 1167 3456 attinet,
1189 3386 1381 3442 cuiusaucto-

133 3475 254 3530 ritatem
275 3472 431 3531 orthodoxi
455 3476 555 3551 magni
579 3475 737 3531 aestimant
748 3468 803 3553 ¹⁸),
826 3493 927 3534 rernm
952 3483 996 3531 est
1012 3492 1078 3531 eum
1095 3470 1255 3531 adduxisse
1270 3472 1380 3547 viginti

134 3558 211 3617 duos
232 3558 323 3617 libros
346 3562 378 3617 in
406 3570 543 3639 quattuor
576 3560 793 3619 Pentateuchos
816 3580 882 3620 cum
906 3558 1069 3639 appendice
1092 3558 1212 3617 duomm
1236 3556 1377 3615 librorum

134 3645 250 3704 divisos
262 3641 315 3723 ²⁴),
346 3645 397 3705 scd
425 3648 489 3705 eius
511 3648 713 3706 testimouium
736 3646 774 3705 ad
797 3646 961 3707 doctrinam
985 3646 1022 3705 de
1056 3666 1169 3705 cunone
1202 3654 1382 3703 momentum

134 3753 196 3791 non
219 3734 311 3806 affert,
334 3736 405 3811 quia
427 3754 485 3793 non
509 3753 599 3804 snam,
623 3732 675 3791 sed
699 3754 721 3793 s.
745 3734 907 3813 lipiphanii
932 3735 1133 3793 recensionem
1153 3733 1275 3790 canonis
1291 3750 1381 3810 syna-

133 3838 231 3896 gogae
257 3819 439 3879 solummodo
460 3812 653 3899 transcripsit,
688 3840 742 3879 uec
773 3840 838 3881 raro
860 3820 945 3879 libris
969 3822 1139 3899 Sapientiae
1173 3830 1202 3878 et
1234 3818 1384 3877 Ecclesia-

134 3908 211 3965 stico
234 3927 286 3984 pro
308 3906 420 3965 divinis
443 3926 511 3965 usus
534 3918 578 3965 est
591 3902 642 3985 ²⁵).
659 3908 862 3985 ,Nicephorus
882 3910 913 3966 in
930 3928 981 3965 sua
998 3906 1206 3965 Stichometria
1221 3925 1239 3964 a
1255 3906 1384 3985 Synopsi

191 4108 227 4175 ¹⁸)
245 4108 353 4164 Obidee
370 4108 470 4165 ist-ir.
489 4110 638 4178 credonio,
657 4128 685 4179 p.
703 4112 851 4166 sta-513.

188 4176 225 4281 ζ’)
245 4176 342 4261 blansi,
361 4178 423 4234 Coll
451 4178 567 4263 Concil,
586 4180 644 4247 111,
665 4196 692 4249 p.
710 4180 771 4235 924.

189 4246 227 4378 ,l
245 4246 646 4390 sustulissetis
664 4249 813 4387 litiis.

191 4384 229 4452 ²²)
249 4384 282 4439 P.
300 4386 493 4456 langeron,
513 4388 544 4445 0.
562 4361 622 4444 i.-.h
640 4388 734 4457 used,
753 4405 781 4459 p.
801 4388 947 4442 181—182.

191 4454 217 4492 ²⁸
250 4458 280 4509 P.
299 4456 496 4527 Jnngerov,
515 4458 532 4512 l.
552 4474 575 4512 c.

188 4522 214 4561 ¹⁴
246 4524 290 4579 Da
308 4525 364 4581 fids
382 4526 549 4581 orthodoxa.
568 4526 627 4593 1v.,
646 4528 688 4581 17.
707 4526 810 4595 iligna,
829 4526 934 4580 Patrol.
954 4541 995 4593 gr.
1014 4524 1056 4591 st,
1078 4522 1153 4579 1180.

193 4593 273 4661 ΨΒ.
288 4594 418 4664 Corpel
446 4596 581 4663 ,lutrod.,
612 4598 688 4650 .121.
701 4596 784 4650 Lois
810 4637 817 4662 ,
834 4596 907 4651 Hist.
921 4595 958 4649 du
972 4594 1078 4665 Canp.
1094 4592 1238 4647 tal-145.
1251 4590 1286 4645 u.
1298 4589 1351 4645 ila
1377 4613 1387 4623 ·

239 4664 335 4790 ηἰὲἷὲ
354 4666 449 4791 {tpve
466 4682 513 4721 sur
540 4668 568 4721 la
590 4612 754 4721 Oanonicitb
802 4681 832 4721 es
852 4664 965 4719 Salutes
984 4664 1134 4718 Eoritures.
1163 4662 1184 4716 Ι.
1202 4660 1282 4715 Paris
1307 4604 1391 4719 tasi,

185 4852 245 4896 sav.
259 4854 300 4895 litt.
314 4854 383 4897 theol.
1214 4836 1230 4887 9
