3450 5342
800 458 843 469 —
868 422 929 483 20'0
952 458 996 469 -

272 616 413 677 decretor.
436 636 460 673 c.
483 616 520 673 de
543 636 628 694 poen.
650 612 847 695 (μυστήρια);
878 617 911 673 ln
935 615 1001 674 Gal.
1025 617 1053 674 t.
1080 617 1135 687 193
1169 613 1328 690 Gregor.
1351 614 1446 675 Nau,
1469 612 1522 671 Or.

274 705 324 774 39,
346 724 375 765 n.
400 706 456 766 17:
480 705 530 765 (tr,
553 704 604 772 40,
628 722 656 761 n.
680 706 737 774 aa,
761 704 935 761 Caesar.
959 703 1008 781 (Ρ),
1032 706 1124 759 Serra.
1149 702 1211 759 260
1234 721 1263 760 ιι.
1289 704 1303 758 1
1330 698 1519 778 inappead.;

272 790 558 858 Philostrius‚
592 789 683 847 Haer.
722 791 771 847 89.
802 790 975 847 Ioannes
1012 789 1123 858 Dum,
1155 789 1201 846 Ile
1230 787 1289 846 lide
1313 786 1426 846 orthod.
1449 787 1467 843 l.
1490 788 1520 859 4,

273 896 295 938 c.
321 881 349 937 9.
374 878 408 934 ln
432 896 490 954 qua
511 878 766 953 argumentatione
789 875 1001 935 attendendum
1025 886 1070 933 est
1092 874 1270 953 baptismum
1298 876 1397 931 iterari
1422 871 1521 931 valide

273 984 333 1022 non
355 984 441 1041 posse
463 961 571 1039 dogma
601 963 708 1035 fnisse3
731 961 762 1021 id
785 963 864 1041 quod
897 984 933 1020 nc
964 962 1180 1041 rebaptizantes
1211 960 1331 1040 quidem
1362 959 1519 1037 negabant

272 1084 315 1094 —
338 1048 426 1125 Quod
449 1047 609 1108 secuudum
633 1048 795 1107 remedium
817 1048 991 1107 laboriosius
1018 1062 1146 1119 vocetur,
1177 1070 1214 1107 cx
1243 1070 1277 1107 eo
1308 1068 1367 1106 non
1390 1049 1522 1125 sequitur

272 1157 333 1195 non
357 1136 484 1213 intelligi
507 1147 722 1195 sacramentam
745 1139 954 1215 poeniteutiae,
984 1135 1036 1193 sed
1069 1138 1215 1193 virtutem.
1250 1170 1292 1178 ——
1322 1134 1520 1193 Concedimns

272 1244 331 1282 nou
365 1244 403 1281 cx
437 1225 542 1301 quavis
575 1225 759 1301 oppositione
793 1223 870 1281 banc
899 1225 1183 1300 argumentationem
1207 1224 1320 1281 institui
1345 1243 1439 1301 posse.
1463 1221 1520 1285 [cf.

273 1310 468 1381 Ambros,
492 1310 539 1368 Ile
561 1308 676 1368 Abrah.
699 1310 717 1373 l,
742 1315 768 1381 1,
789 1330 814 1369 c.
837 1308 901 1387 8ῒ).

381 1393 425 1453 ⁸2⁰.
448 1398 607 1455 Praeterea
639 1396 769 1455 medium
803 1396 876 1455 illud
908 1398 937 1473 (a
967 1396 1113 1475 baptismo
1136 1395 1319 1469 distinctum)
1345 1403 1518 1473 potestatem

270 1503 335 1541 esse
359 1482 528 1542 remittendi
551 1483 693 1542 ecelesiae
723 1486 969 1542 communicatam
999 1484 1147 1561 expressis
1178 1482 1276 1541 verbis
1298 1481 1416 1541 dicunt:
1442 1484 1519 1539 Am-

272 1569 439 1640 brosias,
464 1571 510 1627 lu»
532 1591 618 1648 poen.
640 1571 658 1628 l.
685 1576 710 1642 1,
733 1591 756 1631 c.
781 1574 809 1640 8,
833 1592 861 1632 u.
886 1574 943 1629 llll:
971 1570 1049 1643 ,Cur
1072 1569 1237 1648 baptizatis,
1258 1571 1283 1627 si
1303 1590 1354 1647 per
1370 1569 1519 1626 homiuem

270 1667 392 1735 peecata
430 1657 540 1715 dimitti
578 1679 637 1716 nou
674 1658 767 1717 licet?
804 1662 839 1716 ln
874 1656 1021 1735 baptismo
1044 1660 1144 1736 utique
1169 1658 1301 1714 remissio
1334 1669 1520 1734 peccatorum

269 1747 401 1801 omnium
424 1754 485 1816 est3
509 1744 581 1822 quid
603 1748 733 1808 interest,
760 1755 857 1803 utrum
890 1764 943 1822 per
971 1746 1185 1822 poenitentiam
1216 1764 1254 1801 au
1285 1763 1337 1820 per
1369 1742 1519 1801 lavacrum

270 1829 326 1888 hoo
349 1832 394 1888 ius
417 1829 473 1887 sibi
498 1830 599 1889 datum
622 1831 788 1890 sacerdotes
811 1830 985 1889 vindicent?
1017 1831 1116 1889 l'num
1139 1832 1170 1888 in
1193 1840 1316 1908 atroque
1347 1831 1520 1908 mysterium

269 1921 344 1979 esst.
376 1917 421 1979 Of.
452 1917 471 1979 l.
503 1921 530 1987 2,
561 1939 585 1975 c.
617 1921 645 1990 2,
676 1939 705 1976 n.
730 1921 778 1975 12,
802 1952 843 1960 —
866 1918 1095 1984 Pacianus,
1120 1916 1168 1975 Ad
1193 1919 1401 1997 Sp'mpronian.
1424 1937 1468 1993 ep.
1492 1917 1521 1987 3,

270 2024 300 2064 n.
324 2006 361 2062 7:
393 2004 451 2061 sal
475 2006 647 2083 poenitenti,
672 2007 795 2083 inquies,
818 2015 940 2083 peccata
963 2004 1096 2069 dimittis,
1128 2024 1192 2062 rum
1216 2014 1330 2062 tantum
1355 2006 1385 2061 in
1410 2002 1521 2081 baptis·

271 2100 348 2149 mate
372 2090 425 2148 tibi
450 2091 539 2149 liceat
562 2092 694 2150 relaxare
717 2104 878 2169 peccatum.
913 2092 981 2149 Non
1004 2092 1078 2149 mihi
1101 2091 1197 2169 plane,
1220 2089 1271 2149 sed
1294 2092 1358 2149 lieo
1382 2090 1445 2159 soli,
1469 2090 1518 2167 qai

268 2186 299 2234 et
321 2180 352 2235 iu
376 2177 552 2255 baptismate
575 2179 666 2237 donat
688 2178 858 2246 admissam,
881 2188 910 2237 et
933 2180 1146 2255 poenitentium
1177 2178 1330 2257 lacrimas*
1344 2197 1403 2236 non
1427 2175 1520 2254 repel-

269 2264 313 2323 lit.
337 2262 475 2322 Ceterum
498 2266 576 2343 quod
598 2286 653 2343 ego
677 2266 761 2336 facio,
785 2265 815 2323 id
839 2286 898 2323 non
922 2286 986 2323 meo
1015 2267 1084 2326 iure.
1108 2264 1159 2323 sed
1184 2266 1306 2323 Domini
1329 2312 1335 2325 .
1356 2313 1366 2325 .
1390 2313 1397 2325 .
1420 2268 1520 2339 Quare

269 2352 334 2409 sive
356 2350 548 2429 baptizamus,
579 2355 642 2411 sive
673 2352 711 2411 ad
738 2354 950 2430 poenitentiam
981 2354 1120 2429 cogimus,
1144 2372 1195 2409 seu
1218 2354 1336 2409 reniam
1367 2352 1520 2429 poeniten·

270 2437 348 2495 tibus
380 2439 554 2507 relaxamus,
586 2439 704 2497 Christo
739 2439 769 2496 id
801 2450 918 2497 auctore
948 2450 1117 2502 tractamus.
1152 2438 1199 2499 Cf.
1230 2458 1274 2515 ep.
1305 2442 1330 2506 l,
1362 2459 1390 2496 n.
1422 2440 1450 2495 u.
1476 2470 1519 2481 -

269 2524 526 2597 Athanasius,
549 2526 667 2603 Fragm.
691 2526 734 2604 (ut
759 2526 887 2603 videtur)
911 2548 948 2583 ex
972 2547 1017 2604 op.
1040 2536 1142 2584 contra
1173 2526 1372 2584 Novatianos:
1402 2524 1519 2603 Ὥςῑιερ

266 2611 441 2689 ἅιαῖρισπος
472 2612 532 2673 ὑπὸ
563 2612 738 2691 ἀνθρώπιον
775 2613 884 2692 ἱερέως
919 2614 1144 2693 βατιτιζομένον
1190 2611 1353 2691 penideret
1391 2608 1427 2691 τῇ
1467 2615 1518 2673 τοῦ

267 2696 355 2777 ἁγίου
365 2696 551 2778 Ηνεύματσς
573 2698 679 2779 χάριτι,
702 2700 802 2767 orrea
823 2700 875 2760 καὶ
899 2699 918 2760 ὁ
941 2700 1222 2780 ἐξομολογούμενος
1244 2698 1277 2758 ἓν
1298 2699 1444 2777 μετανοίᾳ
1469 2697 1519 2758 διὰ

267 2787 320 2846 τοι·
349 2785 459 2864 ἱερέως
486 2784 637 2865 λαμβάνει
665 2785 720 2866 rip·
747 2786 857 2865 dorcon·
885 2786 982 2867 χάριτι
1005 2783 1149 2865 Χριστοιῖ.
1173 2820 1214 2827 -·
1238 2787 1519 2862 Augustinus,

268 2871 362 2929 Serm.
386 2875 457 2941 351,
481 2892 509 2933 n.
536 2876 591 2933 12:
621 2874 697 2945 ,sed
720 2873 767 2931 lac
789 2876 933 2933 incertum
957 2896 1028 2935 esse.
1053 2882 1147 2931 utrum
1168 2875 1300 2947 ignoscat
1324 2872 1414 2929 Deus.
1438 2870 1519 2947 Quid

267 2957 373 3035 perdit,
404 2978 469 3017 cum
498 2962 644 3038 supplicat
674 2962 747 3031 Deo,
778 2964 829 3039 qni
856 2962 981 3019 salutem
1009 2959 1131 3038 perdere
1165 2980 1224 3017 nou
1258 2958 1414 3027 dubitarit,
1452 2978 1518 3016 cum

265 3044 428 3102 otl'enderet
453 3046 568 3104 ileum?
591 3049 667 3124 Quis
689 3050 768 3106 enim
792 3057 887 3105 certus
911 3059 963 3115 est,
986 3046 1169 3125 quodetiam
1185 3048 1345 3125 imperator
1361 3044 1518 3123 ignoscat?

268 3130 309 3187 Et
342 3140 441 3189 tamen
472 3136 598 3210 pecunia
628 3134 767 3204 funditur,
797 3136 891 3191 maria
921 3144 1146 3199 transmeantur,
1178 3132 1371 3211 procellarum
1406 3134 1519 3191 incerta

265 3216 446 3277 subeuntur:
470 3232 498 3277 et
522 3240 616 3297 paene
639 3229 670 3279 ut
693 3242 770 3278 mors
793 3222 928 3290 evitetur,
952 3242 1028 3277 mors
1051 3222 1116 3298 ipsa
1138 3222 1305 3297 suscipitur.
1331 3220 1519 3297 &applicatur

266 3302 376 3362 deinde
408 3326 462 3383 per
491 3306 626 3365 homines
660 3307 790 3377 homini3
824 3309 889 3365 sine
923 3306 1106 3365 dubitatione
1130 3308 1202 3365 fiunt
1227 3308 1291 3374 ista,
1314 3326 1380 3364 cum
1404 3308 1443 3365 sit
1466 3304 1518 3363 du·

267 3390 356 3460 bium,
384 3414 441 3471 quo
469 3394 528 3450 tine
558 3396 743 3473 proveniant.
779 3394 820 3451 Fr.
847 3403 948 3453 tamen
978 3396 1115 3452 certiores
1146 3406 1213 3451 suut
1244 3393 1344 3451 claves
1376 3393 1518 3451 ecclesiae

265 3498 354 3556 quam
378 3479 467 3537 corda
490 3501 608 3555 regum,
631 3478 737 3559 quibus
760 3480 894 3538 clavibus
917 3480 1119 3559 quodcumque
1137 3483 1261 3539 interra
1279 3476 1517 3546 serviturorum

267 3567 297 3623 in
322 3568 403 3624 caelo
426 3568 553 3625 solutum
576 3569 756 3645 promittitur
784 3567 849 3643 (Mt.
877 3569 923 3637 16,
950 3570 1009 3643 19).
1040 3568 1080 3625 Et
1110 3568 1201 3627 multo
1225 3576 1268 3625 est
1292 3567 1444 3625 honestior
1465 3568 1518 3625 hu·

266 3652 386 3724 militas,
410 3674 522 3730 quase
545 3656 669 3732 quisque
696 3654 833 3713 humiliat
863 3656 1007 3713 ecclesiae
1034 3655 1109 3727 llei3
1140 3667 1169 3713 et
1201 3652 1285 3713 labor
1307 3656 1403 3712 minor
1425 3656 1517 3733 impo-

266 3740 353 3809 nitur,
386 3753 414 3797 ct
449 3739 529 3798 nullo
562 3741 732 3819 temporalis
760 3742 863 3799 mortis
889 3741 1019 3819 periculo
1052 3762 1128 3799 mors
1151 3751 1271 3800 aeterna
1295 3742 1435 3799 vitatur&
1459 3739 1516 3816 (Of.

267 3826 298 3883 Α
314 3824 373 3881 mb
391 3847 476 3895 ros,
500 3828 546 3885 lle
569 3849 653 3906 poen.
677 3829 695 3885 l.
721 3831 747 3904 1,
770 3849 798 3885 n.
822 3828 885 3905 33).
908 3829 954 3886 De
978 3828 1068 3886 adult.
1091 3830 1166 3886 coni.
1190 3828 1209 3886 l.
1234 3831 1262 3885 2.
1284 3847 1308 3885 c.
1334 3830 1390 3887 16:
1426 3831 1474 3901 ,ei
1498 3848 1516 3884 a

262 3912 476 3970 catechumeno
499 3914 609 3972 l'actum
632 3926 677 3973 est
701 3913 924 3993 [homicidium],
948 3914 1094 3993 baptismo
1123 3914 1259 3985 abluitur,
1281 3926 1310 3973 et
1334 3918 1359 3973 si
1382 3936 1400 3972 a
1423 3914 1517 3993 bapti·

263 4012 340 4068 zato,
363 4001 547 4075 poenitentia
579 4012 609 4059 et
642 4002 884 4061 reconciliatione
917 4007 1069 4063 sanatur-⁸.
1093 4034 1134 4045 —
1157 4001 1363 4082 Cyrillus
1386 4003 1515 4071 Alex,

265 4084 302 4142 In
334 4086 374 4142 lo.
399 4089 447 4157 21),
472 4089 521 4144 22.
546 4090 603 4145 23:
623 4088 746 4168 Ἁφιᾶσί
766 4112 800 4167 γε
821 4088 887 4169 μὴν
906 4088 1058 4169 ἁμαρτίας
1080 4089 1142 4169 ἤτοι
1166 4088 1348 4169 κατέχουσιν
1369 4088 1398 4151 οἳ
1423 4112 1516 4149 πνευ·

260 4170 440 4251 ματοτμόροι
462 4173 541 4235 κατὰ
565 4174 624 4244 ὁύί
645 4174 789 4253 τρόπους,
812 4175 890 4237 κατά
913 4199 947 4254 γε
970 4174 1108 4237 διάνοιαν
1123 4176 1210 4255 ἐμήν.
1227 4172 1274 4235 Ἢ
1290 4173 1350 4255 γὰρ
1372 4171 1516 4237 καλοῦσιν

266 4256 315 4318 ἐπὶ
337 4264 370 4318 τὸ
392 4260 549 4341 βάπτισμα
572 4260 641 4330 τοὺς
663 4260 707 4328 οἷς
729 4263 768 4322 ἂν
791 4261 851 4342 ἤδη
876 4262 927 4324 καὶ
951 4263 1057 4326 τούτου
1088 4268 1187 4343 τυχεῖν
1218 4260 1364 4341 ιῖιφείλετο
1389 4261 1438 4322 dui
1462 4263 1515 4341 τὴν

265 4350 318 4405 τοῦ
340 4346 408 4425 βίον
432 4347 602 4428 σεμνότητα
625 4348 678 4409 καὶ
700 4347 735 4409 τὸ
758 4348 1025 4429 ὅτὸοκιμασμιῆιον
1054 4349 1096 4417 εἷς
1124 4350 1230 4419 πίστιν,
1262 4351 1279 4429 ἢ
1309 4346 1519 4410 ὁιακοιλύουσί

265 4452 355 4502 τινας,
389 4433 441 4493 καὶ
474 4440 527 4514 τῆς
554 4434 642 4503 θείας
671 4434 794 4514 χάριτος
823 4436 1009 4515 ἐξείργουσιν
1043 4436 1083 4497 ἔτι
1112 4437 1203 4497 οὔπω
1239 4435 1317 4503 τέως
1355 4435 1517 4514 γεγονότας

264 4515 377 4587 ἀξίους.
394 4517 442 4579 Ἥ
459 4520 513 4583 καὶ
534 4522 612 4582 καθ’
635 4522 738 4601 ἕτερον
760 4521 875 4600 τρόπον
897 4522 1007 4602 duritiei
1027 4523 1132 4584 τεκαὶ
1159 4523 1325 4601 secretiore
1354 4521 1515 4601 ἁμαρτίας,

265 4603 462 4684 ἐπιτιμῶντες
484 4606 543 4686 μὲν
565 4607 776 4687 ἁμαρτάνουσι
807 4614 868 4677 τοῖς
890 4616 943 4689 τῆς
961 4608 1146 4690 Ἐκκλιγσίας
1179 4610 1304 4678 τέκνοις,
1334 4610 1516 4687 μιτανοούσι

261 4689 300 4749 di·
324 4692 592 4770 σνγγιιίιίσκοντες.
609 4728 650 4736 ·—
667 4696 712 4753 cf.
732 4695 831 4752 Victor
847 4697 987 4765 Vitensis,
1005 4697 1050 4754 lle
1068 4717 1179 4775 perseo.
1199 4695 1323 4757 Vandal.
1340 4695 1358 4755 l.
1375 4698 1402 4766 2,
1422 4716 1449 4756 u.
1468 4698 1517 4755 ll.
