<?xml version="1.0" encoding="UTF-8"?>
<!DOCTYPE html PUBLIC "-//W3C//DTD XHTML 1.0 Transitional//EN"
    "http://www.w3.org/TR/xhtml1/DTD/xhtml1-transitional.dtd">
<html xmlns="http://www.w3.org/1999/xhtml" xml:lang="en" lang="en">
 <head>
  <title>
</title>
<meta http-equiv="Content-Type" content="text/html;charset=utf-8" />
  <meta name='ocr-system' content='tesseract 3.04.00' />
  <meta name='ocr-capabilities' content='ocr_page ocr_carea ocr_par ocr_line ocrx_word'/>
</head>
<body>
  <div class='ocr_page' id='page_1' title='image "./slavorumlittera00unkngoog_0050.png"; bbox 0 0 3450 5342; ppageno 0'>
   <div class='ocr_carea' id='block_1_1' title="bbox 767 367 940 424">
    <p class='ocr_par' dir='ltr' id='par_1_1' title="bbox 767 367 940 424">
     <span class='ocr_line' id='line_1_1' title="bbox 767 367 940 424; baseline 0 -14"><span class='ocrx_word' id='word_1_1' title='bbox 767 367 940 424; x_wconf 74' lang='lat'>..34-</span> 
     </span>
    </p>
   </div>
   <div class='ocr_carea' id='block_1_2' title="bbox 154 551 1496 4362">
    <p class='ocr_par' dir='ltr' id='par_1_2' title="bbox 154 551 1496 4362">
     <span class='ocr_line' id='line_1_2' title="bbox 228 551 1481 635; baseline -0.008 -15"><span class='ocrx_word' id='word_1_2' title='bbox 228 557 308 620; x_wconf 76' lang='lat' dir='ltr'><strong>dtus</strong></span> <span class='ocrx_word' id='word_1_3' title='bbox 332 567 403 616; x_wconf 87' lang='lat' dir='ltr'><strong>erat.</strong></span> <span class='ocrx_word' id='word_1_4' title='bbox 425 557 639 635; x_wconf 77' lang='lat' dir='ltr'><strong>Episcoporum</strong></span> <span class='ocrx_word' id='word_1_5' title='bbox 662 575 778 634; x_wconf 89' lang='lat' dir='ltr'><strong>quoque</strong></span> <span class='ocrx_word' id='word_1_6' title='bbox 802 563 933 634; x_wconf 83' lang='lat' dir='ltr'><strong>potestas</strong></span> <span class='ocrx_word' id='word_1_7' title='bbox 956 554 1057 632; x_wconf 84' lang='lat' dir='ltr'><strong>ampla</strong></span> <span class='ocrx_word' id='word_1_8' title='bbox 1079 563 1152 612; x_wconf 81' lang='lat' dir='ltr'><strong>erat</strong></span> <span class='ocrx_word' id='word_1_9' title='bbox 1174 554 1223 612; x_wconf 83' lang='lat' dir='ltr'><strong>Ita</strong></span> <span class='ocrx_word' id='word_1_10' title='bbox 1240 551 1295 612; x_wconf 90' lang='lat' dir='ltr'><strong>sub</strong></span> <span class='ocrx_word' id='word_1_11' title='bbox 1319 551 1481 630; x_wconf 62' lang='grc' dir='ltr'>1113οΤ111-</span> 
     </span>
     <span class='ocr_line' id='line_1_3' title="bbox 229 636 1476 722; baseline -0.006 -18"><span class='ocrx_word' id='word_1_12' title='bbox 229 665 330 704; x_wconf 90' lang='lat' dir='ltr'><strong>corum</strong></span> <span class='ocrx_word' id='word_1_13' title='bbox 352 645 536 704; x_wconf 85' lang='lat' dir='ltr'><strong>clibrmatum</strong></span> <span class='ocrx_word' id='word_1_14' title='bbox 562 653 607 702; x_wconf 89' lang='lat' dir='ltr'><strong>est</strong></span> <span class='ocrx_word' id='word_1_15' title='bbox 635 643 721 722; x_wconf 87' lang='lat' dir='ltr'><strong>quasi</strong></span> <span class='ocrx_word' id='word_1_16' title='bbox 752 641 901 721; x_wconf 85' lang='lat' dir='ltr'><strong>quoddam</strong></span> <span class='ocrx_word' id='word_1_17' title='bbox 932 643 1107 719; x_wconf 86' lang='lat' dir='ltr'><strong>,imperium</strong></span> <span class='ocrx_word' id='word_1_18' title='bbox 1136 640 1387 700; x_wconf 77' lang='lat' dir='ltr'><strong>ecclesiasticum⁸</strong></span> <span class='ocrx_word' id='word_1_19' title='bbox 1421 636 1476 697; x_wconf 90' lang='lat' dir='ltr'><strong>snb</strong></span> 
     </span>
     <span class='ocr_line' id='line_1_4' title="bbox 230 726 1477 809; baseline -0.006 -19"><span class='ocrx_word' id='word_1_20' title='bbox 230 732 375 808; x_wconf 83' lang='lat' dir='ltr'><strong>regimine</strong></span> <span class='ocrx_word' id='word_1_21' title='bbox 387 729 571 809; x_wconf 71' lang='lat' dir='ltr'><strong>patriarchae</strong></span> <span class='ocrx_word' id='word_1_22' title='bbox 578 738 609 788; x_wconf 91' lang='lat' dir='ltr'><strong>et</strong></span> <span class='ocrx_word' id='word_1_23' title='bbox 619 731 823 808; x_wconf 89' lang='lat' dir='ltr'><strong>episcoporum</strong></span> <span class='ocrx_word' id='word_1_24' title='bbox 834 728 934 807; x_wconf 79' lang='lat'>(121).</span> <span class='ocrx_word' id='word_1_25' title='bbox 945 727 1120 786; x_wconf 86' lang='lat' dir='ltr'><strong>Patriarcha</strong></span> <span class='ocrx_word' id='word_1_26' title='bbox 1129 726 1477 805; x_wconf 80' lang='lat' dir='ltr'><strong>Constantinopolitanae</strong></span> 
     </span>
     <span class='ocr_line' id='line_1_5' title="bbox 231 812 1480 894; baseline -0.005 -18"><span class='ocrx_word' id='word_1_27' title='bbox 231 828 262 878; x_wconf 92' lang='lat' dir='ltr'><strong>et</strong></span> <span class='ocrx_word' id='word_1_28' title='bbox 284 816 451 878; x_wconf 87' lang='lat' dir='ltr'><strong>hierarchia</strong></span> <span class='ocrx_word' id='word_1_29' title='bbox 472 837 580 894; x_wconf 80' lang='lat' dir='ltr'><strong>graeca</strong></span> <span class='ocrx_word' id='word_1_30' title='bbox 608 815 740 893; x_wconf 87' lang='lat' dir='ltr'><strong>(natione</strong></span> <span class='ocrx_word' id='word_1_31' title='bbox 763 835 878 893; x_wconf 84' lang='lat' dir='ltr'><strong>graeca,</strong></span> <span class='ocrx_word' id='word_1_32' title='bbox 909 835 969 874; x_wconf 90' lang='lat' dir='ltr'><strong>non</strong></span> <span class='ocrx_word' id='word_1_33' title='bbox 993 814 1087 873; x_wconf 86' lang='lat' dir='ltr'><strong>solum</strong></span> <span class='ocrx_word' id='word_1_34' title='bbox 1112 814 1183 891; x_wconf 87' lang='lat' dir='ltr'><strong>ritu)</strong></span> <span class='ocrx_word' id='word_1_35' title='bbox 1206 816 1298 872; x_wconf 86' lang='lat' dir='ltr'><strong>etiarn</strong></span> <span class='ocrx_word' id='word_1_36' title='bbox 1319 812 1480 890; x_wconf 81' lang='lat' dir='ltr'><strong>Balgariac</strong></span> 
     </span>
     <span class='ocr_line' id='line_1_6' title="bbox 231 898 1479 983; baseline -0.009 -17"><span class='ocrx_word' id='word_1_37' title='bbox 231 915 262 966; x_wconf 88' lang='lat' dir='ltr'><strong>et</strong></span> <span class='ocrx_word' id='word_1_38' title='bbox 284 903 414 975; x_wconf 66' lang='lat' dir='ltr'><strong>derbiae,</strong></span> <span class='ocrx_word' id='word_1_39' title='bbox 445 923 520 983; x_wconf 87' lang='lat' dir='ltr'><strong>quae</strong></span> <span class='ocrx_word' id='word_1_40' title='bbox 548 913 636 962; x_wconf 89' lang='lat' dir='ltr'><strong>antea</strong></span> <span class='ocrx_word' id='word_1_41' title='bbox 672 901 907 981; x_wconf 84' lang='lat' dir='ltr'><strong>independentes</strong></span> <span class='ocrx_word' id='word_1_42' title='bbox 938 901 1063 973; x_wconf 83' lang='lat' dir='ltr'><strong>lucrant,</strong></span> <span class='ocrx_word' id='word_1_43' title='bbox 1094 922 1140 959; x_wconf 89' lang='lat' dir='ltr'><strong>res</strong></span> <span class='ocrx_word' id='word_1_44' title='bbox 1171 901 1391 960; x_wconf 85' lang='lat' dir='ltr'><strong>ecclesiasticas</strong></span> <span class='ocrx_word' id='word_1_45' title='bbox 1421 898 1479 958; x_wconf 85' lang='lat' dir='ltr'><strong>sibi</strong></span> 
     </span>
     <span class='ocr_line' id='line_1_7' title="bbox 230 987 1480 1070; baseline -0.006 -18"><span class='ocrx_word' id='word_1_46' title='bbox 230 989 418 1052; x_wconf 87' lang='lat' dir='ltr'><strong>subiecerunt</strong></span> <span class='ocrx_word' id='word_1_47' title='bbox 439 987 537 1070; x_wconf 78' lang='lat'>(124).</span> <span class='ocrx_word' id='word_1_48' title='bbox 561 989 740 1048; x_wconf 86' lang='lat' dir='ltr'><strong>Hierarchia</strong></span> <span class='ocrx_word' id='word_1_49' title='bbox 762 989 907 1067; x_wconf 75' lang='lat' dir='ltr'><strong>(natione)</strong></span> <span class='ocrx_word' id='word_1_50' title='bbox 930 1008 1037 1065; x_wconf 81' lang='lat' dir='ltr'><strong>graeca</strong></span> <span class='ocrx_word' id='word_1_51' title='bbox 1066 987 1173 1047; x_wconf 82' lang='lat' dir='ltr'><strong>diffusa</strong></span> <span class='ocrx_word' id='word_1_52' title='bbox 1203 996 1248 1046; x_wconf 89' lang='lat' dir='ltr'><strong>est</strong></span> <span class='ocrx_word' id='word_1_53' title='bbox 1278 989 1312 1046; x_wconf 91' lang='lat' dir='ltr'><strong>in</strong></span> <span class='ocrx_word' id='word_1_54' title='bbox 1333 987 1480 1046; x_wconf 84' lang='lat' dir='ltr'><strong>Palaesti-</strong></span> 
     </span>
     <span class='ocr_line' id='line_1_8' title="bbox 232 1074 1482 1154; baseline -0.006 -16"><span class='ocrx_word' id='word_1_55' title='bbox 232 1097 302 1138; x_wconf 86' lang='lat' dir='ltr'><strong>nam</strong></span> <span class='ocrx_word' id='word_1_56' title='bbox 325 1077 675 1148; x_wconf 83' lang='lat' dir='ltr'><strong>Moldario-Valaclriam,</strong></span> <span class='ocrx_word' id='word_1_57' title='bbox 699 1077 878 1154; x_wconf 84' lang='lat' dir='ltr'><strong>Belgariam,</strong></span> <span class='ocrx_word' id='word_1_58' title='bbox 910 1074 1054 1145; x_wconf 73' lang='lat' dir='ltr'><strong>serbiam,</strong></span> <span class='ocrx_word' id='word_1_59' title='bbox 1084 1078 1191 1152; x_wconf 74' lang='lat' dir='ltr'><strong>graeci</strong></span> <span class='ocrx_word' id='word_1_60' title='bbox 1213 1075 1318 1152; x_wconf 81' lang='lat' dir='ltr'><strong>lingna</strong></span> <span class='ocrx_word' id='word_1_61' title='bbox 1338 1075 1482 1150; x_wconf 83' lang='lat' dir='ltr'><strong>liturgica</strong></span> 
     </span>
     <span class='ocr_line' id='line_1_9' title="bbox 232 1158 1481 1241; baseline -0.007 -15"><span class='ocrx_word' id='word_1_62' title='bbox 232 1175 262 1226; x_wconf 86' lang='lat' dir='ltr'><strong>et</strong></span> <span class='ocrx_word' id='word_1_63' title='bbox 306 1165 414 1224; x_wconf 89' lang='lat' dir='ltr'><strong>scholis</strong></span> <span class='ocrx_word' id='word_1_64' title='bbox 457 1165 570 1241; x_wconf 81' lang='lat' dir='ltr'><strong>graecis</strong></span> <span class='ocrx_word' id='word_1_65' title='bbox 618 1165 708 1222; x_wconf 89' lang='lat' dir='ltr'><strong>etiam</strong></span> <span class='ocrx_word' id='word_1_66' title='bbox 747 1183 842 1222; x_wconf 85' lang='lat' dir='ltr'><strong>sermo</strong></span> <span class='ocrx_word' id='word_1_67' title='bbox 879 1182 1003 1240; x_wconf 83' lang='lat' dir='ltr'><strong>graecus</strong></span> <span class='ocrx_word' id='word_1_68' title='bbox 1046 1164 1209 1220; x_wconf 88' lang='lat' dir='ltr'><strong>communis</strong></span> <span class='ocrx_word' id='word_1_69' title='bbox 1243 1158 1481 1220; x_wconf 86' lang='lat' dir='ltr'><strong>increbrescebat</strong></span> 
     </span>
     <span class='ocr_line' id='line_1_10' title="bbox 234 1247 1481 1330; baseline -0.004 -20"><span class='ocrx_word' id='word_1_70' title='bbox 234 1247 440 1330; x_wconf 78' lang='lat' dir='ltr'><strong>(lte-128).</strong></span> <span class='ocrx_word' id='word_1_71' title='bbox 474 1249 688 1310; x_wconf 79' lang='lat' dir='ltr'><strong>Condicionem</strong></span> <span class='ocrx_word' id='word_1_72' title='bbox 728 1251 955 1308; x_wconf 87' lang='lat' dir='ltr'><strong>christianorum</strong></span> <span class='ocrx_word' id='word_1_73' title='bbox 990 1250 1078 1326; x_wconf 81' lang='lat' dir='ltr'><strong>(raja)</strong></span> <span class='ocrx_word' id='word_1_74' title='bbox 1116 1248 1170 1306; x_wconf 92' lang='lat' dir='ltr'><strong>sub</strong></span> <span class='ocrx_word' id='word_1_75' title='bbox 1205 1251 1273 1326; x_wconf 84' lang='lat' dir='ltr'><strong>ingo</strong></span> <span class='ocrx_word' id='word_1_76' title='bbox 1317 1249 1481 1306; x_wconf 74' lang='lat' dir='ltr'><strong>&#39;lbrrcornm</strong></span> 
     </span>
     <span class='ocr_line' id='line_1_11' title="bbox 234 1333 1481 1416; baseline -0.004 -20"><span class='ocrx_word' id='word_1_77' title='bbox 234 1351 335 1398; x_wconf 79' lang='lat' dir='ltr'><strong>auctor</strong></span> <span class='ocrx_word' id='word_1_78' title='bbox 359 1341 390 1396; x_wconf 94' lang='lat' dir='ltr'><strong>in</strong></span> <span class='ocrx_word' id='word_1_79' title='bbox 413 1339 524 1416; x_wconf 87' lang='lat' dir='ltr'><strong>optimo</strong></span> <span class='ocrx_word' id='word_1_80' title='bbox 548 1338 658 1396; x_wconf 88' lang='lat' dir='ltr'><strong>lunrine</strong></span> <span class='ocrx_word' id='word_1_81' title='bbox 682 1337 806 1396; x_wconf 90' lang='lat' dir='ltr'><strong>collocat</strong></span> <span class='ocrx_word' id='word_1_82' title='bbox 837 1337 1044 1414; x_wconf 75' lang='lat' dir='ltr'><strong>(tto-164),</strong></span> <span class='ocrx_word' id='word_1_83' title='bbox 1079 1335 1315 1413; x_wconf 78' lang='lat' dir='ltr'>benevolumque</span> <span class='ocrx_word' id='word_1_84' title='bbox 1338 1333 1481 1392; x_wconf 86' lang='lat' dir='ltr'><strong>iudicium</strong></span> 
     </span>
     <span class='ocr_line' id='line_1_12' title="bbox 233 1421 1483 1500; baseline -0.007 -15"><span class='ocrx_word' id='word_1_85' title='bbox 233 1445 317 1485; x_wconf 86' lang='lat' dir='ltr'><strong>suurn</strong></span> <span class='ocrx_word' id='word_1_86' title='bbox 342 1425 440 1483; x_wconf 89' lang='lat' dir='ltr'><strong>multis</strong></span> <span class='ocrx_word' id='word_1_87' title='bbox 467 1426 647 1500; x_wconf 77' lang='lat' dir='ltr'><strong>argumentis</strong></span> <span class='ocrx_word' id='word_1_88' title='bbox 679 1425 771 1484; x_wconf 84' lang='lat' dir='ltr'><strong>fulcit.</strong></span> <span class='ocrx_word' id='word_1_89' title='bbox 797 1459 834 1465; x_wconf 93' lang='lat'>-</span> <span class='ocrx_word' id='word_1_90' title='bbox 869 1423 1032 1481; x_wconf 85' lang='lat' dir='ltr'><strong>lliearclria</strong></span> <span class='ocrx_word' id='word_1_91' title='bbox 1064 1442 1172 1500; x_wconf 81' lang='lat' dir='ltr'><strong>graeca</strong></span> <span class='ocrx_word' id='word_1_92' title='bbox 1197 1422 1303 1480; x_wconf 79' lang='lat' dir='ltr'><strong>&#39;Parcis</strong></span> <span class='ocrx_word' id='word_1_93' title='bbox 1333 1421 1483 1480; x_wconf 74' lang='lat' dir='ltr'><strong>serviliter</strong></span> 
     </span>
     <span class='ocr_line' id='line_1_13' title="bbox 237 1508 1483 1588; baseline -0.006 -18"><span class='ocrx_word' id='word_1_94' title='bbox 237 1511 356 1570; x_wconf 89' lang='lat' dir='ltr'><strong>subdita</strong></span> <span class='ocrx_word' id='word_1_95' title='bbox 379 1523 441 1570; x_wconf 90' lang='lat' dir='ltr'><strong>erat</strong></span> <span class='ocrx_word' id='word_1_96' title='bbox 464 1521 494 1570; x_wconf 91' lang='lat' dir='ltr'><strong>et</strong></span> <span class='ocrx_word' id='word_1_97' title='bbox 517 1509 729 1588; x_wconf 75' lang='lat' dir='ltr'><strong>obligationem</strong></span> <span class='ocrx_word' id='word_1_98' title='bbox 760 1509 816 1568; x_wconf 88' lang='lat' dir='ltr'><strong>sibi</strong></span> <span class='ocrx_word' id='word_1_99' title='bbox 847 1512 1025 1588; x_wconf 80' lang='lat' dir='ltr'><strong>impositam,</strong></span> <span class='ocrx_word' id='word_1_100' title='bbox 1053 1518 1085 1567; x_wconf 89' lang='lat' dir='ltr'><strong>ut</strong></span> <span class='ocrx_word' id='word_1_101' title='bbox 1115 1508 1255 1588; x_wconf 88' lang='lat' dir='ltr'><strong>populum</strong></span> <span class='ocrx_word' id='word_1_102' title='bbox 1282 1517 1428 1567; x_wconf 77' lang='lat' dir='ltr'><strong>coerceret</strong></span> <span class='ocrx_word' id='word_1_103' title='bbox 1452 1520 1483 1564; x_wconf 87' lang='lat' dir='ltr'><strong>et</strong></span> 
     </span>
     <span class='ocr_line' id='line_1_14' title="bbox 234 1595 1483 1677; baseline -0.004 -21"><span class='ocrx_word' id='word_1_104' title='bbox 234 1601 267 1658; x_wconf 91' lang='lat' dir='ltr'><strong>in</strong></span> <span class='ocrx_word' id='word_1_105' title='bbox 290 1598 430 1677; x_wconf 89' lang='lat' dir='ltr'><strong>obsequio</strong></span> <span class='ocrx_word' id='word_1_106' title='bbox 452 1617 523 1675; x_wconf 84' lang='lat' dir='ltr'><strong>erga</strong></span> <span class='ocrx_word' id='word_1_107' title='bbox 545 1597 720 1676; x_wconf 85' lang='lat' dir='ltr'><strong>gubernium</strong></span> <span class='ocrx_word' id='word_1_108' title='bbox 743 1600 916 1658; x_wconf 79' lang='lat' dir='ltr'><strong>contineret</strong></span> <span class='ocrx_word' id='word_1_109' title='bbox 939 1597 1089 1655; x_wconf 76' lang='lat' dir='ltr'><strong>serviliter</strong></span> <span class='ocrx_word' id='word_1_110' title='bbox 1110 1595 1259 1675; x_wconf 79' lang='lat' dir='ltr'><strong>explebat,</strong></span> <span class='ocrx_word' id='word_1_111' title='bbox 1274 1598 1355 1653; x_wconf 82' lang='lat' dir='ltr'><strong>viros</strong></span> <span class='ocrx_word' id='word_1_112' title='bbox 1368 1597 1483 1672; x_wconf 85' lang='lat' dir='ltr'><strong>patriae</strong></span> 
     </span>
     <span class='ocr_line' id='line_1_15' title="bbox 235 1680 1482 1763; baseline -0.006 -19"><span class='ocrx_word' id='word_1_113' title='bbox 235 1696 369 1744; x_wconf 80' lang='lat' dir='ltr'><strong>amantes</strong></span> <span class='ocrx_word' id='word_1_114' title='bbox 393 1687 513 1763; x_wconf 86' lang='lat' dir='ltr'><strong>eiusque</strong></span> <span class='ocrx_word' id='word_1_115' title='bbox 535 1685 742 1742; x_wconf 86' lang='lat' dir='ltr'><strong>liberationem</strong></span> <span class='ocrx_word' id='word_1_116' title='bbox 773 1693 947 1762; x_wconf 84' lang='lat' dir='ltr'><strong>appetentes</strong></span> <span class='ocrx_word' id='word_1_117' title='bbox 978 1693 1008 1742; x_wconf 91' lang='lat' dir='ltr'><strong>et</strong></span> <span class='ocrx_word' id='word_1_118' title='bbox 1037 1694 1179 1742; x_wconf 87' lang='lat' dir='ltr'><strong>conantes</strong></span> <span class='ocrx_word' id='word_1_119' title='bbox 1207 1680 1482 1742; x_wconf 83' lang='lat' dir='ltr'><strong>anathematizabat</strong></span> 
     </span>
     <span class='ocr_line' id='line_1_16' title="bbox 235 1767 1484 1852; baseline -0.004 -22"><span class='ocrx_word' id='word_1_120' title='bbox 235 1769 452 1852; x_wconf 71' lang='lat' dir='ltr'><strong>(tto-173),</strong></span> <span class='ocrx_word' id='word_1_121' title='bbox 484 1783 662 1850; x_wconf 89' lang='lat' dir='ltr'><strong>quapropter</strong></span> <span class='ocrx_word' id='word_1_122' title='bbox 699 1771 867 1829; x_wconf 88' lang='lat' dir='ltr'><strong>hierarchia</strong></span> <span class='ocrx_word' id='word_1_123' title='bbox 903 1770 1048 1846; x_wconf 77' lang='lat' dir='ltr'><strong>(natione)</strong></span> <span class='ocrx_word' id='word_1_124' title='bbox 1075 1789 1183 1847; x_wconf 81' lang='lat' dir='ltr'><strong>graeca</strong></span> <span class='ocrx_word' id='word_1_125' title='bbox 1212 1771 1323 1828; x_wconf 84' lang='lat' dir='ltr'><strong>Russus</strong></span> <span class='ocrx_word' id='word_1_126' title='bbox 1350 1767 1484 1846; x_wconf 87' lang='lat' dir='ltr'><strong>aliosque</strong></span> 
     </span>
     <span class='ocr_line' id='line_1_17' title="bbox 154 1856 1485 1934; baseline -0.002 -18"><span class='ocrx_word' id='word_1_127' title='bbox 154 1861 157 1868; x_wconf 62' lang='lat'><strong>⁴</strong></span> <span class='ocrx_word' id='word_1_128' title='bbox 236 1857 442 1918; x_wconf 89' lang='lat' dir='ltr'><strong>liberationem</strong></span> <span class='ocrx_word' id='word_1_129' title='bbox 472 1858 700 1918; x_wconf 89' lang='lat' dir='ltr'><strong>christianorum</strong></span> <span class='ocrx_word' id='word_1_130' title='bbox 723 1881 741 1916; x_wconf 87' lang='lat' dir='ltr'><strong>e</strong></span> <span class='ocrx_word' id='word_1_131' title='bbox 763 1861 832 1934; x_wconf 85' lang='lat' dir='ltr'><strong>iugo</strong></span> <span class='ocrx_word' id='word_1_132' title='bbox 854 1857 1016 1914; x_wconf 74' lang='lat' dir='ltr'><strong>&#39;l&#39;urcorum</strong></span> <span class='ocrx_word' id='word_1_133' title='bbox 1040 1865 1246 1934; x_wconf 80' lang='lat' dir='ltr'><strong>promoventes</strong></span> <span class='ocrx_word' id='word_1_134' title='bbox 1274 1856 1323 1914; x_wconf 91' lang='lat' dir='ltr'><strong>vel</strong></span> <span class='ocrx_word' id='word_1_135' title='bbox 1345 1858 1485 1914; x_wconf 84' lang='lat' dir='ltr'><strong>iurantes</strong></span> 
     </span>
     <span class='ocr_line' id='line_1_18' title="bbox 236 1942 1485 2023; baseline -0.004 -19"><span class='ocrx_word' id='word_1_136' title='bbox 236 1945 304 2004; x_wconf 93' lang='lat' dir='ltr'><strong>odio</strong></span> <span class='ocrx_word' id='word_1_137' title='bbox 328 1943 557 2023; x_wconf 83' lang='lat' dir='ltr'><strong>persequebatur</strong></span> <span class='ocrx_word' id='word_1_138' title='bbox 582 1946 773 2018; x_wconf 77' lang='lat' dir='ltr'><strong>stt-177).</strong></span> <span class='ocrx_word' id='word_1_139' title='bbox 798 1979 836 1988; x_wconf 87' lang='lat'><em>-</em></span> <span class='ocrx_word' id='word_1_140' title='bbox 864 1944 974 2002; x_wconf 84' lang='lat' dir='ltr'><strong>Verum</strong></span> <span class='ocrx_word' id='word_1_141' title='bbox 996 1953 1041 2001; x_wconf 87' lang='lat' dir='ltr'><strong>est</strong></span> <span class='ocrx_word' id='word_1_142' title='bbox 1068 1963 1128 2002; x_wconf 88' lang='lat' dir='ltr'><strong>non</strong></span> <span class='ocrx_word' id='word_1_143' title='bbox 1158 1943 1252 2001; x_wconf 89' lang='lat' dir='ltr'><strong>solum</strong></span> <span class='ocrx_word' id='word_1_144' title='bbox 1275 1942 1485 2013; x_wconf 87' lang='lat' dir='ltr'><strong>hierarchiam,</strong></span> 
     </span>
     <span class='ocr_line' id='line_1_19' title="bbox 237 2029 1486 2110; baseline -0.002 -21"><span class='ocrx_word' id='word_1_145' title='bbox 237 2033 290 2091; x_wconf 87' lang='lat' dir='ltr'><strong>sed</strong></span> <span class='ocrx_word' id='word_1_146' title='bbox 313 2036 402 2090; x_wconf 62' lang='lat' dir='ltr'><strong>ratium</strong></span> <span class='ocrx_word' id='word_1_147' title='bbox 425 2052 463 2090; x_wconf 85' lang='lat' dir='ltr'><strong>cx</strong></span> <span class='ocrx_word' id='word_1_148' title='bbox 487 2032 593 2110; x_wconf 88' lang='lat' dir='ltr'><strong>populo</strong></span> <span class='ocrx_word' id='word_1_149' title='bbox 617 2049 721 2104; x_wconf 68' lang='lat' dir='ltr'><strong>gracco</strong></span> <span class='ocrx_word' id='word_1_150' title='bbox 746 2032 851 2090; x_wconf 90' lang='lat' dir='ltr'><strong>multos</strong></span> <span class='ocrx_word' id='word_1_151' title='bbox 876 2033 994 2089; x_wconf 90' lang='lat' dir='ltr'><strong>insania</strong></span> <span class='ocrx_word' id='word_1_152' title='bbox 1023 2049 1094 2107; x_wconf 83' lang='lat' dir='ltr'><strong>erga</strong></span> <span class='ocrx_word' id='word_1_153' title='bbox 1116 2029 1316 2088; x_wconf 88' lang='lat' dir='ltr'><strong>occidentales</strong></span> <span class='ocrx_word' id='word_1_154' title='bbox 1346 2029 1486 2106; x_wconf 90' lang='lat' dir='ltr'><strong>abreptos</strong></span> 
     </span>
     <span class='ocr_line' id='line_1_20' title="bbox 239 2115 1486 2196; baseline -0.003 -20"><span class='ocrx_word' id='word_1_155' title='bbox 239 2124 337 2196; x_wconf 80' lang='lat' dir='ltr'><strong>iugum</strong></span> <span class='ocrx_word' id='word_1_156' title='bbox 360 2118 522 2176; x_wconf 78' lang='lat' dir='ltr'><strong>&#39;l&#39;uroorum</strong></span> <span class='ocrx_word' id='word_1_157' title='bbox 547 2120 648 2176; x_wconf 87' lang='lat' dir='ltr'><strong>unioni</strong></span> <span class='ocrx_word' id='word_1_158' title='bbox 672 2139 738 2176; x_wconf 90' lang='lat' dir='ltr'><strong>eum</strong></span> <span class='ocrx_word' id='word_1_159' title='bbox 769 2118 895 2176; x_wconf 86' lang='lat' dir='ltr'><strong>ecclesia</strong></span> <span class='ocrx_word' id='word_1_160' title='bbox 924 2137 1046 2175; x_wconf 87' lang='lat' dir='ltr'><strong>romana</strong></span> <span class='ocrx_word' id='word_1_161' title='bbox 1072 2117 1268 2194; x_wconf 78' lang='lat' dir='ltr'><strong>praetulissc3</strong></span> <span class='ocrx_word' id='word_1_162' title='bbox 1292 2115 1344 2174; x_wconf 86' lang='lat' dir='ltr'><strong>sed</strong></span> <span class='ocrx_word' id='word_1_163' title='bbox 1375 2116 1486 2174; x_wconf 77' lang='lat' dir='ltr'><strong>Graeci</strong></span> 
     </span>
     <span class='ocr_line' id='line_1_21' title="bbox 238 2203 1486 2283; baseline -0.004 -19"><span class='ocrx_word' id='word_1_164' title='bbox 238 2217 307 2264; x_wconf 90' lang='lat' dir='ltr'><strong>tunc</strong></span> <span class='ocrx_word' id='word_1_165' title='bbox 330 2208 388 2262; x_wconf 89' lang='lat' dir='ltr'><strong>iam</strong></span> <span class='ocrx_word' id='word_1_166' title='bbox 412 2207 441 2261; x_wconf 92' lang='lat' dir='ltr'><strong>in</strong></span> <span class='ocrx_word' id='word_1_167' title='bbox 465 2225 531 2262; x_wconf 91' lang='lat' dir='ltr'><strong>eam</strong></span> <span class='ocrx_word' id='word_1_168' title='bbox 555 2205 699 2264; x_wconf 87' lang='lat' dir='ltr'><strong>l&#39;ortunam</strong></span> <span class='ocrx_word' id='word_1_169' title='bbox 717 2203 908 2274; x_wconf 83' lang='lat' dir='ltr'><strong>devenerant,</strong></span> <span class='ocrx_word' id='word_1_170' title='bbox 931 2215 963 2262; x_wconf 91' lang='lat' dir='ltr'><strong>ut</strong></span> <span class='ocrx_word' id='word_1_171' title='bbox 978 2203 1145 2281; x_wconf 86' lang='lat' dir='ltr'><strong>desperatio</strong></span> <span class='ocrx_word' id='word_1_172' title='bbox 1166 2204 1236 2261; x_wconf 88' lang='lat' dir='ltr'><strong>talis</strong></span> <span class='ocrx_word' id='word_1_173' title='bbox 1252 2204 1370 2283; x_wconf 89' lang='lat' dir='ltr'><strong>taleque</strong></span> <span class='ocrx_word' id='word_1_174' title='bbox 1385 2203 1486 2261; x_wconf 89' lang='lat' dir='ltr'><strong>odium</strong></span> 
     </span>
     <span class='ocr_line' id='line_1_22' title="bbox 237 2290 1489 2371; baseline -0.002 -21"><span class='ocrx_word' id='word_1_175' title='bbox 237 2291 377 2371; x_wconf 88' lang='lat' dir='ltr'><strong>possibile</strong></span> <span class='ocrx_word' id='word_1_176' title='bbox 399 2302 485 2350; x_wconf 86' lang='lat' dir='ltr'><strong>esset.</strong></span> <span class='ocrx_word' id='word_1_177' title='bbox 520 2293 663 2368; x_wconf 82' lang='lat' dir='ltr'><strong>Belgaros</strong></span> <span class='ocrx_word' id='word_1_178' title='bbox 687 2301 783 2350; x_wconf 87' lang='lat' dir='ltr'><strong>autern</strong></span> <span class='ocrx_word' id='word_1_179' title='bbox 808 2301 857 2349; x_wconf 91' lang='lat' dir='ltr'><strong>aut</strong></span> <span class='ocrx_word' id='word_1_180' title='bbox 881 2290 988 2350; x_wconf 75' lang='lat' dir='ltr'><strong>Serbes</strong></span> <span class='ocrx_word' id='word_1_181' title='bbox 1015 2310 1202 2368; x_wconf 88' lang='lat' dir='ltr'><strong>nequaquam</strong></span> <span class='ocrx_word' id='word_1_182' title='bbox 1225 2291 1364 2348; x_wconf 85' lang='lat' dir='ltr'><strong>affirmari</strong></span> <span class='ocrx_word' id='word_1_183' title='bbox 1389 2297 1489 2367; x_wconf 85' lang='lat' dir='ltr'><strong>potest</strong></span> 
     </span>
     <span class='ocr_line' id='line_1_23' title="bbox 238 2377 1489 2456; baseline -0.002 -19"><span class='ocrx_word' id='word_1_184' title='bbox 238 2382 337 2456; x_wconf 82' lang='lat' dir='ltr'><strong>iugum</strong></span> <span class='ocrx_word' id='word_1_185' title='bbox 361 2378 522 2436; x_wconf 77' lang='lat' dir='ltr'><strong>&#39;l&#39;ureorum</strong></span> <span class='ocrx_word' id='word_1_186' title='bbox 561 2381 646 2456; x_wconf 85' lang='lat' dir='ltr'><strong>,iugo</strong></span> <span class='ocrx_word' id='word_1_187' title='bbox 680 2379 841 2456; x_wconf 78' lang='lat' dir='ltr'><strong>papistico“</strong></span> <span class='ocrx_word' id='word_1_188' title='bbox 879 2387 908 2435; x_wconf 89' lang='lat' dir='ltr'><strong>et</strong></span> <span class='ocrx_word' id='word_1_189' title='bbox 942 2378 1055 2436; x_wconf 83' lang='lat' dir='ltr'><strong>auxilio</strong></span> <span class='ocrx_word' id='word_1_190' title='bbox 1084 2398 1241 2454; x_wconf 84' lang='lat' dir='ltr'><strong>regnorum</strong></span> <span class='ocrx_word' id='word_1_191' title='bbox 1275 2377 1489 2435; x_wconf 88' lang='lat' dir='ltr'><strong>catholicorum</strong></span> 
     </span>
     <span class='ocr_line' id='line_1_24' title="bbox 239 2463 1487 2545; baseline -0.002 -21"><span class='ocrx_word' id='word_1_192' title='bbox 239 2466 423 2545; x_wconf 82' lang='lat' dir='ltr'><strong>praetulisse.</strong></span> <span class='ocrx_word' id='word_1_193' title='bbox 447 2463 635 2543; x_wconf 80' lang='lat' dir='ltr'><strong>Quapropter</strong></span> <span class='ocrx_word' id='word_1_194' title='bbox 659 2465 733 2524; x_wconf 88' lang='lat' dir='ltr'><strong>l&#39;alsa</strong></span> <span class='ocrx_word' id='word_1_195' title='bbox 760 2467 808 2522; x_wconf 88' lang='lat' dir='ltr'><strong>vel</strong></span> <span class='ocrx_word' id='word_1_196' title='bbox 840 2465 945 2524; x_wconf 88' lang='lat' dir='ltr'><strong>saltem</strong></span> <span class='ocrx_word' id='word_1_197' title='bbox 980 2463 1067 2522; x_wconf 85' lang='lat' dir='ltr'><strong>valde</strong></span> <span class='ocrx_word' id='word_1_198' title='bbox 1098 2475 1280 2542; x_wconf 80' lang='lat' dir='ltr'><strong>exaggerata</strong></span> <span class='ocrx_word' id='word_1_199' title='bbox 1302 2477 1378 2536; x_wconf 87' lang='lat' dir='ltr'><strong>sunt,</strong></span> <span class='ocrx_word' id='word_1_200' title='bbox 1409 2481 1487 2542; x_wconf 85' lang='lat' dir='ltr'><strong>qnae</strong></span> 
     </span>
     <span class='ocr_line' id='line_1_25' title="bbox 237 2549 1491 2629; baseline -0.003 -18"><span class='ocrx_word' id='word_1_201' title='bbox 237 2563 339 2612; x_wconf 86' lang='lat' dir='ltr'><strong>auctor</strong></span> <span class='ocrx_word' id='word_1_202' title='bbox 381 2573 428 2629; x_wconf 83' lang='lat' dir='ltr'><strong>pg.</strong></span> <span class='ocrx_word' id='word_1_203' title='bbox 476 2554 653 2610; x_wconf 71' lang='lat' dir='ltr'><strong>trs-182.</strong></span> <span class='ocrx_word' id='word_1_204' title='bbox 708 2561 816 2610; x_wconf 84' lang='lat' dir='ltr'><strong>narrat.</strong></span> <span class='ocrx_word' id='word_1_205' title='bbox 865 2552 924 2609; x_wconf 87' lang='lat' dir='ltr'><strong>His</strong></span> <span class='ocrx_word' id='word_1_206' title='bbox 965 2551 1003 2610; x_wconf 88' lang='lat' dir='ltr'><strong>de</strong></span> <span class='ocrx_word' id='word_1_207' title='bbox 1048 2549 1134 2609; x_wconf 87' lang='lat' dir='ltr'><strong>rebus</strong></span> <span class='ocrx_word' id='word_1_208' title='bbox 1177 2549 1358 2628; x_wconf 90' lang='lat' dir='ltr'><strong>inspiciendi</strong></span> <span class='ocrx_word' id='word_1_209' title='bbox 1403 2559 1491 2608; x_wconf 89' lang='lat' dir='ltr'><strong>erant</strong></span> 
     </span>
     <span class='ocr_line' id='line_1_26' title="bbox 239 2635 1489 2719; baseline -0.004 -20"><span class='ocrx_word' id='word_1_210' title='bbox 239 2639 372 2699; x_wconf 79' lang='lat' dir='ltr'><strong>historici</strong></span> <span class='ocrx_word' id='word_1_211' title='bbox 405 2637 512 2696; x_wconf 78' lang='lat' dir='ltr'><strong>aethici</strong></span> <span class='ocrx_word' id='word_1_212' title='bbox 546 2647 575 2696; x_wconf 91' lang='lat' dir='ltr'><strong>et</strong></span> <span class='ocrx_word' id='word_1_213' title='bbox 613 2639 732 2697; x_wconf 89' lang='lat' dir='ltr'><strong>croatici</strong></span> <span class='ocrx_word' id='word_1_214' title='bbox 771 2635 866 2719; x_wconf 84' lang='lat' dir='ltr'><strong>(velut</strong></span> <span class='ocrx_word' id='word_1_215' title='bbox 912 2638 1016 2708; x_wconf 75' lang='lat' dir='ltr'><strong>liaclri,</strong></span> <span class='ocrx_word' id='word_1_216' title='bbox 1058 2637 1157 2703; x_wconf 66' lang='lat' dir='ltr'><strong>Klete,</strong></span> <span class='ocrx_word' id='word_1_217' title='bbox 1203 2639 1340 2696; x_wconf 78' lang='lat' dir='ltr'><strong>liuverac</strong></span> <span class='ocrx_word' id='word_1_218' title='bbox 1377 2658 1402 2696; x_wconf 92' lang='lat' dir='ltr'><strong>e.</strong></span> <span class='ocrx_word' id='word_1_219' title='bbox 1440 2636 1489 2713; x_wconf 79' lang='lat' dir='ltr'><strong>a),</strong></span> 
     </span>
     <span class='ocr_line' id='line_1_27' title="bbox 239 2723 1490 2805; baseline -0.002 -21"><span class='ocrx_word' id='word_1_220' title='bbox 239 2746 299 2784; x_wconf 93' lang='lat' dir='ltr'><strong>non</strong></span> <span class='ocrx_word' id='word_1_221' title='bbox 337 2726 430 2783; x_wconf 84' lang='lat' dir='ltr'><strong>solum</strong></span> <span class='ocrx_word' id='word_1_222' title='bbox 467 2727 629 2799; x_wconf 74' lang='lat' dir='ltr'><strong>genuanici</strong></span> <span class='ocrx_word' id='word_1_223' title='bbox 666 2725 848 2805; x_wconf 86' lang='lat' dir='ltr'><strong>(Zinkeisen,</strong></span> <span class='ocrx_word' id='word_1_224' title='bbox 887 2723 1074 2802; x_wconf 78' lang='lat' dir='ltr'><strong>Hertaberg),</strong></span> <span class='ocrx_word' id='word_1_225' title='bbox 1114 2727 1164 2802; x_wconf 91' lang='lat' dir='ltr'><strong>qui</strong></span> <span class='ocrx_word' id='word_1_226' title='bbox 1202 2725 1257 2782; x_wconf 88' lang='lat' dir='ltr'><strong>has</strong></span> <span class='ocrx_word' id='word_1_227' title='bbox 1294 2745 1342 2783; x_wconf 89' lang='lat' dir='ltr'><strong>res</strong></span> <span class='ocrx_word' id='word_1_228' title='bbox 1372 2734 1490 2782; x_wconf 88' lang='lat' dir='ltr'><strong>tanturn</strong></span> 
     </span>
     <span class='ocr_line' id='line_1_28' title="bbox 239 2810 1489 2890; baseline -0.001 -20"><span class='ocrx_word' id='word_1_229' title='bbox 239 2833 278 2872; x_wconf 79' lang='lat' dir='ltr'><strong>ex</strong></span> <span class='ocrx_word' id='word_1_230' title='bbox 301 2822 382 2890; x_wconf 87' lang='lat' dir='ltr'><strong>parte</strong></span> <span class='ocrx_word' id='word_1_231' title='bbox 405 2811 533 2890; x_wconf 76' lang='lat' dir='ltr'><strong>(quadam</strong></span> <span class='ocrx_word' id='word_1_232' title='bbox 556 2821 685 2870; x_wconf 85' lang='lat' dir='ltr'><strong>tractent</strong></span> <span class='ocrx_word' id='word_1_233' title='bbox 713 2823 743 2870; x_wconf 89' lang='lat' dir='ltr'><strong>et</strong></span> <span class='ocrx_word' id='word_1_234' title='bbox 772 2812 913 2870; x_wconf 90' lang='lat' dir='ltr'><strong>iudicium</strong></span> <span class='ocrx_word' id='word_1_235' title='bbox 945 2811 1066 2889; x_wconf 90' lang='lat' dir='ltr'><strong>aliquod</strong></span> <span class='ocrx_word' id='word_1_236' title='bbox 1088 2812 1145 2869; x_wconf 88' lang='lat' dir='ltr'><strong>hac</strong></span> <span class='ocrx_word' id='word_1_237' title='bbox 1168 2810 1205 2869; x_wconf 91' lang='lat' dir='ltr'><strong>de</strong></span> <span class='ocrx_word' id='word_1_238' title='bbox 1228 2832 1259 2868; x_wconf 91' lang='lat' dir='ltr'><strong>re</strong></span> <span class='ocrx_word' id='word_1_239' title='bbox 1283 2811 1413 2889; x_wconf 83' lang='lat' dir='ltr'><strong>prolerre</strong></span> <span class='ocrx_word' id='word_1_240' title='bbox 1435 2814 1489 2869; x_wconf 87' lang='lat' dir='ltr'><strong>rix</strong></span> 
     </span>
     <span class='ocr_line' id='line_1_29' title="bbox 240 2897 1489 2977; baseline 0 -21"><span class='ocrx_word' id='word_1_241' title='bbox 240 2909 370 2977; x_wconf 89' lang='lat' dir='ltr'><strong>possunt.</strong></span> <span class='ocrx_word' id='word_1_242' title='bbox 396 2900 534 2956; x_wconf 87' lang='lat' dir='ltr'><strong>Bosniam</strong></span> <span class='ocrx_word' id='word_1_243' title='bbox 558 2920 583 2956; x_wconf 81' lang='lat' dir='ltr'><strong>e.</strong></span> <span class='ocrx_word' id='word_1_244' title='bbox 606 2921 633 2974; x_wconf 75' lang='lat' dir='ltr'><strong>g.</strong></span> <span class='ocrx_word' id='word_1_245' title='bbox 657 2918 716 2956; x_wconf 89' lang='lat' dir='ltr'><strong>nou</strong></span> <span class='ocrx_word' id='word_1_246' title='bbox 739 2899 929 2970; x_wconf 83' lang='lat' dir='ltr'><strong>schismatici,</strong></span> <span class='ocrx_word' id='word_1_247' title='bbox 952 2897 1004 2957; x_wconf 91' lang='lat' dir='ltr'><strong>sed</strong></span> <span class='ocrx_word' id='word_1_248' title='bbox 1028 2898 1171 2956; x_wconf 84' lang='lat' dir='ltr'><strong>haeretici</strong></span> <span class='ocrx_word' id='word_1_249' title='bbox 1195 2897 1310 2958; x_wconf 89' lang='lat' dir='ltr'><strong>nobiles</strong></span> <span class='ocrx_word' id='word_1_250' title='bbox 1340 2897 1489 2977; x_wconf 87' lang='lat' dir='ltr'><strong>(patareni</strong></span> 
     </span>
     <span class='ocr_line' id='line_1_30' title="bbox 241 2984 1491 3063; baseline 0.002 -21"><span class='ocrx_word' id='word_1_251' title='bbox 241 2986 289 3044; x_wconf 87' lang='lat' dir='ltr'><strong>vel</strong></span> <span class='ocrx_word' id='word_1_252' title='bbox 314 2985 468 3062; x_wconf 81' lang='lat' dir='ltr'><strong>bogumili)</strong></span> <span class='ocrx_word' id='word_1_253' title='bbox 490 2985 595 3042; x_wconf 67' lang='lat' dir='ltr'><strong>&#39;l‘urcis</strong></span> <span class='ocrx_word' id='word_1_254' title='bbox 609 2984 824 3058; x_wconf 70' lang='lat' dir='ltr'><strong>tradiderunt,</strong></span> <span class='ocrx_word' id='word_1_255' title='bbox 848 2985 927 3063; x_wconf 92' lang='lat' dir='ltr'><strong>apud</strong></span> <span class='ocrx_word' id='word_1_256' title='bbox 959 2986 1065 3044; x_wconf 65' lang='lat' dir='ltr'><strong>slavos</strong></span> <span class='ocrx_word' id='word_1_257' title='bbox 1095 2984 1305 3044; x_wconf 88' lang='lat' dir='ltr'><strong>meridionales</strong></span> <span class='ocrx_word' id='word_1_258' title='bbox 1336 2994 1366 3044; x_wconf 89' lang='lat' dir='ltr'><strong>et</strong></span> <span class='ocrx_word' id='word_1_259' title='bbox 1388 2986 1491 3044; x_wconf 91' lang='lat' dir='ltr'><strong>catho-</strong></span> 
     </span>
     <span class='ocr_line' id='line_1_31' title="bbox 240 3072 1488 3150; baseline -0.002 -20"><span class='ocrx_word' id='word_1_260' title='bbox 240 3073 314 3132; x_wconf 82' lang='lat' dir='ltr'><strong>licos</strong></span> <span class='ocrx_word' id='word_1_261' title='bbox 337 3085 366 3130; x_wconf 91' lang='lat' dir='ltr'><strong>et</strong></span> <span class='ocrx_word' id='word_1_262' title='bbox 390 3092 448 3130; x_wconf 86' lang='lat' dir='ltr'><strong>non</strong></span> <span class='ocrx_word' id='word_1_263' title='bbox 472 3072 640 3142; x_wconf 89' lang='lat' dir='ltr'><strong>catholicos,</strong></span> <span class='ocrx_word' id='word_1_264' title='bbox 672 3091 737 3130; x_wconf 90' lang='lat' dir='ltr'><strong>cum</strong></span> <span class='ocrx_word' id='word_1_265' title='bbox 760 3093 778 3130; x_wconf 90' lang='lat' dir='ltr'><strong>a</strong></span> <span class='ocrx_word' id='word_1_266' title='bbox 801 3072 908 3150; x_wconf 88' lang='lat' dir='ltr'><strong>populo</strong></span> <span class='ocrx_word' id='word_1_267' title='bbox 940 3072 1050 3130; x_wconf 88' lang='lat' dir='ltr'><strong>inculto</strong></span> <span class='ocrx_word' id='word_1_268' title='bbox 1082 3082 1145 3132; x_wconf 89' lang='lat' dir='ltr'><strong>tum</strong></span> <span class='ocrx_word' id='word_1_269' title='bbox 1175 3093 1193 3130; x_wconf 87' lang='lat' dir='ltr'><strong>a</strong></span> <span class='ocrx_word' id='word_1_270' title='bbox 1214 3075 1288 3131; x_wconf 80' lang='lat' dir='ltr'><strong>viris</strong></span> <span class='ocrx_word' id='word_1_271' title='bbox 1310 3073 1434 3132; x_wconf 87' lang='lat' dir='ltr'><strong>eruditis</strong></span> <span class='ocrx_word' id='word_1_272' title='bbox 1467 3074 1488 3128; x_wconf 90' lang='lat' dir='ltr'><strong>ii</strong></span> 
     </span>
     <span class='ocr_line' id='line_1_32' title="bbox 242 3158 1490 3238; baseline 0 -21"><span class='ocrx_word' id='word_1_273' title='bbox 242 3158 365 3230; x_wconf 85' lang='lat' dir='ltr'><strong>nobiles,</strong></span> <span class='ocrx_word' id='word_1_274' title='bbox 393 3161 443 3238; x_wconf 92' lang='lat' dir='ltr'><strong>qni</strong></span> <span class='ocrx_word' id='word_1_275' title='bbox 476 3161 505 3216; x_wconf 88' lang='lat' dir='ltr'><strong>in</strong></span> <span class='ocrx_word' id='word_1_276' title='bbox 535 3159 698 3218; x_wconf 81' lang='lat' dir='ltr'><strong>&#39;l&#39;ureorum</strong></span> <span class='ocrx_word' id='word_1_277' title='bbox 733 3171 831 3237; x_wconf 87' lang='lat' dir='ltr'><strong>partes</strong></span> <span class='ocrx_word' id='word_1_278' title='bbox 862 3159 1006 3230; x_wconf 86' lang='lat' dir='ltr'><strong>abierant,</strong></span> <span class='ocrx_word' id='word_1_279' title='bbox 1036 3179 1152 3237; x_wconf 90' lang='lat' dir='ltr'><strong>semper</strong></span> <span class='ocrx_word' id='word_1_280' title='bbox 1175 3162 1289 3238; x_wconf 83' lang='lat' dir='ltr'><strong>patriae</strong></span> <span class='ocrx_word' id='word_1_281' title='bbox 1326 3158 1490 3237; x_wconf 89' lang='lat' dir='ltr'><strong>proditores</strong></span> 
     </span>
     <span class='ocr_line' id='line_1_33' title="bbox 242 3245 1492 3323; baseline -0.002 -19"><span class='ocrx_word' id='word_1_282' title='bbox 242 3267 301 3308; x_wconf 90' lang='lat' dir='ltr'><strong>non</strong></span> <span class='ocrx_word' id='word_1_283' title='bbox 324 3265 394 3304; x_wconf 89' lang='lat' dir='ltr'><strong>vero</strong></span> <span class='ocrx_word' id='word_1_284' title='bbox 425 3247 488 3304; x_wconf 85' lang='lat' dir='ltr'><strong>eius</strong></span> <span class='ocrx_word' id='word_1_285' title='bbox 516 3265 533 3303; x_wconf 91' lang='lat' dir='ltr'><strong>a</strong></span> <span class='ocrx_word' id='word_1_286' title='bbox 566 3249 651 3323; x_wconf 80' lang='lat' dir='ltr'><strong>,iugo</strong></span> <span class='ocrx_word' id='word_1_287' title='bbox 682 3248 843 3323; x_wconf 85' lang='lat' dir='ltr'><strong>papistico“</strong></span> <span class='ocrx_word' id='word_1_288' title='bbox 878 3246 1051 3304; x_wconf 86' lang='lat' dir='ltr'><strong>liberatores</strong></span> <span class='ocrx_word' id='word_1_289' title='bbox 1082 3245 1178 3304; x_wconf 88' lang='lat' dir='ltr'><strong>habiti</strong></span> <span class='ocrx_word' id='word_1_290' title='bbox 1210 3257 1298 3318; x_wconf 76' lang='lat' dir='ltr'><strong>sunt3</strong></span> <span class='ocrx_word' id='word_1_291' title='bbox 1330 3247 1492 3304; x_wconf 89' lang='lat' dir='ltr'><strong>memoriae</strong></span> 
     </span>
     <span class='ocr_line' id='line_1_34' title="bbox 242 3331 1491 3411; baseline -0.002 -19"><span class='ocrx_word' id='word_1_292' title='bbox 242 3333 398 3392; x_wconf 78' lang='lat' dir='ltr'><strong>h&#39;lavorum</strong></span> <span class='ocrx_word' id='word_1_293' title='bbox 429 3331 666 3394; x_wconf 88' lang='lat' dir='ltr'><strong>meridionalinm</strong></span> <span class='ocrx_word' id='word_1_294' title='bbox 702 3332 847 3410; x_wconf 82' lang='lat' dir='ltr'><strong>lugubres,</strong></span> <span class='ocrx_word' id='word_1_295' title='bbox 880 3353 1038 3411; x_wconf 90' lang='lat' dir='ltr'><strong>corumque</strong></span> <span class='ocrx_word' id='word_1_296' title='bbox 1061 3336 1179 3392; x_wconf 88' lang='lat' dir='ltr'><strong>cantica</strong></span> <span class='ocrx_word' id='word_1_297' title='bbox 1216 3337 1371 3391; x_wconf 86' lang='lat' dir='ltr'><strong>innumera</strong></span> <span class='ocrx_word' id='word_1_298' title='bbox 1400 3345 1491 3410; x_wconf 89' lang='lat' dir='ltr'><strong>atque</strong></span> 
     </span>
     <span class='ocr_line' id='line_1_35' title="bbox 242 3418 1490 3499; baseline -0.002 -21"><span class='ocrx_word' id='word_1_299' title='bbox 242 3419 418 3479; x_wconf 89' lang='lat' dir='ltr'><strong>admiranda</strong></span> <span class='ocrx_word' id='word_1_300' title='bbox 442 3420 522 3478; x_wconf 87' lang='lat' dir='ltr'><strong>nullo</strong></span> <span class='ocrx_word' id='word_1_301' title='bbox 553 3441 624 3478; x_wconf 88' lang='lat' dir='ltr'><strong>sono</strong></span> <span class='ocrx_word' id='word_1_302' title='bbox 655 3418 859 3478; x_wconf 85' lang='lat' dir='ltr'><strong>liberationem</strong></span> <span class='ocrx_word' id='word_1_303' title='bbox 884 3440 902 3477; x_wconf 91' lang='lat' dir='ltr'><strong>a</strong></span> <span class='ocrx_word' id='word_1_304' title='bbox 937 3421 1023 3497; x_wconf 83' lang='lat' dir='ltr'><strong>,ingo</strong></span> <span class='ocrx_word' id='word_1_305' title='bbox 1052 3423 1215 3499; x_wconf 81' lang='lat' dir='ltr'><strong>papistico“</strong></span> <span class='ocrx_word' id='word_1_306' title='bbox 1252 3427 1490 3490; x_wconf 91' lang='lat' dir='ltr'><strong>commemorant,</strong></span> 
     </span>
     <span class='ocr_line' id='line_1_36' title="bbox 243 3504 1492 3585; baseline -0.001 -21"><span class='ocrx_word' id='word_1_307' title='bbox 243 3516 273 3563; x_wconf 91' lang='lat' dir='ltr'><strong>at</strong></span> <span class='ocrx_word' id='word_1_308' title='bbox 296 3515 397 3564; x_wconf 88' lang='lat' dir='ltr'><strong>contra</strong></span> <span class='ocrx_word' id='word_1_309' title='bbox 420 3507 508 3583; x_wconf 89' lang='lat' dir='ltr'><strong>plerra</strong></span> <span class='ocrx_word' id='word_1_310' title='bbox 531 3517 599 3564; x_wconf 88' lang='lat' dir='ltr'><strong>suut</strong></span> <span class='ocrx_word' id='word_1_311' title='bbox 622 3504 757 3564; x_wconf 89' lang='lat' dir='ltr'><strong>melodiis</strong></span> <span class='ocrx_word' id='word_1_312' title='bbox 781 3508 958 3565; x_wconf 90' lang='lat' dir='ltr'><strong>tristissimis</strong></span> <span class='ocrx_word' id='word_1_313' title='bbox 976 3507 1134 3585; x_wconf 78' lang='lat' dir='ltr'><strong>verbisque</strong></span> <span class='ocrx_word' id='word_1_314' title='bbox 1147 3508 1264 3574; x_wconf 88' lang='lat' dir='ltr'><strong>amaris,</strong></span> <span class='ocrx_word' id='word_1_315' title='bbox 1280 3505 1385 3583; x_wconf 85' lang='lat' dir='ltr'><strong>quibus</strong></span> <span class='ocrx_word' id='word_1_316' title='bbox 1402 3504 1492 3563; x_wconf 90' lang='lat' dir='ltr'><strong>liber-</strong></span> 
     </span>
     <span class='ocr_line' id='line_1_37' title="bbox 243 3591 1490 3670; baseline 0.001 -21"><span class='ocrx_word' id='word_1_317' title='bbox 243 3593 314 3650; x_wconf 86' lang='lat' dir='ltr'><strong>tatis</strong></span> <span class='ocrx_word' id='word_1_318' title='bbox 344 3595 495 3650; x_wconf 89' lang='lat' dir='ltr'><strong>interitum</strong></span> <span class='ocrx_word' id='word_1_319' title='bbox 536 3591 775 3670; x_wconf 88' lang='lat' dir='ltr'><strong>proditorumque</strong></span> <span class='ocrx_word' id='word_1_320' title='bbox 813 3593 969 3652; x_wconf 85' lang='lat' dir='ltr'><strong>infamiam</strong></span> <span class='ocrx_word' id='word_1_321' title='bbox 1003 3593 1167 3670; x_wconf 88' lang='lat' dir='ltr'><strong>deplorant.</strong></span> <span class='ocrx_word' id='word_1_322' title='bbox 1206 3593 1361 3652; x_wconf 86' lang='lat' dir='ltr'><strong>Dalmatas</strong></span> <span class='ocrx_word' id='word_1_323' title='bbox 1401 3592 1490 3670; x_wconf 82' lang='lat'>(181)</span> 
     </span>
     <span class='ocr_line' id='line_1_38' title="bbox 244 3678 1494 3758; baseline 0.001 -22"><span class='ocrx_word' id='word_1_324' title='bbox 244 3681 345 3755; x_wconf 85' lang='lat' dir='ltr'><strong>iugum</strong></span> <span class='ocrx_word' id='word_1_325' title='bbox 368 3679 530 3736; x_wconf 72' lang='lat' dir='ltr'><strong>Tuscorum</strong></span> <span class='ocrx_word' id='word_1_326' title='bbox 553 3679 720 3756; x_wconf 89' lang='lat' dir='ltr'><strong>appetiisse,</strong></span> <span class='ocrx_word' id='word_1_327' title='bbox 744 3691 775 3736; x_wconf 91' lang='lat' dir='ltr'><strong>ut</strong></span> <span class='ocrx_word' id='word_1_328' title='bbox 799 3701 817 3738; x_wconf 91' lang='lat' dir='ltr'><strong>a</strong></span> <span class='ocrx_word' id='word_1_329' title='bbox 851 3681 1030 3758; x_wconf 78' lang='lat' dir='ltr'><strong>,papistico“</strong></span> <span class='ocrx_word' id='word_1_330' title='bbox 1066 3700 1097 3738; x_wconf 87' lang='lat' dir='ltr'><strong>se</strong></span> <span class='ocrx_word' id='word_1_331' title='bbox 1128 3678 1289 3737; x_wconf 89' lang='lat' dir='ltr'><strong>liberarent</strong></span> <span class='ocrx_word' id='word_1_332' title='bbox 1318 3680 1415 3738; x_wconf 86' lang='lat' dir='ltr'><strong>nullus</strong></span> <span class='ocrx_word' id='word_1_333' title='bbox 1437 3699 1494 3737; x_wconf 91' lang='lat' dir='ltr'><strong>nn·</strong></span> 
     </span>
     <span class='ocr_line' id='line_1_39' title="bbox 243 3765 1492 3844; baseline 0.002 -22"><span class='ocrx_word' id='word_1_334' title='bbox 243 3784 333 3843; x_wconf 86' lang='lat' dir='ltr'><strong>quam</strong></span> <span class='ocrx_word' id='word_1_335' title='bbox 358 3765 514 3824; x_wconf 89' lang='lat' dir='ltr'><strong>historicus</strong></span> <span class='ocrx_word' id='word_1_336' title='bbox 537 3765 683 3823; x_wconf 88' lang='lat' dir='ltr'><strong>allirmare</strong></span> <span class='ocrx_word' id='word_1_337' title='bbox 707 3775 811 3843; x_wconf 89' lang='lat' dir='ltr'><strong>potest.</strong></span> <span class='ocrx_word' id='word_1_338' title='bbox 833 3766 975 3824; x_wconf 86' lang='lat' dir='ltr'><strong>Lebedev</strong></span> <span class='ocrx_word' id='word_1_339' title='bbox 998 3769 1088 3844; x_wconf 82' lang='lat' dir='ltr'><strong>igitur</strong></span> <span class='ocrx_word' id='word_1_340' title='bbox 1110 3767 1167 3824; x_wconf 93' lang='lat' dir='ltr'><strong>hac</strong></span> <span class='ocrx_word' id='word_1_341' title='bbox 1190 3768 1222 3824; x_wconf 94' lang='lat' dir='ltr'><strong>in</strong></span> <span class='ocrx_word' id='word_1_342' title='bbox 1245 3785 1284 3836; x_wconf 91' lang='lat' dir='ltr'><strong>re,</strong></span> <span class='ocrx_word' id='word_1_343' title='bbox 1315 3787 1391 3844; x_wconf 90' lang='lat' dir='ltr'><strong>quae</strong></span> <span class='ocrx_word' id='word_1_344' title='bbox 1414 3775 1492 3824; x_wconf 88' lang='lat' dir='ltr'><strong>cete·</strong></span> 
     </span>
     <span class='ocr_line' id='line_1_40' title="bbox 245 3851 1493 3933; baseline 0.001 -24"><span class='ocrx_word' id='word_1_345' title='bbox 245 3854 350 3931; x_wconf 88' lang='lat' dir='ltr'><strong>roquiu</strong></span> <span class='ocrx_word' id='word_1_346' title='bbox 373 3851 410 3910; x_wconf 90' lang='lat' dir='ltr'><strong>ad</strong></span> <span class='ocrx_word' id='word_1_347' title='bbox 433 3853 613 3929; x_wconf 89' lang='lat' dir='ltr'><strong>propositum</strong></span> <span class='ocrx_word' id='word_1_348' title='bbox 636 3854 699 3910; x_wconf 88' lang='lat' dir='ltr'><strong>eius</strong></span> <span class='ocrx_word' id='word_1_349' title='bbox 721 3853 822 3910; x_wconf 80' lang='lat' dir='ltr'><strong>stricte</strong></span> <span class='ocrx_word' id='word_1_350' title='bbox 845 3872 903 3912; x_wconf 92' lang='lat' dir='ltr'><strong>non</strong></span> <span class='ocrx_word' id='word_1_351' title='bbox 923 3856 1058 3931; x_wconf 89' lang='lat' dir='ltr'><strong>pertinet,</strong></span> <span class='ocrx_word' id='word_1_352' title='bbox 1082 3873 1229 3933; x_wconf 87' lang='lat' dir='ltr'><strong>quamque</strong></span> <span class='ocrx_word' id='word_1_353' title='bbox 1251 3855 1372 3911; x_wconf 90' lang='lat' dir='ltr'><strong>omnino</strong></span> <span class='ocrx_word' id='word_1_354' title='bbox 1397 3855 1493 3931; x_wconf 87' lang='lat' dir='ltr'><strong>potnit</strong></span> 
     </span>
     <span class='ocr_line' id='line_1_41' title="bbox 246 3937 1493 4016; baseline 0.001 -19"><span class='ocrx_word' id='word_1_355' title='bbox 246 3941 389 4009; x_wconf 86' lang='lat' dir='ltr'><strong>omittere,</strong></span> <span class='ocrx_word' id='word_1_356' title='bbox 413 3937 487 3996; x_wconf 82' lang='lat' dir='ltr'><strong>falso</strong></span> <span class='ocrx_word' id='word_1_357' title='bbox 510 3937 629 4009; x_wconf 87' lang='lat' dir='ltr'><strong>iudicat,</strong></span> <span class='ocrx_word' id='word_1_358' title='bbox 652 3937 747 3996; x_wconf 87' lang='lat' dir='ltr'><strong>fontes</strong></span> <span class='ocrx_word' id='word_1_359' title='bbox 772 3941 881 4016; x_wconf 90' lang='lat' dir='ltr'><strong>primos</strong></span> <span class='ocrx_word' id='word_1_360' title='bbox 904 3943 1052 4016; x_wconf 82' lang='lat' dir='ltr'><strong>ignorans,</strong></span> <span class='ocrx_word' id='word_1_361' title='bbox 1083 3938 1266 3998; x_wconf 87' lang='lat' dir='ltr'><strong>secundariis</strong></span> <span class='ocrx_word' id='word_1_362' title='bbox 1289 3941 1379 3998; x_wconf 91' lang='lat' dir='ltr'><strong>nimis</strong></span> <span class='ocrx_word' id='word_1_363' title='bbox 1402 3940 1493 3998; x_wconf 86' lang='lat' dir='ltr'><strong>confi-</strong></span> 
     </span>
     <span class='ocr_line' id='line_1_42' title="bbox 242 4022 1492 4086; baseline 0.002 -3"><span class='ocrx_word' id='word_1_364' title='bbox 242 4025 329 4084; x_wconf 87' lang='lat' dir='ltr'><strong>dens.</strong></span> <span class='ocrx_word' id='word_1_365' title='bbox 352 4023 462 4084; x_wconf 79' lang='lat' dir='ltr'><strong>Odium</strong></span> <span class='ocrx_word' id='word_1_366' title='bbox 493 4022 672 4084; x_wconf 80' lang='lat' dir='ltr'><strong>Graecorum</strong></span> <span class='ocrx_word' id='word_1_367' title='bbox 702 4035 803 4084; x_wconf 85' lang='lat' dir='ltr'><strong>centra</strong></span> <span class='ocrx_word' id='word_1_368' title='bbox 834 4027 1030 4086; x_wconf 79' lang='lat' dir='ltr'><strong>Occidentem</strong></span> <span class='ocrx_word' id='word_1_369' title='bbox 1060 4025 1240 4085; x_wconf 88' lang='lat' dir='ltr'><strong>catholicum</strong></span> <span class='ocrx_word' id='word_1_370' title='bbox 1270 4028 1363 4086; x_wconf 87' lang='lat' dir='ltr'><strong>etiarn</strong></span> <span class='ocrx_word' id='word_1_371' title='bbox 1394 4027 1492 4085; x_wconf 71' lang='lat' dir='ltr'><strong>b&#39;laris</strong></span> 
     </span>
     <span class='ocr_line' id='line_1_43' title="bbox 247 4111 1493 4190; baseline 0.001 -20"><span class='ocrx_word' id='word_1_372' title='bbox 247 4111 413 4190; x_wconf 88' lang='lat' dir='ltr'><strong>imputandi</strong></span> <span class='ocrx_word' id='word_1_373' title='bbox 446 4112 558 4170; x_wconf 89' lang='lat' dir='ltr'><strong>nullum</strong></span> <span class='ocrx_word' id='word_1_374' title='bbox 581 4123 626 4170; x_wconf 89' lang='lat' dir='ltr'><strong>est</strong></span> <span class='ocrx_word' id='word_1_375' title='bbox 648 4111 896 4188; x_wconf 68' lang='lat' dir='ltr'><strong>fundamentum,</strong></span> <span class='ocrx_word' id='word_1_376' title='bbox 921 4115 1004 4172; x_wconf 84' lang='lat' dir='ltr'><strong>Slavi</strong></span> <span class='ocrx_word' id='word_1_377' title='bbox 1027 4116 1101 4172; x_wconf 87' lang='lat' dir='ltr'><strong>ritus</strong></span> <span class='ocrx_word' id='word_1_378' title='bbox 1123 4113 1276 4172; x_wconf 89' lang='lat' dir='ltr'><strong>orientalis</strong></span> <span class='ocrx_word' id='word_1_379' title='bbox 1299 4123 1402 4172; x_wconf 90' lang='lat' dir='ltr'><strong>eontra</strong></span> <span class='ocrx_word' id='word_1_380' title='bbox 1417 4116 1493 4171; x_wconf 89' lang='lat' dir='ltr'><strong>occi-</strong></span> 
     </span>
     <span class='ocr_line' id='line_1_44' title="bbox 242 4197 1493 4277; baseline 0 -19"><span class='ocrx_word' id='word_1_381' title='bbox 242 4197 365 4258; x_wconf 89' lang='lat' dir='ltr'><strong>dentem</strong></span> <span class='ocrx_word' id='word_1_382' title='bbox 389 4199 567 4256; x_wconf 89' lang='lat' dir='ltr'><strong>catholicum</strong></span> <span class='ocrx_word' id='word_1_383' title='bbox 598 4219 747 4276; x_wconf 90' lang='lat' dir='ltr'><strong>nunquam</strong></span> <span class='ocrx_word' id='word_1_384' title='bbox 779 4198 879 4257; x_wconf 90' lang='lat' dir='ltr'><strong>odium</strong></span> <span class='ocrx_word' id='word_1_385' title='bbox 908 4199 983 4258; x_wconf 93' lang='lat' dir='ltr'><strong>illnd</strong></span> <span class='ocrx_word' id='word_1_386' title='bbox 1013 4200 1162 4271; x_wconf 80' lang='lat' dir='ltr'><strong>fovebant,</strong></span> <span class='ocrx_word' id='word_1_387' title='bbox 1190 4199 1268 4277; x_wconf 92' lang='lat' dir='ltr'><strong>quod</strong></span> <span class='ocrx_word' id='word_1_388' title='bbox 1292 4200 1408 4263; x_wconf 82' lang='lat' dir='ltr'><strong>Graeci.</strong></span> <span class='ocrx_word' id='word_1_389' title='bbox 1439 4203 1493 4258; x_wconf 82' lang='lat' dir='ltr'><strong>etsi</strong></span> 
     </span>
     <span class='ocr_line' id='line_1_45' title="bbox 244 4283 1496 4362; baseline 0.001 -19"><span class='ocrx_word' id='word_1_390' title='bbox 244 4283 356 4344; x_wconf 81' lang='lat' dir='ltr'><strong>Graeci</strong></span> <span class='ocrx_word' id='word_1_391' title='bbox 378 4284 513 4344; x_wconf 89' lang='lat' dir='ltr'><strong>omnibus</strong></span> <span class='ocrx_word' id='word_1_392' title='bbox 536 4285 631 4344; x_wconf 87' lang='lat' dir='ltr'><strong>modis</strong></span> <span class='ocrx_word' id='word_1_393' title='bbox 654 4285 753 4344; x_wconf 90' lang='lat' dir='ltr'><strong>odium</strong></span> <span class='ocrx_word' id='word_1_394' title='bbox 775 4285 855 4344; x_wconf 91' lang='lat' dir='ltr'><strong>idem</strong></span> <span class='ocrx_word' id='word_1_395' title='bbox 879 4288 978 4345; x_wconf 71' lang='lat' dir='ltr'><strong>b&#39;laris</strong></span> <span class='ocrx_word' id='word_1_396' title='bbox 1000 4307 1061 4346; x_wconf 88' lang='lat' dir='ltr'><strong>una</strong></span> <span class='ocrx_word' id='word_1_397' title='bbox 1083 4307 1149 4344; x_wconf 91' lang='lat' dir='ltr'><strong>cum</strong></span> <span class='ocrx_word' id='word_1_398' title='bbox 1172 4291 1229 4344; x_wconf 89' lang='lat' dir='ltr'><strong>ritu</strong></span> <span class='ocrx_word' id='word_1_399' title='bbox 1242 4307 1347 4362; x_wconf 85' lang='lat' dir='ltr'><strong>graeco</strong></span> <span class='ocrx_word' id='word_1_400' title='bbox 1365 4290 1496 4345; x_wconf 88' lang='lat' dir='ltr'><strong>inserere</strong></span> 
     </span>
    </p>
   </div>
   <div class='ocr_carea' id='block_1_3' title="bbox 244 4369 1498 4713">
    <p class='ocr_par' dir='ltr' id='par_1_3' title="bbox 244 4369 1496 4453">
     <span class='ocr_line' id='line_1_46' title="bbox 244 4369 1496 4453; baseline 0.001 -22"><span class='ocrx_word' id='word_1_401' title='bbox 244 4371 428 4431; x_wconf 85' lang='lat' dir='ltr'><strong>conabantur</strong></span> <span class='ocrx_word' id='word_1_402' title='bbox 450 4371 499 4448; x_wconf 85' lang='lat' dir='ltr'><strong>(cf.</strong></span> <span class='ocrx_word' id='word_1_403' title='bbox 523 4371 722 4448; x_wconf 82' lang='lat' dir='ltr'><strong>Golubinskij,</strong></span> <span class='ocrx_word' id='word_1_404' title='bbox 746 4373 866 4448; x_wconf 86' lang='lat' dir='ltr'><strong>lstorija</strong></span> <span class='ocrx_word' id='word_1_405' title='bbox 888 4373 1002 4450; x_wconf 86' lang='lat' dir='ltr'><strong>russkoj</strong></span> <span class='ocrx_word' id='word_1_406' title='bbox 1029 4374 1139 4433; x_wconf 77' lang='lat' dir='ltr'><strong>Oerlrri</strong></span> <span class='ocrx_word' id='word_1_407' title='bbox 1156 4369 1212 4445; x_wconf 80' lang='lat'><strong>11²,</strong></span> <span class='ocrx_word' id='word_1_408' title='bbox 1229 4377 1257 4445; x_wconf 78' lang='lat'><strong>2,</strong></span> <span class='ocrx_word' id='word_1_409' title='bbox 1269 4395 1317 4452; x_wconf 89' lang='lat' dir='ltr'><strong>pg.</strong></span> <span class='ocrx_word' id='word_1_410' title='bbox 1329 4377 1392 4434; x_wconf 82' lang='lat'><strong>804</strong></span> <span class='ocrx_word' id='word_1_411' title='bbox 1409 4374 1496 4453; x_wconf 81' lang='lat' dir='ltr'><strong>sqq).</strong></span> 
     </span>
    </p>

    <p class='ocr_par' dir='ltr' id='par_1_4' title="bbox 246 4457 1498 4713">
     <span class='ocr_line' id='line_1_47' title="bbox 351 4457 1497 4539; baseline 0.003 -23"><span class='ocrx_word' id='word_1_412' title='bbox 351 4459 465 4517; x_wconf 83' lang='lat' dir='ltr'><strong>Auctor</strong></span> <span class='ocrx_word' id='word_1_413' title='bbox 485 4461 592 4518; x_wconf 88' lang='lat' dir='ltr'><strong>transit</strong></span> <span class='ocrx_word' id='word_1_414' title='bbox 614 4457 653 4518; x_wconf 91' lang='lat' dir='ltr'><strong>ad</strong></span> <span class='ocrx_word' id='word_1_415' title='bbox 676 4460 887 4518; x_wconf 90' lang='lat' dir='ltr'><strong>accuratiorem</strong></span> <span class='ocrx_word' id='word_1_416' title='bbox 917 4462 1009 4538; x_wconf 90' lang='lat' dir='ltr'><strong>ipsius</strong></span> <span class='ocrx_word' id='word_1_417' title='bbox 1039 4461 1254 4539; x_wconf 88' lang='lat' dir='ltr'><strong>patriarchatus</strong></span> <span class='ocrx_word' id='word_1_418' title='bbox 1286 4461 1497 4520; x_wconf 86' lang='lat' dir='ltr'><strong>Constantino·</strong></span> 
     </span>
     <span class='ocr_line' id='line_1_48' title="bbox 247 4544 1498 4624; baseline 0.002 -20"><span class='ocrx_word' id='word_1_419' title='bbox 247 4545 372 4623; x_wconf 90' lang='lat' dir='ltr'><strong>politani</strong></span> <span class='ocrx_word' id='word_1_420' title='bbox 396 4544 624 4624; x_wconf 87' lang='lat' dir='ltr'><strong>descriptionem</strong></span> <span class='ocrx_word' id='word_1_421' title='bbox 648 4545 854 4624; x_wconf 78' lang='lat' dir='ltr'><strong>(sse-376).</strong></span> <span class='ocrx_word' id='word_1_422' title='bbox 886 4547 1032 4606; x_wconf 85' lang='lat' dir='ltr'><strong>Accnrate</strong></span> <span class='ocrx_word' id='word_1_423' title='bbox 1055 4557 1083 4606; x_wconf 90' lang='lat' dir='ltr'><strong>et</strong></span> <span class='ocrx_word' id='word_1_424' title='bbox 1107 4567 1217 4624; x_wconf 87' lang='lat' dir='ltr'><strong>magna</strong></span> <span class='ocrx_word' id='word_1_425' title='bbox 1239 4550 1303 4606; x_wconf 88' lang='lat' dir='ltr'><strong>acie</strong></span> <span class='ocrx_word' id='word_1_426' title='bbox 1326 4549 1429 4606; x_wconf 90' lang='lat' dir='ltr'><strong>critica</strong></span> <span class='ocrx_word' id='word_1_427' title='bbox 1452 4551 1498 4606; x_wconf 93' lang='lat' dir='ltr'><strong>in-</strong></span> 
     </span>
     <span class='ocr_line' id='line_1_49' title="bbox 246 4631 1498 4713; baseline 0.002 -23"><span class='ocrx_word' id='word_1_428' title='bbox 246 4635 339 4711; x_wconf 86' lang='lat' dir='ltr'><strong>quirit</strong></span> <span class='ocrx_word' id='word_1_429' title='bbox 354 4635 385 4690; x_wconf 94' lang='lat' dir='ltr'><strong>in</strong></span> <span class='ocrx_word' id='word_1_430' title='bbox 402 4631 555 4692; x_wconf 90' lang='lat' dir='ltr'><strong>historiam</strong></span> <span class='ocrx_word' id='word_1_431' title='bbox 574 4632 612 4692; x_wconf 90' lang='lat' dir='ltr'><strong>de</strong></span> <span class='ocrx_word' id='word_1_432' title='bbox 623 4634 768 4692; x_wconf 89' lang='lat' dir='ltr'><strong>electione</strong></span> <span class='ocrx_word' id='word_1_433' title='bbox 784 4632 935 4691; x_wconf 72' lang='lat' dir='ltr'><strong>(lennadii</strong></span> <span class='ocrx_word' id='word_1_434' title='bbox 952 4635 1099 4693; x_wconf 79' lang='lat' dir='ltr'><strong>Scholarii</strong></span> <span class='ocrx_word' id='word_1_435' title='bbox 1115 4637 1148 4692; x_wconf 93' lang='lat' dir='ltr'><strong>in</strong></span> <span class='ocrx_word' id='word_1_436' title='bbox 1159 4634 1361 4712; x_wconf 88' lang='lat' dir='ltr'><strong>patriarcham</strong></span> <span class='ocrx_word' id='word_1_437' title='bbox 1373 4633 1498 4713; x_wconf 88' lang='lat' dir='ltr'><strong>(primus</strong></span> 
     </span>
    </p>
   </div>
   <div class='ocr_carea' id='block_1_4' title="bbox 0 0 1754 5332">
    <p class='ocr_par' dir='ltr' id='par_1_5' title="bbox 0 0 1754 5332">
     <span class='ocr_line' id='line_1_50' title="bbox 0 0 1754 5332; baseline 0 0"><span class='ocrx_word' id='word_1_438' title='bbox 0 0 1754 5332; x_wconf 95' lang='lat' dir='ltr'><strong> </strong></span> 
     </span>
    </p>
   </div>
  </div>
 </body>
</html>
