3450 5342
748 423 919 476 ...19-

313 610 451 688 Denique
489 610 613 670 articulo
644 611 712 668 Vll.
743 614 792 689 qui
824 627 869 670 est
903 613 967 677 ,tra
998 614 1237 689 genealogiarum
1276 617 1453 695 axiopistia'*

198 696 313 776 probat
343 696 494 756 Christum
518 717 621 756 revera
644 718 662 756 a
684 697 785 757 David
809 710 903 758 ortum
927 719 1000 773 esse,
1031 701 1237 778 genealogiam
1260 703 1295 760 B.
1317 703 1354 760 l'.
1377 703 1456 762 faeili

203 785 329 861 negotio
353 785 523 844 conservari
553 787 691 864 potuisse,
721 784 829 844 libmm
860 790 1084 864 generationum
1106 797 1136 846 et
1159 788 1236 867 apud
1259 790 1304 846 Mt
1327 800 1356 849 ot
1379 791 1457 869 apud

202 871 260 929 Me
291 891 356 929 curn
388 872 554 948 evangeliis
584 874 656 952 ipsis
686 875 812 952 primurn
843 875 921 932 ibrus
952 873 1052 932 datum
1083 894 1155 946 esse,
1186 876 1382 954 opinionibus,
1404 899 1459 954 pro

200 958 316 1038 quibus
339 959 438 1018 Resch
469 957 834 1037 (Kindheitsevangelium
857 961 929 1039 Lpz.
955 963 1050 1039 1897)
1081 963 1186 1038 ltuegq
1208 975 1237 1020 et
1259 964 1325 1021 Birt
1345 964 1402 1021 hae
1425 967 1457 1023 in

198 1067 237 1105 re
261 1054 457 1126 propugnant,
480 1048 607 1125 spatium
631 1049 662 1106 in
684 1046 761 1106 libro
784 1069 835 1107 suo
858 1069 918 1106 non
940 1047 1112 1108 concedens.

312 1133 361 1191 Ad
390 1135 646 1192 commentationis
680 1133 789 1192 calcem
814 1145 915 1194 auctor
947 1135 1127 1194 orthodoxus
1152 1145 1267 1195 aeratam
1302 1139 1453 1196 criticismi

198 1219 310 1278 biblici
334 1241 486 1279 censuram
512 1219 620 1278 adiecit
644 1220 793 1280 diversum
817 1222 944 1288 modum,
979 1244 1037 1301 quo
1059 1221 1097 1281 ad
1120 1221 1225 1281 eadem
1248 1243 1364 1302 sempor
1385 1245 1455 1283 con-

197 1307 341 1378 tendunt,
358 1310 400 1366 sie
422 1309 637 1388 perstringens:
662 1309 760 1366 Antea
776 1308 935 1382 negabant,
959 1331 1036 1368 nuuc
1059 1310 1216 1368 affirmant.
1239 1310 1360 1369 Pridem
1377 1310 1456 1369 diee-

198 1393 300 1454 bant:
325 1395 510 1474 superfluum,
534 1393 740 1462 adulterinum,
774 1417 790 1454 a
814 1395 872 1454 lide
896 1396 1068 1456 abhorrens:
1093 1419 1169 1456 nune
1193 1407 1338 1476 quaerunt
1360 1400 1457 1475 magis

197 1484 381 1551 neeessaria,
405 1484 528 1552 veriora,
551 1481 609 1540 fide
626 1481 769 1558 digniora.
793 1483 851 1540 Pro
875 1483 1043 1542 nominibus
1071 1506 1148 1545 „nou
1171 1485 1372 1563 apostolicum,
1395 1506 1455 1544 nou

194 1568 335 1627 Christe
378 1571 436 1627 iam
476 1567 655 1628 substituunt
697 1572 1021 1648 ,proto-apostolieum
1052 1585 1080 1628 et
1113 1572 1454 1649 proto-christianum:

201 1655 338 1734 denique
361 1659 442 1734 prius
473 1655 583 1714 directe
607 1656 756 1733 negabant
787 1677 863 1735 quae
887 1668 962 1723 sunt,
997 1678 1074 1716 urruc
1097 1658 1200 1716 eadem
1231 1668 1342 1734 negant
1364 1679 1454 1736 quae-

196 1755 312 1814 rentes,
343 1763 418 1820 quae
450 1763 508 1801 nou
539 1753 614 1802 sunt.
656 1741 817 1826 (llpeurue
840 1764 1169 1827 ‹rrprrn2a111‚rent·p1›
1191 1763 1453 1830 yraepfflaro'rffi.

178 1837 181 1846 ’
195 1827 255 1890 Ba
269 1849 419 1915 craprruy
433 1849 613 1912 receptura:
627 1849 799 1915 rrerrp'aerre,
811 1851 1040 1911 meliorantium,
1052 1835 1317 1914 beauchampium
1329 1851 1453 1916 'senepa

192 1935 327 2002 nmy'r'h
367 1935 652 2001 essepxaryacuurm
695 1937 1036 2000 eratum-nouaterritare,
1078 1923 1460 2001 eaepx-urwroalslnrutro.

196 1999 340 2064 Barbare
378 2022 685 2064 Ht‘enocreabtltarc
730 2025 750 2064 rr
789 2025 999 2088 rrexprreroaa
1036 2010 1138 2066 rrbrub
1172 2023 1454 2066 eocaenofflanrra,

192 2109 550 2174 nepaeunocnoabertee
577 2109 599 2150 Π
622 2110 902 2174 nepaoxpncuoee,
932 2112 1070 2174 interrae:
1108 2111 1244 2175 irpearae
1266 2111 1379 2174 aparte
1400 2113 1454 2152 er-

192 2197 336 2260 prruanrr
360 2197 408 2257 ne,
431 2197 492 2237 uro
515 2197 601 2255 cera,
631 2215 673 2222 -
704 2197 720 2236 a
745 2198 868 2260 'renepa
891 2199 1093 2261 o'rpuuaur'rn,
1116 2199 1174 2240 ere
1196 2198 1453 2262 noepeueruonffi

196 2262 348 2326 inmania
371 2284 450 2324 rore
474 2268 555 2324 uere*
574 2268 676 2325 rrlrra
701 2287 727 2343 p.
754 2266 835 2339 tete.)

307 2353 452 2430 Aequitas
476 2371 571 2428 neque
600 2372 709 2410 naevos
739 2352 866 2429 quodam
890 2351 957 2408 libri
980 2351 1068 2409 celari
1093 2352 1234 2410 concedit.
1259 2351 1306 2410 Ad
1331 2371 1450 2410 accura-

192 2440 312 2496 tionem
344 2441 375 2496 in
406 2437 574 2496 scientificis
606 2437 691 2496 rebus
726 2459 795 2496 errae
827 2441 963 2517 parturiet.
1003 2441 1134 2496 criticum
1170 2461 1227 2497 non
1262 2439 1384 2498 haerere
1418 2441 1450 2498 in

192 2525 374 2583 discrimine
412 2527 490 2582 iuter
526 2524 705 2603 theolegiam
740 2525 932 2584 ortlnrdoxaru
973 2527 1129 2584 lr'assoruur
1168 2535 1197 2583 et
1234 2525 1450 2586 occidentalem

193 2611 346 2682 faciendo,
381 2611 433 2669 sed
468 2613 658 2670 criticismurn
693 2633 843 2682 vesanum,
871 2615 921 2690 spui
948 2614 1026 2670 iuter
1059 2616 1238 2671 Germaniae
1262 2614 1449 2691 potissimum

192 2707 396 2778 protestantes
433 2709 590 2776 grassatur.
629 2721 646 2756 a
683 2701 783 2757 eritica
821 2699 1031 2758 catholicorum
1073 2719 1146 2757 ¹sana
1182 2699 1272 2778 probe
1309 2699 1447 2758 discerni.
1487 2769 1493 2779 .

193 2787 358 2844 Praeterea
382 2785 589 2844 scholasticam
622 2786 782 2844 stadiorum
807 2789 948 2844 rationem
984 2789 1105 2864 aequius
1136 2789 1292 2860 aestimare
1322 2789 1450 2866 scriptor

193 2875 294 2951 potuit
317 2873 356 2948 (v.
380 2894 407 2950 p.
435 2871 1122 2949 126,138.)'Novanecsatistianavidemur
1144 2895 1217 2938 esse,
1244 2895 1319 2951 (pirae
1342 2895 1370 2952 p.
1396 2875 1446 2931 12.

192 2968 352 3020 occurrunt
374 2958 411 3016 de
434 2971 572 3036 tempore,
596 2981 653 3038 qao
677 2983 697 3016 s.
731 2960 897 3018 Matthaeus
935 2961 1122 3033 ‹warrgeliurn
1157 2963 1315 3039 scripserit.
1338 2959 1443 3018 'luadi-

192 3049 286 3106 tionis
310 3047 452 3122 sull'ragio
469 3053 549 3104 caret
571 3049 672 3124 opinio
695 3047 790 3120 legem
821 3047 856 3104 de
888 3050 1072 3106 streeessiene
1095 3047 1221 3104 tiliarum
1244 3047 1282 3105 ad
1311 3048 1445 3120 Mariam,

191 3133 329 3192 Ioacbim
363 3135 419 3190 viri
453 3132 593 3191 ditissimi
627 3130 667 3213 (Pl
702 3135 793 3192 liliam
840 3137 1023 3211 pertinuisse,
1059 3132 1098 3211 (sp
1124 3132 1206 3206 ltltl.)
1229 3133 1383 3209 Quaedam
1406 3133 1444 3191 de

199 3219 368 3293 ,Tuledotlr
391 3221 496 3277 lein&
524 3219 697 3298 corrigenda
720 3243 783 3278 esse
808 3234 908 3278 erutor
924 3224 985 3298 ipse
1002 3223 1031 3276 iu
1057 3221 1115 3277 line
1149 3221 1327 3298 ‹excrnplaris
1352 3223 1441 3278 nostri

195 3309 312 3366 monuit
337 3307 376 3384 (p.
400 3309 429 3366 8.
453 3310 502 3364 te.
528 3308 597 3366 loe.
624 3312 693 3366 tue.
720 3311 788 3365 tre.
815 3311 884 3368 lert.
912 3310 978 3368 128.
1005 3309 1074 3364 1:37.
1100 3304 1181 3384 lte.)

1193 3387 1227 3452 C.
1260 3387 1397 3453 Vetera.

299 3583 565 3650 hordeaceorum
590 3585 798 3650 terrorum-u.
831 3595 976 3663 (laudus
995 3595 1211 3665 theologicus.)
1231 3596 1306 3649 1905.
1325 3591 1442 3662 Aprilis

192 3693 226 3704 -
247 3668 296 3720 Au
321 3673 422 3722 ustus.

298 3683 334 3792 §a
355 3737 562 3807 Kapterev:
580 3739 687 3791 llneera
708 3737 893 3805 rurrpiapraaa
909 3755 923 3788 u
939 3734 1150 3804 apxiepeirerrau
1171 3753 1210 3787 aa
1224 3731 1351 3803 :praeneti
1363 3734 1443 3802 Pyca

194 3821 233 3857 a‘s
254 3825 315 3860 aaa
341 3808 508 3862 curreureuiu
537 3826 576 3860 aa
598 3825 702 3860 aruerit
726 3804 856 3875 rrrrpcueir
882 3824 901 3860 u
926 3823 965 3857 aa
990 3822 1202 3874 reprimerentur
1226 3821 1440 3874 ,ryxoaeuerep

194 3872 339 3930 Potestas
373 3875 589 3946 patriarchalis
621 3887 650 3931 et
681 3875 955 3944 aratriepiseopalis
983 3875 1129 3944 antiquae
1159 3875 1290 3928 Russiae
1318 3872 1350 3927 iu
1380 3888 1442 3928 sua

195 3943 343 4000 relatione
368 3947 406 4001 ad
437 3951 621 4016 potestatem
648 3945 841 4015 imperialem
869 3945 955 4000 etad
976 3944 1088 3998 clerium
1115 3947 1266 3998 curatum.
1286 3943 1353 4008 (Ne.
1372 3943 1388 3996 l
1407 3948 1441 3997 et

193 4014 218 4076 5,
239 4029 268 4082 p.
281 4017 436 4082 657-6903
458 4015 777 4080 11.27—ct.)-111is,
797 4013 851 4084 qori
872 4013 932 4068 sibi
951 4029 967 4067 a
988 4017 1162 4068 restaurata
1178 4011 1329 4082 dignitate
1349 4012 1435 4081 patri·

194 4083 308 4138 archali
335 4085 513 4154 ampliatam
540 4085 753 4140 auctoritatem
780 4084 962 4152 pollicentur
989 4082 1205 4151 maioremque
1230 4081 1376 4136 eeclesiae
1394 4080 1444 4135 in·-

194 4149 313 4208 tluxum
354 4153 385 4209 in
414 4153 533 4209 civilem
563 4171 597 4208 ae
625 4154 810 4209 nationalem
841 4153 936 4207 vitam
967 4151 1127 4218 russicam,
1162 4152 1317 4220 Kapterev
1348 4151 1441 4231 breui

194 4229 361 4293 conspectu
392 4223 604 4294 patriarchalis
632 4221 794 4292 dignitatis
830 4222 968 4277 russieae
998 4221 1181 4290 respondet:
1218 4221 1435 4289 Primoprirnts

195 4289 293 4346 solnm
316 4293 504 4348 christianae
524 4293 656 4348 Russiae
670 4292 862 4362 temporibus
877 4290 1025 4360 excepte,
1044 4306 1114 4346 curn
1136 4290 1281 4344 centralis
1295 4294 1436 4370 potestas

195 4362 464 4418 secularis‘adlruo
483 4363 606 4418 deesset
626 4370 656 4418 et
680 4377 749 4418 cunr
776 4361 973 4430 metropolita
1006 4361 1094 4415 serlus
1126 4359 1277 4414 unitatem
1305 4360 1440 4437 Russrae

195 4438 442 4501 repraesentans,
463 4433 686 4498 nominaretur,
713 4431 903 4486 iudicaretur
926 4438 955 4485 et
980 4431 1192 4498 deportaretur
1219 4427 1323 4483 aeolo
1342 4432 1437 4507 patrn-

195 4499 286 4556 archa
311 4501 648 4572 constantinopolitano
679 4533 708 4541 -
729 4502 875 4570 ornarat-'is
894 4500 973 4554 actio
991 4500 1023 4553 in
1043 4499 1193 4568 populum
1214 4502 1245 4552 et
1264 4500 1438 4552 auotoritas

196 4563 304 4626 horum
335 4571 476 4628 virorum
506 4571 690 4641 saepissime
719 4570 909 4625 Graecorum
935 4569 1060 4638 linguae
1080 4568 1213 4623 slavicae
1238 4567 1435 4648 ignarornm,

195 4635 374 4697 educatione
398 4647 429 4697 et
455 4641 597 4696 moribus
626 4655 643 4696 a
669 4641 783 4695 Russia
806 4639 978 4694 alienorum
1006 4638 1120 4708 exigua
1146 4642 1266 4692 tanturn
1288 4637 1383 4715 fuerit
1401 4664 1434 4715 7-

196 4711 336 4778 exceptis,
357 4711 494 4782 inquam,
521 4711 604 4766 hisee
630 4710 739 4778 primis
766 4708 971 4778 temporibus,
990 4707 1186 4776 metropolita
1208 4706 1438 4761 lloseorrensrs

245 4828 302 4874 Slar.
316 4833 356 4876 litt.
371 4833 439 4874 theol.
1264 4812 1278 4862 ⁴¹
