3450 5342
811 352 1005 405 -aae-

287 539 406 603 peccata
418 536 639 601 „redimanturt
659 536 801 601 Ceterum,
820 535 845 588 si
864 535 894 587 in
904 534 1000 588 Africa
1020 535 1087 587 talis
1106 534 1159 588 luit
1178 534 1341 601 disclplina‚
1359 538 1391 587 ut
1410 534 1533 601 relapsis

286 606 316 659 iu
341 607 484 673 quaedam
509 606 630 659 crimina
655 608 810 674 negaretur
827 620 897 657 usus
916 605 1050 671 clavium,
1078 604 1107 657 id
1126 608 1203 657 certe
1226 619 1283 657 non
1303 604 1466 671 pertinebat
1492 604 1533 657 ad

287 677 440 729 ecclesiam
458 676 633 728 universam.
653 674 694 728 Oi.
713 676 739 727 H
749 674 855 727 einri
867 690 881 727 c
892 675 919 737 h,
939 674 1041 743 Dogm.
1060 674 1156 727 Theol.
1175 675 1220 740 X„
1237 689 1264 740 p.
1283 674 1317 726 44
1335 690 1357 726 s.
1378 672 1406 745 (fi
1424 672 1495 739 562).

388 762 434 815 Ad
458 762 706 815 Clementem
731 762 838 814 Alea
857 762 1066 827 respondemus
1085 776 1150 814 cum
1175 761 1309 814 Callet
1333 760 1442 829 (Migne
1460 761 1478 812 l.
1497 776 1532 827 c,

286 833 338 885 cel.
356 830 420 898 695)
445 846 498 895 „ex
515 832 628 883 obiecto
652 835 733 889 textu
752 834 865 883 tantum
885 830 965 897 sequi
986 834 1150 897 suspectam
1170 831 1259 883 luisse
1277 830 1418 883 Clementi
1442 831 1533 883 conti·

285 916 374 955 uuam
399 905 581 967 peccatorum
609 904 639 953 et
662 900 904 967 poenitentiarum
924 900 1163 967 vicissitudinem,
1195 915 1251 953 non
1276 902 1374 953 nmen
1399 900 1533 952 absolute

287 970 423 1023 reiectam
442 972 480 1023 ab
498 985 533 1022 eo
551 969 758 1036 poenitentiam
777 970 944 1037 secundam,
964 968 994 1021 1⁰
1009 969 1077 1035 quia
1096 970 1170 1022 hauc
1184 970 1220 1022 de
1238 969 1314 1022 lacto
1334 969 1482 1036 supponit;
1499 972 1535 1021 ut

287 1040 357 1105 quid
381 1040 458 1093 euim
477 1039 670 1107 poenitentias
689 1039 744 1091 sibi
764 1038 888 1091 invicem
908 1040 1096 1092 succedentes
1114 1039 1270 1107 redarguit,
1299 1038 1323 1091 si
1343 1040 1396 1091 has
1415 1053 1534 1105 prorsus

288 1110 436 1177 ignoraret
453 1108 592 1163 ecclesia?
621 1108 652 1161 2⁰
670 1108 738 1174 quia
756 1108 863 1174 alioqui
883 1108 1043 1162 mortaliter
1061 1124 1240 1175 quocumque
1258 1109 1288 1161 in
1308 1122 1413 1177 genere
1432 1110 1534 1174 lapsus

287 1178 755 1315 tumqhmrnltvlit‘tli‘tl
780 1178 1224 1301 dtt⁰⁰atiitfgtt⁰rlilil⁸tii
1245 1176 1534 1300 listram

288 1263 387 1383 legiis
410 1318 449 1369 ad
467 1289 698 1383 poenitentiam.'
720 1264 837 1371 l'ruitra
861 1264 959 1371 iurem
978 1318 1059 1371 iuxta
1077 1318 1194 1371 eosdem
1213 1318 1314 1371 Patres
1332 1318 1409 1369 esset
1434 1317 1534 1383 poeni·

286 1388 386 1452 tentia,
404 1387 461 1439 nisi
480 1391 645 1453 speraretur
662 1386 772 1439 venia“.

389 1474 435 1526 Ad
453 1474 756 1527 Tertullianum
776 1473 931 1540 respondet
955 1474 1176 1527 Simmonet
1194 1472 1299 1540 (instit
1318 1473 1368 1539 th,
1388 1472 1429 1525 lle
1448 1488 1533 1539 poen.

287 1560 312 1610 p.
323 1541 387 1609 582)
406 1544 471 1597 ideo
489 1544 567 1609 loqui
586 1560 653 1596 eum
670 1544 708 1596 de
726 1545 788 1596 sola
801 1542 979 1609 poenitentia
998 1544 1123 1609 publica,
1142 1541 1209 1608 quia
1228 1542 1254 1595 ei
1274 1543 1420 1595 immorari
1431 1542 1533 1609 voluit,

285 1629 359 1678 quae
377 1612 533 1679 specialem
552 1629 617 1665 cum
636 1613 783 1679 baptismo
801 1612 1021 1665 similitudinem
1041 1614 1137 1665 habet.
1166 1612 1296 1680 -Quod
1315 1611 1533 1665 Ambrosius

284 1681 419 1751 adiungit
437 1683 467 1734 in
486 1682 543 1735 fine
562 1684 579 1735 l.
599 1698 631 1748 c,
649 1683 811 1749 urgendum
830 1698 888 1735 non
907 1686 958 1735 est.

389 1768 433 1821 Ad
444 1770 571 1822 rationes
589 1769 781 1822 Witassii
801 1769 831 1821 in
847 1768 1020 1835 explicando
1038 1768 1268 1835 Augustino
1286 1769 1392 1821 allatas
1410 1767 1535 1819 Callet

284 1838 441 1904 respondet
458 1837 572 1907 (Migne
590 1840 608 1891 l.
621 1856 644 1891 c.
664 1840 715 1890 col.
734 1836 810 1902 eser:
830 1838 859 1902 a)
879 1838 992 1903 „Potuit
1009 1838 1204 1904 Menedemus,
1223 1838 1268 1889 vir
1286 1838 1384 1905 laicus,
1403 1836 1533 1902 iurisque

285 1907 422 1961 scientior
431 1923 518 1974 quam
528 1909 790 1961 ecclesiasticarum
804 1923 908 1973 rerum,
927 1923 984 1960 non
995 1908 1165 1976 cognovisse
1174 1909 1265 1960 tetam
1276 1906 1415 1959 ecclesiae
1424 1906 1536 1975 agendi

285 1978 435 2043 rationem,
454 1978 530 2043 quod
543 1993 631 2045 saepe
646 1978 762 2044 saepius
780 1978 811 2029 in
821 1978 920 2029 multis
934 1976 1099 2030 huiusmodi
1113 1977 1310 2029 saecularibus
1322 1976 1402 2042 viris,
1422 1976 1534 2043 ingenii

286 2050 413 2100 ceterum
432 2048 518 2114 acuti,
536 2047 745 2114 perspeximus.
764 2047 861 2100 Potuit
880 2048 990 2099 nullam
1008 2047 1112 2101 veniae
1131 2048 1160 2099 in
1180 2047 1318 2099 extremis
1335 2049 1449 2099 tantum
1466 2061 1536 2098 con-

286 2115 350 2169 cedi
376 2116 478 2169 solitae
505 2117 613 2169 habere
631 2117 792 2184 rationem;
819 2132 906 2181 quam
926 2120 955 2169 et
973 2117 1080 2170 frustra
1104 2116 1261 2185 allegasset
1281 2115 1472 2183 Augustinus;
1500 2117 1536 2169 ut

285 2185 486 2252 episcoporum
511 2187 730 2240 sollicitationes
749 2189 885 2253 tueretur,
914 2186 982 2251 quia
1009 2186 1039 2238 hi
1058 2201 1115 2239 non
1134 2200 1185 2251 pro
1210 2186 1267 2238 iarn
1293 2184 1448 2249 morituris,
1479 2185 1536 2237 sed

285 2270 336 2322 pro
360 2255 525 2307 valentibus
545 2256 769 2309 intercedebant
807 2256 937 2321 Denique
962 2272 998 2307 ex
1015 2255 1176 2307 Macedonii
1200 2258 1283 2307 textu
1306 2255 1382 2307 nude
1401 2257 1537 2320 spectato

284 2330 432 2391 nemoest‚
450 2326 616 2391 quistatim
635 2325 808 2379 noninierat
826 2325 961 2378 mortalia
979 2340 1177 2391 quaecumque
1187 2327 1306 2391 peecata
1317 2325 1405 2376 semel
1417 2326 1535 2378 tantum

285 2395 315 2446 in
340 2394 462 2447 ecclesia
486 2396 602 2447 veniam
627 2396 783 2460 habuisse;
802 2396 877 2460 quod
898 2410 982 2447 nemo
1001 2394 1097 2447 dicere
1115 2394 1199 2447 ausit.
1236 2392 1260 2459 β)
1279 2393 1317 2446 Ut
1335 2408 1371 2445 ex
1389 2393 1468 2446 ambi
1510 2409 1531 2446 a

285 2464 440 2531 August-ini
459 2465 602 2517 locutione
621 2464 692 2517 nihil
712 2465 781 2517 certi
800 2464 955 2517 adversum
975 2480 1028 2517 nos
1047 2464 1151 2517 deduci
1171 2464 1270 2529 possit,
1298 2462 1446 2515 sufficiunt
1485 2478 1535 2530 uo,

286 2533 463 2586 1⁰uta1iam
481 2551 499 2586 a
517 2534 633 2601 publica
652 2534 860 2601 poenitentiam
881 2534 1020 2586 indirecte
1039 2534 1163 2597 astruat;
1182 2532 1378 2601 2⁰utg1aves
1397 2532 1537 2585 hahuerit

286 2617 390 2655 causas
417 2619 482 2656 earn
502 2604 638 2657 disertius
665 2619 722 2655 non
741 2603 929 2669 exprimendi.
968 2603 1053 2669 Atqui
1074 2600 1103 2655 1⁰
1129 2604 1217 2655 aliam
1245 2618 1262 2654 a
1291 2602 1405 2668 publica
1435 2602 1535 2667 poeni-

285 2672 376 2724 tentia
395 2673 603 2738 poenitentiam
622 2673 761 2726 indirecte
780 2673 903 2737 astruit;
923 2672 1004 2725 docet
1025 2672 1101 2723 enim
1122 2672 1286 2725 huiusmodi
1306 2674 1404 2737 lapsos
1422 2672 1535 2724 utiliter

285 2743 432 2807 poenitere
458 2758 561 2809 posse;
587 2743 665 2795 unde
689 2743 731 2794 eis
755 2748 844 2810 negat
869 2758 933 2793 esse
960 2742 1192 2808 desperandum
1219 2741 1299 2807 atqui
1327 2742 1462 2809 generale
1486 2746 1534 2793 est

285 2812 439 2878 Augustini
465 2812 647 2878 principium,
674 2813 819 2864 neminem
844 2812 956 2864 utiliter
980 2812 1136 2877 poenitere,
1164 2812 1221 2863 nisi
1250 2811 1297 2876 qui
1324 2810 1377 2861 sub
1406 2810 1532 2861 clavium

285 2880 445 2933 ministerio
464 2882 672 2947 poenitentiam
691 2885 761 2950 agat
780 2883 880 2946 (serm.
899 2881 959 2944 392,
972 2884 1003 2933 c.
1022 2880 1050 2945 3)
1070 2922 1075 2933 .
1096 2922 1101 2932 .
1122 2921 1127 2932 .
1147 2880 1178 2933 2⁰
1196 2896 1264 2933 suas
1284 2879 1385 2931 habuit
1404 2879 1533 2931 rationes

285 2950 461 3002 subobscure
480 2951 628 3017 loquendi;
647 2967 685 3003 sc.
702 2968 739 3004 ss.
750 2952 882 3003 doctores
901 2951 1048 3017 publicam
1066 2950 1139 3003 adeo
1158 2950 1367 3017 poenitentiam
1386 2963 1532 3001 commen·

285 3020 404 3085 dabant,
422 3023 455 3072 ut
472 3036 559 3089 aegre
578 3022 697 3073 alterius
716 3021 925 3073 meminissent.
962 3021 1034 3088 Quin
1055 3022 1091 3089 et,
1120 3024 1152 3071 ut
1169 3036 1186 3072 a
1205 3023 1323 3085 peccato
1342 3018 1531 3085 retraherent,

284 3088 333 3139 vix
353 3104 457 3140 novam
476 3094 542 3156 post
560 3091 736 3156 baptismum
757 3090 965 3157 poenitentiam
986 3090 1162 3155 indicabant,
1193 3090 1269 3155 quod
1289 3087 1405 3157 egregie
1424 3088 1533 3141 evincit

286 3157 316 3210 id
335 3157 590 3213 Tertulliani
608 3162 627 3212 l.
647 3160 682 3212 de
702 3160 806 3226 poenit.
818 3175 840 3211 c.
852 3160 880 3211 7:
902 3159 1034 3227 »Piget
1053 3159 1205 3225 secundae,
1226 3160 1313 3211 immo
1331 3158 1390 3211 iam
1410 3158 1532 3211 ultimae

287 3226 348 3293 spei
369 3229 521 3282 subtexere
540 3230 725 3296 mentionem,
745 3244 795 3281 ne«
817 3234 870 3281 etc.
890 3229 963 3296 Quid
983 3229 1088 3280 mirum
1107 3243 1185 3297 ergo,
1205 3228 1229 3279 si
1247 3227 1413 3281 ulteriorem
1433 3228 1531 3295 poeni·

286 3297 565 3406 tentiam9persaepe
583 3299 752 3360 reticebant,
771 3314 842 3363 quos
860 3300 906 3349 vel
927 3298 1083 3351 secundam
1103 3304 1168 3364 post
1187 3298 1364 3364 baptismum
1380 3311 1531 3351 recensere

287 3367 444 3434 pigebat.“

389 3451 414 3520 e)
433 3454 477 3506 Ad
497 3454 575 3506 istud
594 3454 802 3519 respondemus
821 3470 885 3505 cunr
911 3454 1107 3507 l'almieri
1134 3454 1189 3520 (De
1208 3469 1289 3520 poen.
1308 3454 1350 3507 th.
1368 3454 1394 3521 9,
1422 3455 1476 3521 lll.‚
1505 3470 1529 3521 c,

285 3538 312 3590 p.
325 3523 384 3586 eol:
402 3524 492 3587 „haec
504 3539 560 3576 non
580 3522 693 3575 iudaice
713 3523 871 3589 spectanda
891 3540 954 3576 esse
974 3524 1025 3577 sed
1039 3524 1203 3576 christiane.
1224 3524 1403 3577 l'oenitentia
1414 3524 1529 3590 publica

284 3608 341 3644 non
361 3598 423 3645 erat
441 3609 533 3659 poena
552 3594 658 3659 aliqua,
678 3609 734 3657 qua
753 3593 956 3645 invindictam
977 3594 1105 3646 criminis
1116 3594 1204 3645 etiam
1217 3593 1326 3645 invitus
1345 3596 1530 3661 plecteretur;

286 3663 337 3713 sed
364 3667 425 3715 erat
443 3678 546 3729 reapse
574 3662 825 3716 beneficium
854 3660 931 3729 [cum
950 3666 1010 3715 tota
1030 3664 1152 3715 ecclesia
1171 3678 1222 3728 pro
1241 3662 1283 3714 eis
1308 3662 1423 3731 oraretl‚
1452 3661 1528 3729 ‹pnod

286 3732 443 3797 petendum
453 3736 515 3785 erat
533 3736 561 3784 et
572 3748 628 3785 non
646 3732 703 3784 nisi
719 3732 884 3797 petentibus
898 3732 1116 3794 concedebatur,
1136 3748 1226 3797 eaque
1237 3732 1343 3785 iunctis
1358 3733 1395 3785 ab
1407 3733 1528 3785 ecclesia

285 3815 343 3852 non
369 3801 457 3853 solius
475 3803 586 3869 culpae,
614 3802 665 3853 sed
688 3802 779 3854 totius
798 3817 916 3868 quoque
935 3816 1044 3867 poenae
1069 3802 1201 3854 remissio
1220 3802 1438 3854 concedebatur.
1475 3802 1526 3869 Qui

285 3884 353 3921 vero
371 3884 435 3921 earn
454 3871 662 3935 poenitentiam
682 3873 851 3924 sollemnem
872 3872 1045 3923 meruissent
1063 3887 1114 3923 nec
1135 3872 1280 3938 petebant,
1309 3872 1529 3924 removebantur

286 3943 363 3991 certe
380 3954 398 3990 a
417 3947 598 4000 sacramento
617 3942 717 3994 altaris
736 3940 945 4007 participando,
965 3946 994 3993 et
1011 3956 1029 3993 a
1048 3956 1185 3993 consessu
1205 3940 1333 3993 lidelium
1353 3940 1382 3992 in
1398 3940 1527 4005 ecclesia,

285 4022 354 4059 nam
365 4009 394 4059 et
403 4008 457 4072 ipsi
469 4011 649 4075 poenitentes
659 4012 697 4063 ab
707 4012 752 4062 his
762 4011 947 4063 arcebantur:
967 4014 1095 4075 quaeest
1108 4010 1367 4063 excommunicatio
1377 4010 1528 4077 quaedam,

286 4092 343 4141 qua
366 4077 561 4145 adigebantur
585 4084 750 4144 peccatores
775 4080 813 4132 ad
838 4080 994 4145 petendam
1019 4080 1236 4146 poenitentiam,
1264 4083 1296 4131 ut
1319 4081 1438 4133 tandem
1463 4094 1528 4131 cum

286 4146 409 4198 ecclesia
429 4151 458 4197 et
467 4148 526 4199 Deo
546 4149 805 4201 reconciliarentur.
826 4150 867 4200 lle
886 4164 942 4214 qua
961 4149 1259 4202 excommunicatione
1276 4150 1397 4214 loquens
1415 4150 1529 4215 Angu-

287 4216 431 4282 stinus,
458 4218 509 4282 Ep.
529 4216 580 4269 108
604 4218 641 4269 ad
660 4217 859 4272 Seleucianum
879 4218 939 4271 ait:
966 4219 1081 4285 „Agunt
1109 4218 1241 4271 homines
1259 4214 1481 4285 poenitentiam(
1504 4218 1527 4270 si

286 4289 352 4350 post
375 4286 553 4351 baptismum
578 4286 619 4339 ita
638 4288 829 4352 peccaverint,
857 4290 889 4340 ut
907 4288 1149 4341 excommunicari
1175 4290 1204 4340 et
1222 4290 1323 4353 postea
1350 4288 1526 4341 reconciliari

286 4359 459 4422 mereantur,
489 4356 564 4408 sicut
587 4360 678 4425 agunt
704 4356 733 4408 in
751 4358 886 4409 omnihus
904 4358 1035 4410 ecclesiis
1055 4358 1106 4423 illi,
1133 4358 1182 4423 qm
1207 4357 1321 4424 proprie
1348 4359 1529 4423 poenitentes

285 4425 492 4489 appellantur“.
512 4426 715 4479 structor
734 4426 882 4479 Serm.261
902 4428 931 4479 in
951 4428 1075 4494 append.
1093 4442 1137 4493 op.
1157 4427 1325 4495 Augustini:
1344 4428 1413 4496 „Qui
1432 4428 1529 4493 poeni·

284 4494 407 4546 tentiam
435 4495 508 4561 petit
531 4496 773 4548 excommunicari
800 4511 831 4548 se
850 4497 1002 4563 supplicat.
1040 4496 1107 4549 ldeo
1132 4496 1209 4549 enim
1234 4512 1266 4549 se
1284 4496 1528 4549 excommunicari

283 4567 376 4631 rogat,
389 4564 456 4629 quia
469 4566 506 4617 ad
523 4565 738 4631 percipiendam
752 4566 965 4618 Eucharistiam
980 4566 1093 4619 Domini
1110 4566 1262 4636 indignum
1272 4582 1337 4620 esse
1347 4582 1378 4619 se
1394 4566 1527 4619 iudicat“.

283 4632 354 4684 Erat
363 4638 460 4685 autem
470 4635 648 4699 poenitentia
658 4636 806 4687 sollemnis
817 4636 945 4688 medium
956 4636 1082 4689 maxime
1096 4636 1232 4690 idoneum
1242 4638 1279 4689 ad
1291 4637 1527 4691 satisfaciendum
