3450 5342
892 403 931 412 -
958 373 1019 426 33⁸.)
1045 401 1083 412 -

467 553 574 606 Patres
594 560 624 605 et
653 552 824 621 scriptores
851 551 1058 618 ecclesiastici,
1083 551 1318 607 considerantes
1338 552 1423 609 deiu.
1451 567 1532 619 (puae
1552 551 1600 602 -bi

360 630 465 691 partes
480 631 606 676 nostrae
621 624 651 676 in
664 630 746 676 statu
758 622 810 676 illo
825 622 998 676 sanctitatis
1009 642 1014 670 ⁴
1025 626 1205 688 aopduupa«)
1217 637 1270 676 seu
1286 623 1318 676 in
1330 637 1397 690 quo
1409 621 1452 673 sit
1467 622 1601 674 saur-rta-

360 692 531 746 subiectire
552 699 690 760 spectata
709 691 897 756 collmmnda,
916 691 1095 760 significant
1113 706 1179 745 eam
1201 692 1232 744 in
1252 690 1466 759 abnegatione
1488 691 1534 743 sui
1554 706 1601 756 pc·

362 762 433 825 lteo,
454 766 608 829 proximo,
624 763 705 816 bono
716 760 889 830 spiritualis
901 759 1129 815 lmnriuisfacta
1140 760 1320 822 consistere,
1334 775 1475 828 eamque
1487 774 1602 827 propre:
1665 778 1669 871 Ῑ

360 829 594 885 slmilitudinem
616 830 759 886 sacrificii
779 831 908 896 externi,
934 829 1092 885 sensibilis
1111 828 1275 898 allegorice
1293 829 1502 886 oblationem,
1527 831 1574 882 t·.‹;·l

359 909 512 964 caustum,
533 900 720 954 sacrificium
737 907 856 954 vocant.
881 899 954 954 »Sed
969 899 1103 968 quisque
1123 905 1266 954 nostrum
1283 899 1315 954 ln
1331 915 1365 953 ac
1387 903 1461 966 ipso
1476 911 1507 951 et
1522 914 1593 950 saur.
1666 928 1670 999 ι

361 971 576 1024 holocaustum
594 970 731 1024 habetet
750 969 817 1038 ipse
832 970 951 1024 hostias
971 969 1081 1033 adolet,
1101 975 1135 1024 ut
1147 968 1261 1038 flagret
1280 969 1311 1022 iu
1326 978 1497 1022 aeteruum
1534 970 1604 1020 itui-

360 1055 465 1106 genes,
486 1047 541 1093 str.
560 1043 615 1097 tat,
636 1039 786 1093 Similiter
804 1038 937 1108 scyrill
957 1038 1042 1092 Alex.
1063 1037 1114 1100 tib.
1134 1042 1188 1092 str.
1207 1039 1261 1106 47).
1281 1039 1311 1092 S.
1324 1038 1388 1092 Leo
1410 1037 1451 1091 ll.
1473 1045 1539 1104 (sar.
1558 1045 1602 1089 4»

361 1105 389 1162 S.
410 1111 541 1175 Gregor.
568 1109 660 1176 Nyss.
685 1108 737 1173 tib.
756 1111 798 1173 tt,
822 1125 872 1177 op.
893 1107 990 1162 Paris.
1011 1109 1073 1170 til,
1098 1123 1126 1176 p.
1147 1109 1204 1162 178.
1226 1109 1286 1162 lf9r
1310 1107 1372 1164 alte
1399 1115 1430 1159 et
1456 1107 1600 1174 profusi-

360 1179 531 1231 disserens:
570 1177 664 1232 »Inde
692 1178 869 1244 discimus«,
900 1177 943 1232 ait
973 1178 1100 1245 »ipsum
1125 1177 1177 1245 qui
1207 1191 1240 1230 se
1268 1175 1298 1230 in
1329 1177 1552 1230 holocaustum
1581 1190 1602 1228 et
1673 1195 1674 1234 3

360 1247 547 1301 sacrificium
576 1247 689 1300 obtulit
714 1248 878 1316 factusque
906 1253 953 1300 est
974 1247 1100 1312 Pascua,
1127 1245 1336 1314 contemplati,
1361 1246 1459 1299 etiam
1491 1262 1524 1299 se
1552 1246 1603 1298 lo.

360 1319 477 1370 offerre
507 1317 536 1370 in
567 1318 715 1371 »bostiam
746 1317 912 1382 viventem,
939 1323 1087 1382 sanctam,
1119 1314 1183 1369 Deo
1208 1316 1393 1396 placentem,
1429 1316 1599 1368 ratiouabi·
1669 1301 1674 1372 ἵ

360 1386 563 1454 obseouium«
586 1387 687 1449 (Rom
702 1389 743 1445 12.
758 1389 792 1452 f).
815 1386 975 1440 Rationem
997 1391 1028 1439 et
1047 1385 1173 1440 modurn
1195 1400 1262 1439 erus
1276 1384 1400 1438 servitii
1423 1385 1456 1438 in
1478 1401 1515 1438 eo
1535 1400 1602 1436 es-e.
1673 1403 1674 1406 ¹

360 1472 399 1509 ne
424 1456 660 1509 conformemur
688 1456 758 1509 lmic
784 1455 915 1522 saeculo,
945 1455 999 1509 sed
1029 1455 1238 1508 reformemur
1265 1454 1295 1508 in
1323 1455 1470 1508 novitate
1501 1455 1602 1506 menri-
1668 1505 1672 1515 ,

360 1532 495 1587 nostrae,
523 1531 557 1578 ut
586 1527 757 1593 probemus
790 1541 899 1594 oquae
925 1525 964 1579 sit
990 1524 1136 1579 voluntas
1162 1523 1215 1577 Dei
1242 1525 1323 1576 bona
1349 1531 1379 1577 et
1410 1524 1553 1592 perfecta
1579 1537 1600 1568 e·

360 1596 565 1663 beneplacens
583 1595 685 1659 (Rutu.
706 1599 745 1658 12,
764 1597 817 1657 2).‹
856 1623 889 1636 -

465 1667 545 1718 Sane
565 1664 719 1718 laudanda
739 1672 814 1718 sunt
828 1664 965 1718 auctoris
983 1661 1118 1717 eruditio
1136 1668 1166 1716 et
1183 1661 1392 1731 perspicuitas
1413 1677 1450 1714 ae
1472 1662 1602 1715 studius

359 1735 518 1787 doctrinae
544 1734 710 1787 catholicae
734 1738 843 1788 contra
868 1732 1084 1788 innovationes
1114 1731 1353 1801 protestanticas
1379 1730 1602 1784 defendendo

359 1806 458 1866 Quam
477 1803 657 1857 metlmdum
670 1803 804 1870 theologi
818 1802 994 1866 orthodoxi,
1015 1807 1048 1855 ut
1064 1802 1093 1855 in
1104 1800 1343 1869 quaestiouibus
1363 1816 1438 1854 itum
1454 1801 1602 1854 Roman·-

358 1873 506 1927 catholica
525 1873 653 1926 ecclesia
671 1874 885 1926 controversis
904 1873 1082 1936 observent,
1101 1871 1189 1924 unice
1206 1875 1363 1938 optamus

464 1941 554 2004 Quod
580 1942 735 2010 reliquum
763 1951 810 1996 est
838 1942 930 1996 buius
951 1941 973 1995 1.
1002 1939 1086 2006 tomi,
1116 1939 1252 1994 breviter
1276 1939 1499 1993 absolvemus.
1531 1938 1598 1991 San

359 2010 502 2065 ‹rraestio
531 2011 570 2064 de
595 2012 806 2065 reformandis
832 2011 948 2064 scholis
973 2008 1187 2064 ecclesiasticis
1213 2023 1305 2077 saepe
1331 2008 1438 2061 adhue
1466 2010 1605 2060 occurrit

359 2081 496 2134 ‹iffirilis
515 2087 545 2134 et
565 2081 747 2142 necessaria,
777 2081 830 2134 sed
852 2096 913 2134 non
933 2085 1077 2148 spectans
1096 2077 1270 2133 aedificium
1292 2076 1439 2132 veritatis
1462 2089 1494 2130 et
1518 2081 1605 2130 scier:-

360 2153 427 2204 tiae.
450 2151 548 2203 lltiam
574 2150 612 2203 de
632 2150 763 2218 synodis
787 2158 818 2204 et
836 2149 973 2203 conciliis
993 2148 1192 2217 generalibus
1218 2146 1378 2202 Russiacis
1410 2147 1531 2200 iterum
1554 2159 1605 2199 rre-

359 2228 473 2273 rtatum
495 2235 565 2272 esse
584 2219 731 2285 iuvenies
751 2229 800 2273 est
812 2219 894 2274 enim
913 2217 1057 2288 quaestio
1077 2217 1208 2272 multum
1228 2217 1353 2286 agitata,
1375 2217 1425 2269 Ex
1447 2216 1605 2270 historin

359 2289 521 2343 laboribus
548 2289 629 2342 clima
650 2289 804 2352 invenies:
831 2290 964 2343 alterum
984 2288 1022 2341 de
1044 2287 1157 2342 Messia
1181 2293 1210 2340 et
1237 2301 1334 2356 regno
1355 2285 1532 2348 ,bassiano
1555 2303 1605 2353 pr·¹

358 2359 457 2421 dolor,
482 2358 567 2410 iuxta
595 2359 794 2426 apocryphos
813 2357 921 2424 libros,
946 2358 1054 2411 saltem
1081 2357 1193 2425 partim
1220 2354 1442 2423 compositum,
1471 2355 1601 2408 alterum

361 2428 694 2482 Itoudestrenskii
715 2429 753 2480 de
774 2427 902 2482 liistoria
923 2425 1154 2480 reformationis
1165 2424 1353 2548 duflicanae
1374 2424 1424 2477 vel
1446 2425 1556 2492 potius
1575 2426 1607 2475 de

360 2497 490 2550 historia
516 2496 668 2551 librorum
696 2498 923 2565 liturgicorum,
972 2496 1001 2551 ui
1022 2501 1081 2550 tem
1107 2510 1162 2549 ore
1181 2493 1419 2549 raormationis
1440 2495 1605 2561 etruscripr.

360 2574 441 2620 suut.
462 2566 574 2632 Agitur
593 2567 632 2620 de
653 2566 789 2620 Henrico
808 2565 895 2632 VIII,
921 2513 1070 2620 Efluardo
1115 2564 1139 2630 Ι,
1165 2563 1351 2620 Elisabetha.
1378 2562 1538 2632 Symbola
1558 2580 1604 2615 sec

359 2636 572 2690 confessiones
593 2636 666 2690 fidei
686 2636 830 2690 diversae
849 2635 1021 2690 secundum
1042 2633 1194 2702 originem
1221 2649 1310 2688 suam
1336 2640 1366 2687 et
1391 2631 1604 2688 evolutIonem

360 2708 437 2760 beue
457 2705 689 2759 describuntur.
710 2705 788 2759 Item
808 2705 950 2760 influxus
968 2705 1111 2758 internus
1131 2718 1186 2758 seu
1200 2703 1386 2772 episcopalis
1406 2703 1449 2756 ab
1469 2709 1605 2756 extem··.

359 2775 491 2844 politico,
511 2775 656 2843 gubernii
675 2775 821 2829 distincte
839 2774 1014 2829 exhibetur.
1040 2771 1177 2842 VestIgia
1195 2770 1449 2841 protestantismi
1469 2787 1536 2826 non
1555 2773 1605 2824 rri-

359 2847 408 2899 tici
429 2860 490 2898 non
512 2846 607 2898 semel
627 2852 793 2899 occurrunt
812 2862 840 2899 v.
858 2862 886 2913 g.
906 2859 974 2898 cum
995 2844 1033 2896 de
1052 2841 1246 2910 despotismo
1267 2841 1383 2896 Romae
1402 2842 1531 2909 absque
1550 2843 1606 2894 ulla

360 2930 433 2968 vera
454 2915 572 2967 ratione
593 2930 697 2967 sermo
717 2922 772 2968 est.
1428 2909 1460 2966 Ο.
1480 2901 1577 2966 Zldel:

409 3104 545 3181 PARS
581 3105 1017 3184 DISSENSIONIBUS
1052 3103 1214 3182 INTER
1245 3097 1556 3178 ECCLESIAM

409 3223 833 3304 OCCIDENTALEM
863 3227 931 3303 ET
967 3224 1311 3304 ORIENTALEM
1340 3221 1554 3301 COMPO·

709 3347 906 3424 NENDIS
934 3345 1249 3424 DESTINATA.

971 3559 1006 3615 V.

710 3693 754 3762 lte
778 3695 993 3762 sacramento
1018 3691 1252 3777 poenllentiae.

886 3818 994 3875 Thasia
1016 3817 1070 3878 IV.

466 3940 662 3996 Contritio
685 3938 905 4016 procedens
936 3959 981 3996 ex
1012 3940 1161 3997 motivo
1192 3942 1389 4011 caritatis,
1420 3944 1461 3998 vi
1496 3947 1605 4001 cuin>

356 4025 517 4083 bouitas
545 4025 687 4082 diviua
721 4028 805 4083 sive
840 4026 1027 4084 absoluta
1060 4028 1145 4084 sive
1179 4028 1218 4083 in
1252 4047 1317 4086 uos
1348 4028 1536 4087 relatiua
1567 4031 1605 4086 ob

355 4132 393 4169 sc
427 4113 551 4186 ipsam
587 4132 702 4188 super
735 4115 864 4169 omnia
898 4115 1172 4191 appretiative
1210 4111 1415 4190 diligatur,
1453 4136 1606 4194 semper

355 4197 564 4255 iustificat
594 4208 685 4255 aute
717 4201 911 4257 actualem
942 4199 1231 4258 subiectionem
1261 4199 1326 4258 sub
1357 4209 1603 4278 potestatem

355 4285 565 4346 ecclcsiae..

460 4372 638 4430 lleclaratio.
675 4376 702 4432 1.
733 4373 879 4431 Contrit-io
919 4371 1059 4432 definitur
1097 4371 1253 4432 detestatio
1287 4369 1412 4454 (odium)
1459 4389 1489 4433 et
1526 4375 1604 4433 dolor

354 4455 500 4539 (tristitia)
532 4459 568 4516 dc
592 4470 714 4536 peccato
737 4463 892 4518 commisso
925 4481 990 4518 cum
1013 4462 1161 4538 proposito
1189 4479 1248 4517 non
1270 4459 1413 4537 peccandi
1437 4459 1477 4519 de
1501 4478 1604 4521 cetero.

353 4548 420 4605 Hoc
444 4549 634 4625 propositum,
666 4548 690 4603 si
715 4545 797 4604 dolor
828 4567 887 4604 nou
918 4559 1022 4604 estex
1046 4549 1155 4605 motivo
1185 4546 1354 4617 universali,
1386 4545 1440 4606 sed
1475 4551 1603 4627 speciali.

353 4634 451 4701 debet,
475 4645 507 4691 ut
531 4633 608 4691 adsit
633 4634 764 4710 perfecta
786 4633 939 4710 dispositio
970 4633 1008 4691 ad
1031 4636 1157 4711 gratiam
1173 4635 1365 4707 semissium,
1390 4653 1456 4693 esse
1481 4635 1602 4696 formale
