3450 5342
786 456 982 513 -199-

262 646 330 710 post
349 642 437 695 tidem
458 643 565 698 lecerit.
583 658 641 695 non
661 643 770 695 videbit
791 643 894 695 taciem
913 642 966 695 llei
985 684 991 695 .
1011 684 1018 698 .
1038 684 1044 695 .
1063 642 1137 711 Quid
1151 642 1290 709 quaeritis
1306 658 1369 696 sera
1384 644 1510 699 solatia?

260 712 341 765 Tunc
360 712 465 773 decuit,
485 728 549 765 curn
570 712 683 765 licebat.
702 713 780 765 Dura
800 714 856 765 ista
877 729 930 765 vox
950 718 1002 775 est,
1022 713 1072 765 sed
1093 714 1140 778 qui
1160 728 1211 765 vos
1230 713 1328 765 lelices
1353 714 1509 775 dicuntia

261 796 389 835 errorem
409 798 460 833 ros
479 782 607 835 mittunt.
627 810 659 818 -
679 782 818 835 Similiter
836 783 963 847 loquitur
987 784 1092 835 Auctor
1110 783 1204 849 operis
1224 782 1259 835 de
1279 785 1361 848 lapsu
1387 782 1509 849 virginis

263 857 450 904 consecratae
467 866 495 903 n.
514 850 557 903 34.
583 851 624 903 37.
644 850 696 903 38:
724 852 779 904 Sed
799 860 908 917 quanta
935 856 1030 919 putas,
1058 858 1086 905 et
1105 853 1200 917 qualis
1224 850 1388 905 necessaria
1414 854 1511 921 poeni·

261 922 380 973 tentia?
397 924 477 988 Quae
494 928 545 973 arrt
564 927 668 987 aequet
696 921 827 985 crimina,
852 926 902 974 aut
927 928 1004 975 certe
1029 922 1174 975 excedat.
1195 964 1200 974 .
1221 963 1226 973 .
1247 964 1252 975 .
1273 922 1379 974 Grandi
1406 924 1510 991 plagae

259 992 322 1043 alta
341 1001 369 1043 et
388 991 500 1056 prolixa
528 1006 601 1057 opus
628 996 672 1043 est
700 991 864 1050 mediciuaz
883 990 994 1059 grande
1022 993 1116 1043 scelus
1144 992 1284 1058 grandem
1316 992 1509 1047 necessarlum

261 1059 352 1113 hahet
378 1060 633 1113 satisfactionem.
653 1102 659 1112 .
679 1100 686 1111 .
710 1060 760 1125 Tu,
786 1076 861 1125 quae
880 1060 937 1113 lam
958 1060 1090 1125 ingressa
1109 1078 1140 1113 es
1159 1077 1281 1142 agonem
1307 1062 1510 1129 poenitentiae,

261 1130 366 1182 insiste
390 1130 515 1189 misera3
543 1129 656 1182 fortiter
680 1130 798 1183 inhaere
825 1133 976 1195 tamquam
996 1127 1025 1183 in
1045 1131 1205 1199 naufragiis
1232 1132 1359 1192 tabulae,
1388 1148 1508 1197 sperans

261 1214 313 1265 per
332 1200 426 1265 ipsam
445 1206 474 1251 te
493 1199 530 1251 (le
548 1198 691 1265 profundo
716 1200 869 1253 criminum
899 1200 1023 1253 liberari.
1049 1200 1171 1253 lnhaere
1199 1201 1393 1267 poenitentiae
1418 1216 1509 1268 usque

261 1268 301 1321 ad
320 1276 481 1321 extremum
501 1268 588 1333 vitae,
607 1284 659 1320 nec
677 1268 732 1321 tibi
751 1284 922 1336 praesumas
941 1270 977 1323 ah
998 1270 1126 1323 humana
1145 1270 1192 1323 die
1212 1270 1326 1323 ueniam
1346 1270 1418 1330 dari.
1442 1274 1509 1337 quia

261 1338 370 1404 decipit
383 1345 420 1393 te.
433 1338 482 1402 qui
496 1338 549 1389 hoc
565 1338 620 1390 tibi
638 1338 767 1403 polliceri
780 1339 911 1391 uoluerit.
924 1340 1003 1407 Quae
1017 1338 1093 1392 eninr
1108 1341 1222 1407 proprie
1235 1340 1262 1392 in
1279 1340 1432 1393 Dominum
1447 1358 1510 1407 pec·

260 1409 344 1465 casti.
362 1408 400 1460 ab
420 1408 483 1473 ipso
502 1409 564 1459 solo
581 1412 611 1461 te
630 1408 764 1460 convenit
784 1409 813 1459 in
832 1408 892 1460 dle
913 1408 1042 1463 ludicii
1062 1416 1230 1475 exspectare
1250 1410 1435 1463 remediunr.··

368 1492 441 1545 lluh.
452 1494 493 1545 10.
512 1495 630 1547 Praeter
647 1494 825 1560 baptismum
846 1497 907 1547 sola
927 1495 1110 1549 Eucharistia
1129 1504 1158 1549 ut
1178 1501 1391 1549 sacramentum
1411 1510 1512 1561 pecca·

261 1566 358 1616 torum
377 1563 617 1617 remittendorum
636 1564 856 1629 agnoscebatur.
882 1564 914 1617 ld
934 1566 1094 1618 clarissime
1113 1570 1237 1619 testatur
1260 1568 1282 1619 Α
1296 1582 1323 1619 ιιι
1335 1568 1352 1617 b
1364 1583 1403 1617 ro
1415 1584 1427 1616 s
1440 1568 1446 1617 i
1458 1583 1474 1619 u
1486 1583 1508 1625 s.

263 1633 306 1685 lle
325 1649 407 1699 poen.
427 1635 444 1685 l.
464 1633 489 1691 2.
516 1650 539 1686 e.
558 1633 584 1696 3,
611 1649 639 1684 ιι.
659 1632 703 1685 18:
723 1635 817 1694 „sicut
837 1650 906 1701 ergo
926 1637 1014 1687 semel
1037 1651 1087 1701 pro
1107 1636 1189 1687 nohis
1209 1636 1374 1688 immolatus
1393 1640 1446 1697 est,
1470 1636 1508 1688 ila

264 1703 571 1769 quotiescumque
589 1708 708 1769 peccata
728 1704 880 1771 donantur,
900 1706 1026 1771 eorporis
1046 1706 1107 1757 eius
1127 1711 1339 1757 sacramentnm
1360 1706 1509 1761 sumimus.

261 1776 294 1825 ut
312 1788 365 1838 per
383 1772 553 1840 sanguinem
573 1772 636 1824 eius
663 1772 741 1825 liat
770 1778 1030 1839 peccatorum
1060 1776 1260 1827 remissio.
1289 1774 1399 1827 Similia
1420 1775 1507 1827 tradit

261 1842 472 1907 Origenes,
493 1842 523 1893 ln
542 1842 657 1895 Numer.
676 1842 752 1895 hom.
773 1843 814 1909 11),
832 1860 859 1895 ιι.
878 1844 902 1895 ⁴2.

369 1928 440 1979 liuh.
460 1928 500 1979 ll.
531 1930 633 1981 Patres
652 1934 831 1997 negaverunt
850 1935 915 1995 post
935 1930 1112 1995 baptismum
1133 1931 1225 1981 locum
1245 1946 1309 1981 esse
1328 1936 1509 1996 peecatorum

263 1997 435 2049 remissioni.
472 1998 728 2051 Athanasius
756 1999 819 2065 (Ep.
837 1999 862 2051 l.
882 2000 920 2053 ad
940 2000 1035 2065 Serap.
1055 2014 1081 2051 ιι.
1101 1998 1130 2063 9)
1155 2002 1278 2051 testatur
1302 1999 1455 2063 llriqenem
1481 2004 1510 2052 et.

262 2066 477 2132 Theognostum
503 2068 686 2120 existimasse
712 2068 791 2121 illam
811 2085 876 2119 esse
895 2068 924 2120 in
944 2068 1081 2133 Spiritum
1102 2086 1122 2119 s.
1143 2069 1364 2133 blasphemiam.
1391 2086 1454 2121 cum
1482 2070 1509 2123 ii.

265 2136 370 2201 quibus
389 2136 535 2203 baptismo
554 2138 661 2191 donum
678 2138 800 2203 Spiritus
820 2138 912 2191 sancti
931 2138 1076 2200 tribuitur,
1094 2138 1131 2191 ad
1151 2139 1418 2204 peceatarecidunt,
1434 2139 1510 2191 ideo-

263 2220 320 2271 que
344 2206 409 2257 illos
429 2206 628 2259 remissionem
654 2222 710 2259 non
730 2210 940 2259 consecuturos.
978 2208 1073 2260 Verba
1093 2212 1189 2260 antem
1218 2208 1411 2275 llrigenis
1440 2209 1510 2261 haee

263 2280 330 2327 sunt
349 2276 403 2338 lile
422 2276 511 2342 princ.
531 2276 556 2335 l.
583 2293 606 2328 c.
625 2276 651 2336 3.
669 2292 696 2329 u.
715 2276 757 2341 'iit
782 2277 848 2345 ..qui
868 2283 965 2330 autem
991 2278 1097 2345 dignus
1123 2277 1179 2329 iam
1206 2278 1323 2331 habitus
1348 2286 1390 2331 est
1418 2278 1508 2331 saneti

263 2344 386 2411 Spiritus
405 2346 626 2411 participatione
645 2351 672 2398 et
692 2351 768 2399 retro
791 2346 877 2399 luerit
896 2362 1060 2407 conversus,
1086 2347 1131 2399 hic
1152 2347 1264 2413 reipsa
1283 2356 1309 2401 et
1330 2364 1415 2414 opere
1435 2350 1512 2399 hlas-

262 2414 419 2481 phemasse
442 2414 549 2467 dicitur
573 2416 602 2467 in
622 2417 759 2481 Spiritum
780 2434 821 2472 s:
845 2417 880 2468 el.
899 2434 921 2469 c.
940 2416 964 2477 3,
984 2432 1010 2469 n.
1029 2418 1064 2476 *ἐς
1084 2416 1113 2468 ln
1136 2416 1222 2469 lech.
1243 2418 1318 2469 hom.
1337 2420 1362 2473 2.
1387 2434 1413 2469 n.
1433 2418 1456 2470 4.
1478 2446 1510 2455 --

262 2484 401 2537 Similiter
427 2484 651 2546 Zacchaeus,
679 2487 928 2539 l'onsultationum
949 2488 965 2537 l.
986 2488 1010 2553 2,
1030 2504 1051 2539 c.
1073 2485 1106 2537 ttl
1124 2488 1206 2538 docet
1226 2492 1345 2553 excepto
1365 2489 1511 2553 baptismo

263 2561 292 2606 et
311 2555 448 2620 martyrio
466 2570 524 2606 non
544 2572 608 2606 esse
627 2557 718 2607 ullum
738 2556 874 2616 medium,
894 2571 949 2621 quo
969 2561 1088 2623 peccata
1107 2556 1146 2608 ila
1160 2558 1306 2614 tollantur.
1325 2560 1355 2609 ut
1375 2572 1430 2608 non
1451 2572 1510 2617 „re-

262 2624 433 2684 viviscente.
458 2625 498 2679 ..si
519 2624 624 2676 luerint
644 2625 803 2692 repetita‘';
831 2626 872 2677 ita
890 2630 986 2678 aulem
1008 2624 1067 2678 tolli
1088 2627 1131 2677 vel
1153 2627 1248 2691 potius
1266 2626 1325 2691 terei
1345 2642 1395 2693 per·
1415 2626 1510 2692 quieui-

261 2694 393 2745 tentiam.
413 2696 493 2757 (ilat.
513 2694 554 2751 lli.
576 2694 626 2758 19).

369 2763 440 2815 llub.
462 2764 501 2815 12.
527 2764 627 2815 Patres
647 2764 803 2815 docuerunt
823 2780 938 2816 onmem
957 2764 1157 2816 remissionem
1178 2770 1357 2829 peccatorum
1380 2764 1438 2815 lieri
1461 2781 1510 2830 per

263 2832 450 2897 baptismum.
488 2833 754 2898 Augustinus,
781 2834 833 2899 Ep.
854 2834 912 2894 tm,
941 2849 966 2885 n.
986 2832 1038 2885 39:
1062 2834 1223 2901 „Quidquid
1243 2834 1279 2885 ah
1299 2834 1350 2888 eis.
1378 2834 1424 2897 qui
1446 2838 1509 2899 post

232 2956 235 2961 ,
263 2907 413 2967 acceptum
432 2903 611 2967 baptismum
631 2904 677 2955 hic
697 2902 805 2959 vivunt.
831 2903 999 2955 infirmitate
1020 2904 1147 2955 humana
1165 2904 1351 2964 contrahitur,
1377 2920 1510 2967 ιμιιιιιιιιι-

264 2986 386 3035 cumque
406 2973 564 3038 culparum,
584 2979 701 3039 propter
719 2969 766 3037 [al.
786 2972 848 3039 perl
869 2973 963 3038 ipsum
984 2975 1129 3025 lavacrum
1150 2972 1330 3025 dirnittitnr··.
1361 2973 1449 3032 Idem,
1470 2974 1510 3026 lla

263 3050 343 3106 nupt.
363 3047 391 3093 et
411 3057 528 3107 concup.
549 3044 565 3094 l.
587 3043 609 3106 1,
629 3059 655 3094 n.
675 3042 727 3093 llll:
755 3042 836 3107 ..ipso
856 3040 1065 3109 [baptismatel.
1090 3042 1165 3107 qumi
1186 3045 1273 3094 semel
1295 3043 1388 3097 (latiur.
1415 3044 1453 3097 lit.
1478 3046 1509 3095 ut

262 3124 320 3161 non
341 3111 432 3162 solum
452 3117 548 3173 autea,
576 3126 676 3163 verum
697 3112 785 3164 etiam
805 3117 905 3177 postea.
925 3112 1117 3177 quorumlibet
1137 3118 1317 3177 peceatormn
1338 3112 1420 3163 uenia
1442 3112 1510 3165 lide-

264 3178 340 3230 llhus
361 3180 555 3245 impetretur&
593 3181 632 3233 t'l.
654 3182 695 3232 lle
714 3188 787 3246 grat.
806 3185 834 3232 et
854 3197 929 3247 pecc.
949 3182 1019 3249 orig.
1039 3184 1055 3234 l.
1076 3183 1100 3240 2.
1120 3198 1141 3233 e.
1162 3182 1263 3233 311411.
1284 3182 1326 3233 ,td
1348 3183 1471 3233 llonil'uc.
1492 3184 1509 3234 l.

263 3248 288 3306 3,
307 3264 329 3299 c.
349 3248 374 3300 3.
410 3252 516 3302 l'ontra
536 3249 636 3304 lulian.
658 3253 673 3302 l.
692 3252 717 3308 li.
736 3268 758 3303 c.
779 3251 812 3303 13
831 3268 852 3302 s.
879 3278 910 3287 -
941 3252 1167 3316 Fulgentius,
1198 3252 1237 3302 lle
1257 3252 1313 3302 lide
1338 3252 1372 3303 ud
1396 3252 1509 3304 l'etrum

262 3333 291 3369 n.
311 3318 341 3369 il
362 3319 431 3371 dicit
452 3321 580 3379 „nullum
599 3320 746 3373 hominem
772 3326 955 3386 accepturum
985 3322 1074 3374 vitam
1094 3328 1250 3385 aeternam,
1278 3320 1325 3384 qui
1347 3336 1401 3371 ιιιιιι
1428 3322 1509 3372 hira

263 3388 350 3440 malis
369 3388 429 3440 suis
454 3389 539 3441 luerit
559 3405 610 3455 per
628 3390 836 3456 poeniteutiam
856 3388 904 3455 [al.
925 3389 1164 3458 misericordiam!
1184 3390 1328 3453 iidemque
1347 3405 1510 3447 conversus,

263 3462 293 3509 et
311 3474 362 3523 per
376 3463 588 3511 sacramentum
602 3459 670 3511 lidei
689 3465 717 3511 et
732 3460 935 3525 poenitentiae,
955 3460 989 3511 id
1009 3464 1063 3512 est
1083 3476 1134 3526 per
1153 3460 1329 3523 baptismum
1345 3459 1510 3511 liberatus&

261 3527 320 3580 Nec
344 3535 439 3593 potest
458 3528 543 3581 aliter
561 3529 684 3594 intelligi
710 3530 785 3594 quod
805 3546 831 3581 v.
851 3546 878 3594 g.
909 3530 1126 3581 Ambrosius
1154 3530 1235 3581 docet
1256 3529 1309 3593 (lle
1330 3528 1385 3579 lide
1405 3544 1507 3581 resurr.

264 3597 282 3648 1.
300 3597 325 3656 2,
344 3613 367 3648 e.
388 3596 462 3661 llil:
485 3600 624 3661 llmnes,
649 3599 697 3664 qui
724 3602 926 3651 sacrosanctae
951 3600 1088 3651 eeclesiae
1117 3598 1241 3665 copulati
1270 3598 1359 3649 divini
1385 3598 1511 3650 uornlnis

262 3668 459 3732 appellatione
472 3674 633 3726 censentur.
647 3668 880 3735 praerogativam
894 3668 1111 3721 resurrectionis
1125 3675 1152 3721 et
1163 3668 1363 3720 delectationis
1376 3676 1511 3721 aetemae

263 3736 390 3803 gratiam
417 3744 644 3801 consequentur·
670 3743 697 3789 et
724 3740 754 3790 ln
780 3740 824 3791 l's.
850 3738 909 3798 118,
934 3756 956 3789 c.
983 3738 1023 3790 13.
1050 3738 1090 3794 11,
1117 3755 1167 3789 nec
1194 3738 1230 3795 io.
1256 3737 1330 3803 quod
1351 3738 1511 3803 typi-ianus

264 3806 350 3857 allert
378 3807 454 3857 inter
481 3807 646 3859 sententias
670 3808 756 3873 episc.
782 3848 788 3859 .
812 3848 818 3858 .
845 3848 850 3858 .
877 3809 913 3859 de
940 3808 1048 3861 haeret.
1077 3808 1200 3873 baptis:
1229 3806 1273 3864 ..si
1302 3808 1455 3860 haereticis
1481 3808 1509 3859 in

264 3872 412 3940 baptismo
432 3892 482 3927 sua
498 3881 617 3941 peecata
630 3876 781 3943 donantur,
801 3878 863 3929 sine
883 3893 971 3929 eausa
988 3878 1025 3929 ad
1040 3878 1191 3929 eeclesiam
1207 3877 1333 3929 veniunt.
1353 3878 1424 3929 Nam
1445 3893 1509 3930 eum

264 3943 294 3995 in
313 3944 361 3995 die
374 3944 472 3997 iudicii
492 3949 611 4010 peccata
630 3951 705 4008 sunt,
724 3962 798 4011 cquae
817 3948 984 4013 puniuntur.
1011 3948 1083 3999 nihil
1103 3956 1155 4005 est.
1182 3947 1258 4011 qrrlul
1277 3947 1378 3999 tirnere
1398 3947 1512 4013 prassini

264 4013 402 4066 haeretiei
422 4016 459 4067 de
478 4015 584 4068 iudicio
604 4015 719 4074 Christi.
738 4016 762 4068 si
783 4023 849 4069 scint
869 4018 1067 4069 remissionem
1089 4023 1269 4082 peccalorum
1290 4016 1461 4069 consecuti··.

369 4112 485 4169 Tamen
508 4125 588 4170 certo
610 4124 740 4171 constat:
769 4110 809 4171 1⁰.
833 4114 970 4173 l'utrihns
993 4116 1083 4173 fuisso
1107 4136 1285 4192 persuasum,
1318 4136 1381 4171 esse
1413 4114 1510 4171 diver-

261 4216 325 4255 sum
349 4218 367 4253 a
386 4197 532 4276 baptismo
564 4199 693 4257 medinm
728 4200 765 4258 ad
800 4205 969 4279 quorumvis
1001 4216 1184 4281 peccatorum
1216 4205 1417 4260 remissionem
1442 4222 1510 4259 cou-

261 4284 451 4360 sequendam.
476 4286 523 4343 Ex
546 4290 763 4364 comparatione
787 4300 884 4345 autern
909 4288 994 4347 liuius
1018 4288 1138 4347 remedii
1160 4310 1224 4346 eum
1245 4288 1391 4366 baptismo
1414 4288 1509 4345 conici

262 4384 366 4447 potest.
390 4371 421 4429 id
444 4372 481 4429 ab
505 4375 548 4431 eis
572 4372 675 4431 haberi
697 4386 870 4451 potestatem
885 4384 1005 4452 peccatu
1020 4376 1197 4434 remittendi.
1221 4378 1267 4437 Ul'.
1292 4376 1509 4452 Augustiu„

262 4457 318 4535 Ep.
344 4462 405 4515 22⁸
430 4458 466 4516 ad
493 4461 676 4518 Honoratum
701 4482 727 4521 n.
753 4468 780 4517 tl.
805 4462 840 4531 ὓς
863 4462 919 4539 hp.
944 4468 983 4517 liti
1008 4462 1058 4539 (al.
1090 4466 1142 4539 ⁴23)
1174 4460 1210 4519 ad
1239 4464 1390 4531 Bonisae.;
1422 4462 1510 4518 Ter·

261 4545 434 4607 tullian..
458 4546 504 4605 De
528 4550 644 4625 poenit..
667 4568 690 4605 c.
716 4550 754 4610 ἴς
778 4568 802 4605 e.
830 4550 876 4605 1⁸2.
908 4549 1074 4617 Hieron..
1105 4550 1181 4611 llinl.
1216 4548 1284 4615 adv.
1313 4548 1415 4625 Polag.
1440 4549 1457 4611 l.
1484 4552 1510 4617 1,

261 4650 291 4693 n.
315 4634 373 4705 333
397 4633 433 4691 In
456 4633 585 4711 sophon.
612 4640 636 4694 l.
662 4638 718 4693 lli:
744 4636 797 4712 llp.
821 4638 871 4698 til,
895 4657 922 4693 n.
947 4640 982 4695 ti:
1015 4637 1206 4715 Epiphau.
1239 4636 1329 4695 Haec.
1356 4638 1406 4704 59,
1430 4656 1457 4692 ιι,
1482 4638 1510 4691 2².

263 4719 300 4780 9:
324 4719 521 4789 Athenas,
547 4720 663 4796 l'ragm.
687 4743 709 4781 e.
735 4722 934 4781 Nos-arrianos:
969 4723 1211 4790 Theodorei..
1244 4723 1382 4801 Epitome
1417 4722 1511 4779 (lirin.
