3450 5342
871 348 1065 402 -llu-

343 539 366 597 li
389 548 538 597 momento
559 538 811 601 monasteriomm,
842 537 972 594 mamma
995 534 1032 592 de
1055 555 1154 594 eorum
1178 535 1292 593 familia
1316 536 1531 614 (458-492);
1557 535 1592 592 111

344 625 475 684 decumis
505 632 534 682 ot
564 622 601 680 de
633 622 718 682 bonis
747 621 956 680 ecclesiasticis
987 619 1198 702 (cm-506),
1222 621 1259 680 de
1281 621 1593 682 violationibusiuris

345 712 533 791 proprietatis
555 709 698 769 ecclesiae
728 707 918 789 (sor-10),
942 708 978 766 de
1002 708 1168 786 privilegiis
1190 709 1260 768 cleri
1283 721 1338 768 etc.

455 796 1071 876 1111ωο11111)(538-551);111111111111
1094 816 1140 854 res
1162 797 1313 854 militaris:
1336 795 1468 854 officium
1492 810 1526 855 et
1552 800 1595 855 iu-

345 888 487 944 stitutum.
521 886 631 962 Agitur
652 882 760 942 deinde
783 882 820 940 de
843 887 906 942 iure
940 881 1050 941 feudali
1073 885 1105 941 in
1128 882 1301 942 Bobemiam
1325 882 1501 956 introducto,
1538 887 1598 964 pri-

258 1008 260 1011 ·
348 975 449 1050 mique
472 970 604 1030 eiusdem
626 979 794 1030 contractus
817 970 933 1028 saeculo
957 969 1045 1030 XIII.
1069 981 1254 1047 emergentes
1276 979 1422 1031 notantur.

454 1059 491 1117 In
513 1060 638 1118 materia
652 1053 809 1116 tractanda
826 1056 1026 1135 modus,quem
1050 1065 1150 1115 auctor
1173 1066 1279 1130 serrat,
1301 1056 1351 1115 hic
1374 1066 1426 1130 est,
1449 1065 1483 1115 nt
1506 1062 1598 1116 omis

345 1150 386 1206 ais
401 1146 559 1225 analyticis
581 1143 801 1202 circuitionibus
823 1144 917 1202 solum
933 1153 1018 1202 acute
1033 1143 1171 1202 conclusa
1193 1153 1223 1202 et
1237 1143 1391 1223 explorata
1423 1165 1597 1224 proponan-

346 1243 402 1292 tur.
425 1233 472 1291 No
494 1241 592 1292 autem
615 1232 731 1290 occasio
746 1230 825 1290 desit
848 1230 1004 1290 lectoribus
1031 1230 1232 1307 investigandi
1256 1233 1384 1290 rationes
1407 1231 1600 1305 indiciorum,

346 1322 378 1378 in
410 1317 651 1378 annotationibus
681 1318 739 1376 loci
770 1339 786 1376 e
809 1317 992 1377 documentis
1022 1319 1163 1396 excerpti,
1195 1317 1301 1396 quibus
1332 1317 1442 1376 iudicia
1465 1323 1599 1378 auctoris

345 1408 519 1478 innituntur,
545 1405 666 1465 adducti
681 1414 758 1464 sunt.
781 1405 961 1484 Scriptorum
977 1406 1058 1483 prius
1073 1407 1131 1462 iam
1155 1403 1308 1476 editorum,
1332 1425 1407 1484 quac
1430 1404 1469 1464 ad
1492 1422 1599 1484 partas

345 1493 478 1552 eiusdem
506 1491 683 1571 discipliuae
699 1501 842 1571 spectant,
864 1491 947 1550 nulla
961 1493 997 1549 lit
1020 1491 1167 1568 allegatio,
1180 1494 1316 1570 quamvis
1330 1491 1452 1550 dubium
1468 1513 1532 1552 uon
1551 1497 1600 1562 sir.

347 1583 419 1660 quin
442 1590 472 1638 et
494 1581 657 1638 norissima
671 1599 806 1659 quaeque
829 1578 866 1637 de
882 1579 1042 1656 auclologia
1057 1581 1166 1656 scripta
1182 1582 1293 1638 auctori
1310 1581 1369 1638 sint
1385 1593 1462 1640 nota.
1487 1581 1598 1639 Histo-

344 1670 419 1726 riam
441 1668 580 1726 socialem
595 1667 673 1725 banc
694 1686 767 1745 opus
781 1665 915 1725 doctrina
943 1665 1123 1724 solidissima
1136 1663 1326 1736 elaboratum,
1349 1665 1528 1745 discipliuae
1554 1689 1602 1726 ce

344 1758 415 1813 toris
428 1756 601 1813 recentioris
618 1755 736 1830 insigne
758 1756 916 1831 specimen,
932 1751 1132 1812 adiumentum
1156 1755 1207 1824 eis,
1231 1755 1285 1830 qui.
1304 1752 1444 1812 historiae
1455 1754 1600 1814 Slavicae

343 1852 373 1901 et
403 1840 650 1920 iurisprudontiae
680 1859 799 1919 operam
828 1839 909 1911 dant,
940 1840 1127 1898 utilissimum
1158 1841 1415 1918 gratissimumque
1438 1861 1503 1900 esse
1529 1863 1601 1902 een·

343 1949 449 1988 sumus.
1508 1923 1555 1990 R.

449 2009 530 2070 rores
545 2008 667 2076 Wilpert,
694 2005 948 2078 Baliaricum
960 2005 1088 2066 tuille·
1102 2006 1231 2066 1111111)
1243 2005 1402 2068 wenta
1428 2009 1600 2065 Kromerit

345 2081 421 2134 1906.
455 2078 487 2132 in
511 2079 549 2140 8⁰,
577 2092 648 2147 pag.
672 2079 715 2145 59,
742 2093 812 2131 cum
838 2080 855 2131 5
880 2075 994 2131 tabulis
1022 2075 1234 2146 phototypicis
1263 2075 1420 2144 (Picturae
1447 2079 1601 2150 antiquae

346 2147 491 2204 basilicae
510 2145 609 2202 sancti
629 2145 818 2215 Clementis).
840 2145 944 2200 Editio
964 2145 1130 2201 Bohemica
1141 2149 1162 2214 ¹)
1182 2151 1279 2200 aucta.

448 2217 642 2286 Opusculum
658 2215 720 2272 Cel.
734 2217 811 2271 Dno.
825 2215 992 2270 Francisco
1007 2215 1116 2284 Bauer,
1135 2214 1238 2270 arcbie
1262 2214 1369 2286 iscopo
1388 2215 1595 2274 olomucensi

344 2287 491 2355 dicatum,
522 2286 637 2354 plura
667 2286 828 2355 profert.
859 2300 957 2355 quae
988 2300 1070 2340 cum
1103 2231 1357 2366 sepulebrum
1387 2286 1416 2340 b.
1448 2286 1601 2357 cyrilli

346 2356 553 2410 Slavorum
586 2354 770 2425 apostoli,
803 2358 880 2409 tum
915 2355 1093 2424 picturas
1125 2355 1250 2410 erdem
1282 2354 1485 2412 finitimas
1517 2373 1601 2428 spe

345 2429 462 2485 etant.
493 2424 607 2488 valde
637 2425 799 2480 diuersa
829 2425 875 2479 ab
904 2423 968 2489 cis,
1000 2439 1098 2492 quae
1130 2425 1334 2493 hucusque
1364 2425 1409 2480 ab
1441 2427 1602 2482 archae·

344 2493 1102 2564 ologiaechristianaecultoribus10.
1122 2492 1601 2566 deRossiducecogno·

344 2579 540 2620 veramne.

447 2633 609 2702 Imprimis
620 2632 884 2702 praemittendum
900 2647 970 2687 ease
983 2647 1156 2700 conserano,
1170 2631 1315 2688 basilicae
1327 2632 1474 2703 antiquae
1489 2634 1517 2688 b.
1532 2634 1600 2690 Cle-

345 2703 459 2758 mentis
478 2731 511 2742 —
530 2717 613 2757 nune
632 2702 863 2771 subterraneae,
884 2717 961 2757 saec.
977 2701 1048 2757 XII.
1068 2701 1357 2783 superaedificatam
1379 2717 1449 2757 esse
1469 2703 1595 2759 hodier-

344 2787 425 2838 nam,
444 2772 475 2826 in
489 2787 584 2841 quam
598 2772 784 2827 translatum
798 2769 858 2827 fuit
871 2787 986 2842 corpus
1000 2771 1028 2828 b.
1043 2771 1066 2828 (1
1092 2770 1152 2826 11111
1164 2787 1234 2826 curn
1254 2770 1355 2826 loculo
1370 2773 1596 2844 (sarcophago)

345 2857 530 2908 marmoreo,
557 2856 651 2912 quem
679 2841 710 2896 in
737 2841 864 2896 basilica
892 2857 974 2897 nora
998 2841 1037 2896 ad
1062 2787 1221 2896 dexteram
1248 2839 1279 2894 in
1305 2842 1377 2895 navi
1402 2849 1598 2912 posuerunt;

344 2911 415 2964 binc
456 2910 576 2965 naestio
595 2912 715 2964 nostris
734 2911 932 2980 temporIbus
951 2917 1060 2966 exorta
1079 2915 1135 2978 est,
1155 2910 1283 2966 ubinam
1305 2909 1453 2979 primitus
1471 2911 1597 2967 loculus

344 2979 374 3033 in
402 2995 439 3034 su
464 2981 608 3034 terranea
633 2979 759 3034 basilica
781 2996 850 3035 cum
873 2980 1013 3050 reliquiis
1029 2982 1058 3036 b.
1073 2980 1181 3051 cyrilli
1200 2981 1367 3036 collocatus
1382 2979 1484 3036 fuerit.
1503 2981 1549 3036 10.
1565 2983 1598 3038 B.

343 3049 382 3103 de
403 3048 494 3103 Rossi
515 3048 622 3105 verbis
642 3050 791 3119 legendae
811 3049 935 3104 Italicae
955 3049 1084 3104 innixus
1111 3050 1155 3114 (in
1177 3055 1379 3105 monumento
1398 3049 1437 3105 ad
1457 3050 1488 3106 id
1509 3067 1598 3120 prae

342 3124 453 3242 paratu
472 3117 503 3173 iu
523 3118 650 3174 basilica
670 3119 754 3189 beati¹
773 3118 942 3174 Clementis
962 3119 1000 3174 ad
1021 3119 1185 3174 dexteram
1207 3127 1325 3188 partem
1352 3119 1460 3175 altaris
1479 3120 1596 3201 ipsins)

355 3203 445 3242 ocum
473 3189 499 3242 1).
528 3187 635 3257 Cyrilli
662 3188 693 3243 in
721 3189 866 3258 sepulcro
890 3190 1026 3258 quodam
1057 3188 1170 3257 partIm
1200 3203 1386 3252 marmoreo.
1415 3194 1528 3258 partim
1556 3207 1596 3246 ex

344 3258 496 3313 lateribus
515 3257 678 3312 aedificato
706 3257 746 3312 in
772 3274 791 3312 n
802 3273 820 3312 a
831 3273 879 3312 ve
907 3257 1097 3312 sinistra
1122 3257 1256 3324 videbat,
1282 3264 1389 3327 utpote
1408 3260 1589 3330 proximum

342 3326 544 3396 Imaginibus,
572 3342 652 3410 quae
671 3329 842 3382 secundum
869 3327 973 3396 ipsum
994 3326 1032 3381 ad
1052 3327 1211 3384 laudatum
1233 3329 1379 3383 Sanctum
1401 3329 1594 3398 spectabant.

447 3398 486 3451 at
498 3397 533 3451 cl.
545 3396 677 3466 erpert
689 3397 770 3452 sicut
783 3399 930 3466 picturas,
948 3412 1028 3466 quas
1041 3397 1265 3468 urchaeologus
1277 3396 1424 3468 Mullooly
1438 3398 1593 3470 imagines

344 3482 382 3521 en
403 3465 468 3521 vita
488 3467 516 3521 1).
537 3465 722 3522 Catharinac
741 3481 811 3522 csse
830 3467 969 3536 putabat,
998 3467 1042 3521 sic
1066 3472 1096 3522 et
1120 3467 1205 3536 alias,
1233 3481 1312 3536 quas
1337 3467 1532 3538 archaeologi
1553 3471 1592 3524 ad

344 3537 374 3590 b.
395 3535 548 3606 Cyrillum
568 3536 755 3604 referebant,
773 3537 902 3591 diuerso
922 3537 1015 3590 modo
1035 3536 1175 3606 explicat.

446 3607 476 3660 1⁰
494 3605 652 3661 Picturam
674 3607 718 3661 »1).
739 3605 938 3662 GatharInae«
961 3605 1030 3660 vult
1061 3621 1131 3661 csse
1151 3604 1317 3675 lmugIncm
1342 3605 1489 3662 iudicii
1514 3607 1593 3662 uni-

341 3674 522 3742 versalis,
542 3676 696 3731 extribus
716 3675 860 3744 partibus
875 3681 1067 3730 constantem
1089 3675 1407 3734 (Resurrectione
1426 3684 1592 3732 mortuo

342 3761 433 3809 rum,
453 3745 616 3805 Iudicio.
636 3743 781 3800 Iudicii
802 3744 1047 3804 executione)
1066 3760 1135 3800 cum
1150 3743 1303 3814 symbolis
1322 3745 1501 3800 iustitiae
1520 3753 1593 3812 (sra-

343 3819 418 3882 tera,
439 3814 551 3882 modio,
570 3815 732 3881 arundine,
751 3818 866 3883 urceo).

446 3885 476 3938 2⁰
495 3885 678 3965 Imagmem,
702 3900 783 3955 quae
808 3886 971 3953 hucusque
996 3885 1035 3938 ab
1054 3884 1267 3954 archaeologis
1299 3884 1328 3939 b.
1349 3882 1456 3954 Cyrilli
1485 3899 1590 3939 coram

342 3952 1591 4079 1111111111111111111101111118111111111111111119111

371 4064 377 4074 .
421 4038 455 4074 -1
565 4039 895 4079 nonosnrusr
1228 4039 1243 4077 s
1451 4039 1590 4078 coam

342 4037 492 4144 usuarii
511 4105 601 4160 rego
621 4099 731 4161 typum
746 4092 1113 4147 veteru-testamentalem
1131 4093 1162 4146 B.
1175 4091 1313 4162 Virginis
1330 4091 1444 4146 Mariae
1455 4092 1487 4146 in
1503 4097 1591 4161 parte

342 4159 438 4213 altera
458 4159 597 4228 depietae
617 4176 686 4215 esse
705 4162 938 4230 interpretatur,
958 4176 1056 4230 aeque
1069 4166 1162 4232 atque
1176 4161 1303 4216 alteram
1324 4160 1491 4231 imaginem
1514 4162 1591 4216 riri

342 4228 579 4283 dormientis
610 4230 627 4283 i.
655 4246 679 4285 e.
709 4229 842 4285 lacobi
867 4229 946 4286 'sub
978 4231 1092 4297 strala,
1112 4231 1408 4301 correspondeutcm
1428 4245 1498 4286 esse
1524 4231 1592 4286 uult

344 4299 484 4367 picturae
504 4299 646 4368 martyrii
667 4301 696 4354 1).
716 4300 809 4364 Petri,
829 4299 979 4370 Apostoll.

445 4371 475 4423 3⁰
502 4369 613 4438 Imago
644 4369 795 4425 Estherae
823 4369 957 4424 finitima
987 4369 1080 4424 »viri
1117 4369 1394 4440 baptizantis,
1428 4385 1519 4438 quem
1550 4369 1589 4423 ‹le

343 4437 435 4491 Rossi
450 4438 616 4493 Slavorum
633 4439 819 4562 appstolum
835 4438 997 4508 Cyrillum,
1016 4439 1066 4495 alii
1087 4439 1217 4496 tratrem
1239 4439 1340 4509 ipsius
1354 4439 1383 4494 1).
1398 4437 1588 4493 Methodium

341 4521 411 4561 esse
430 4508 591 4576 putabant,
611 4509 647 4562 cl.

341 4592 468 4646 papam.
491 4588 493 4591 ·

706 4508 799 4577 ilpcrt
817 4508 891 4564 dicit
911 4509 1181 4577 baptizantem
1212 4523 1282 4564 osse
1303 4511 1329 4564 1).
1351 4507 1588 4564 Clementem

406 4670 548 4766 ,plaudi
566 4701 750 4753 inscribItur:
776 4703 814 4755 Le
838 4702 946 4768 pitture
971 4705 1048 4757 della
1077 4706 1198 4758 basilica
1224 4705 1373 4771 Psimltll'a
1401 4704 1429 4757 dl
1459 4718 1509 4756 ⁵³¹¹
1530 4703 1590 4755 Cle·

445 4774 551 4821 mente.
572 4769 759 4822 1111111906.
