<?xml version="1.0" encoding="UTF-8"?>
<!DOCTYPE html PUBLIC "-//W3C//DTD XHTML 1.0 Transitional//EN"
    "http://www.w3.org/TR/xhtml1/DTD/xhtml1-transitional.dtd">
<html xmlns="http://www.w3.org/1999/xhtml" xml:lang="en" lang="en">
 <head>
  <title>
</title>
<meta http-equiv="Content-Type" content="text/html;charset=utf-8" />
  <meta name='ocr-system' content='tesseract 3.04.00' />
  <meta name='ocr-capabilities' content='ocr_page ocr_carea ocr_par ocr_line ocrx_word'/>
</head>
<body>
  <div class='ocr_page' id='page_1' title='image "./slavorumlittera00unkngoog_0386.png"; bbox 0 0 3450 5342; ppageno 0'>
   <div class='ocr_carea' id='block_1_1' title="bbox 822 397 992 454">
    <p class='ocr_par' dir='ltr' id='par_1_1' title="bbox 822 397 992 454">
     <span class='ocr_line' id='line_1_1' title="bbox 822 397 992 454; baseline -0.012 -14"><span class='ocrx_word' id='word_1_1' title='bbox 822 397 992 454; x_wconf 70' lang='lat'>..18-</span> 
     </span>
    </p>
   </div>
   <div class='ocr_carea' id='block_1_2' title="bbox 288 585 1541 4742">
    <p class='ocr_par' dir='ltr' id='par_1_2' title="bbox 288 585 1539 3960">
     <span class='ocr_line' id='line_1_2' title="bbox 293 585 1535 666; baseline -0.003 -20"><span class='ocrx_word' id='word_1_2' title='bbox 293 587 409 662; x_wconf 74' lang='lat' dir='ltr'>oduoge</span> <span class='ocrx_word' id='word_1_3' title='bbox 433 589 459 644; x_wconf 77' lang='lat' dir='ltr'>ir,</span> <span class='ocrx_word' id='word_1_4' title='bbox 483 587 548 660; x_wconf 72' lang='lat' dir='ltr'>nib:</span> <span class='ocrx_word' id='word_1_5' title='bbox 573 586 737 664; x_wconf 77' lang='lat' dir='ltr'>proishodit</span> <span class='ocrx_word' id='word_1_6' title='bbox 761 585 1059 662; x_wconf 73' lang='lat' dir='ltr'>razdvoeuiecblagn,</span> <span class='ocrx_word' id='word_1_7' title='bbox 1072 585 1246 664; x_wconf 76' lang='lat' dir='ltr'>raspadenie</span> <span class='ocrx_word' id='word_1_8' title='bbox 1259 587 1375 660; x_wconf 70' lang='lat' dir='ltr'>sojura“</span> <span class='ocrx_word' id='word_1_9' title='bbox 1396 593 1435 666; x_wconf 73' lang='lat' dir='ltr'>(p.</span> <span class='ocrx_word' id='word_1_10' title='bbox 1450 585 1535 662; x_wconf 69' lang='grc'><strong>218).</strong></span> 
     </span>
     <span class='ocr_line' id='line_1_3' title="bbox 291 671 1534 750; baseline -0.003 -18"><span class='ocrx_word' id='word_1_11' title='bbox 291 674 348 732; x_wconf 73' lang='lat' dir='ltr'>aed</span> <span class='ocrx_word' id='word_1_12' title='bbox 378 674 452 732; x_wconf 85' lang='lat' dir='ltr'>haec</span> <span class='ocrx_word' id='word_1_13' title='bbox 486 675 604 732; x_wconf 90' lang='lat' dir='ltr'>interna</span> <span class='ocrx_word' id='word_1_14' title='bbox 637 675 822 750; x_wconf 77' lang='lat' dir='ltr'><strong>exceptionis</strong></span> <span class='ocrx_word' id='word_1_15' title='bbox 849 671 887 730; x_wconf 86' lang='lat' dir='ltr'>ab</span> <span class='ocrx_word' id='word_1_16' title='bbox 918 673 1130 732; x_wconf 75' lang='lat' dir='ltr'>insolubilitate</span> <span class='ocrx_word' id='word_1_17' title='bbox 1161 674 1339 732; x_wconf 83' lang='lat' dir='ltr'>matrimonii</span> <span class='ocrx_word' id='word_1_18' title='bbox 1371 673 1445 730; x_wconf 87' lang='lat' dir='ltr'>ratio</span> <span class='ocrx_word' id='word_1_19' title='bbox 1478 693 1534 730; x_wconf 88' lang='lat' dir='ltr'>nou</span> 
     </span>
     <span class='ocr_line' id='line_1_4' title="bbox 290 755 1534 840; baseline -0.003 -21"><span class='ocrx_word' id='word_1_20' title='bbox 290 759 409 819; x_wconf 84' lang='lat' dir='ltr'>videtur</span> <span class='ocrx_word' id='word_1_21' title='bbox 439 780 524 838; x_wconf 87' lang='lat' dir='ltr'>pesse</span> <span class='ocrx_word' id='word_1_22' title='bbox 554 780 620 818; x_wconf 90' lang='lat' dir='ltr'>cnm</span> <span class='ocrx_word' id='word_1_23' title='bbox 647 762 720 838; x_wconf 89' lang='lat' dir='ltr'>ipsis</span> <span class='ocrx_word' id='word_1_24' title='bbox 743 761 864 818; x_wconf 83' lang='lat' dir='ltr'>Domini</span> <span class='ocrx_word' id='word_1_25' title='bbox 889 759 988 818; x_wconf 80' lang='lat' dir='ltr'>verbis</span> <span class='ocrx_word' id='word_1_26' title='bbox 1011 759 1172 818; x_wconf 83' lang='lat' dir='ltr'>conciliari.</span> <span class='ocrx_word' id='word_1_27' title='bbox 1205 761 1283 818; x_wconf 76' lang='lat' dir='ltr'>Nam</span> <span class='ocrx_word' id='word_1_28' title='bbox 1309 755 1342 840; x_wconf 88' lang='lat' dir='ltr'>l)</span> <span class='ocrx_word' id='word_1_29' title='bbox 1367 761 1435 838; x_wconf 85' lang='lat' dir='ltr'>lpse</span> <span class='ocrx_word' id='word_1_30' title='bbox 1459 778 1534 828; x_wconf 84' lang='lat' dir='ltr'>eum,</span> 
     </span>
     <span class='ocr_line' id='line_1_5' title="bbox 289 841 1535 926; baseline -0.003 -21"><span class='ocrx_word' id='word_1_31' title='bbox 289 850 339 926; x_wconf 89' lang='lat' dir='ltr'>qui</span> <span class='ocrx_word' id='word_1_32' title='bbox 363 848 427 905; x_wconf 85' lang='lat' dir='ltr'>sine</span> <span class='ocrx_word' id='word_1_33' title='bbox 451 849 528 904; x_wconf 87' lang='lat' dir='ltr'>iusta</span> <span class='ocrx_word' id='word_1_34' title='bbox 554 867 642 905; x_wconf 88' lang='lat' dir='ltr'>causa</span> <span class='ocrx_word' id='word_1_35' title='bbox 665 866 786 905; x_wconf 85' lang='lat' dir='ltr'>uxorem</span> <span class='ocrx_word' id='word_1_36' title='bbox 810 846 943 916; x_wconf 82' lang='lat' dir='ltr'>dimittit,</span> <span class='ocrx_word' id='word_1_37' title='bbox 967 845 1104 904; x_wconf 89' lang='lat' dir='ltr'>adulterii</span> <span class='ocrx_word' id='word_1_38' title='bbox 1121 867 1200 905; x_wconf 73' lang='lat' dir='ltr'>nrum</span> <span class='ocrx_word' id='word_1_39' title='bbox 1214 843 1463 925; x_wconf 82' lang='lat' dir='ltr'>appellat(Mt.5,</span> <span class='ocrx_word' id='word_1_40' title='bbox 1481 841 1535 916; x_wconf 66' lang='lat'>32&gt;</span> 
     </span>
     <span class='ocr_line' id='line_1_6' title="bbox 289 935 1537 1012; baseline -0.003 -20"><span class='ocrx_word' id='word_1_41' title='bbox 289 969 328 977; x_wconf 91' lang='lat'>--</span> <span class='ocrx_word' id='word_1_42' title='bbox 346 936 410 992; x_wconf 86' lang='lat' dir='ltr'>sive</span> <span class='ocrx_word' id='word_1_43' title='bbox 434 943 579 1011; x_wconf 86' lang='lat' dir='ltr'>quatenus</span> <span class='ocrx_word' id='word_1_44' title='bbox 604 943 705 992; x_wconf 81' lang='lat' dir='ltr'>auctor</span> <span class='ocrx_word' id='word_1_45' title='bbox 727 944 772 992; x_wconf 87' lang='lat' dir='ltr'>est</span> <span class='ocrx_word' id='word_1_46' title='bbox 787 944 878 1002; x_wconf 85' lang='lat' dir='ltr'>actus,</span> <span class='ocrx_word' id='word_1_47' title='bbox 902 935 952 1012; x_wconf 85' lang='lat' dir='ltr'>qni</span> <span class='ocrx_word' id='word_1_48' title='bbox 966 943 1118 1012; x_wconf 89' lang='lat' dir='ltr'>peecatum</span> <span class='ocrx_word' id='word_1_49' title='bbox 1134 943 1219 1004; x_wconf 77' lang='lat' dir='ltr'>esset,</span> <span class='ocrx_word' id='word_1_50' title='bbox 1244 935 1266 992; x_wconf 87' lang='lat' dir='ltr'>si</span> <span class='ocrx_word' id='word_1_51' title='bbox 1281 935 1403 991; x_wconf 88' lang='lat' dir='ltr'>maritus</span> <span class='ocrx_word' id='word_1_52' title='bbox 1415 942 1537 1010; x_wconf 88' lang='lat' dir='ltr'>peccato</span> 
     </span>
     <span class='ocr_line' id='line_1_7' title="bbox 289 1020 1537 1098; baseline -0.002 -20"><span class='ocrx_word' id='word_1_53' title='bbox 289 1042 340 1080; x_wconf 89' lang='lat' dir='ltr'>sne</span> <span class='ocrx_word' id='word_1_54' title='bbox 364 1021 515 1079; x_wconf 80' lang='lat' dir='ltr'>vinculum</span> <span class='ocrx_word' id='word_1_55' title='bbox 538 1041 598 1080; x_wconf 91' lang='lat' dir='ltr'>non</span> <span class='ocrx_word' id='word_1_56' title='bbox 618 1020 763 1087; x_wconf 81' lang='lat' dir='ltr'>solvisset,</span> <span class='ocrx_word' id='word_1_57' title='bbox 794 1022 857 1079; x_wconf 87' lang='lat' dir='ltr'>siva</span> <span class='ocrx_word' id='word_1_58' title='bbox 881 1031 1025 1098; x_wconf 86' lang='lat' dir='ltr'>quatenus</span> <span class='ocrx_word' id='word_1_59' title='bbox 1057 1032 1100 1078; x_wconf 92' lang='lat' dir='ltr'>est</span> <span class='ocrx_word' id='word_1_60' title='bbox 1131 1031 1232 1079; x_wconf 79' lang='lat' dir='ltr'>auctor</span> <span class='ocrx_word' id='word_1_61' title='bbox 1256 1023 1315 1078; x_wconf 84' lang='lat' dir='ltr'>reri</span> <span class='ocrx_word' id='word_1_62' title='bbox 1349 1021 1484 1098; x_wconf 75' lang='lat' dir='ltr'>peceati3</span> <span class='ocrx_word' id='word_1_63' title='bbox 1508 1029 1537 1076; x_wconf 90' lang='lat' dir='ltr'>et</span> 
     </span>
     <span class='ocr_line' id='line_1_8' title="bbox 289 1106 1532 1185; baseline -0.002 -19"><span class='ocrx_word' id='word_1_64' title='bbox 289 1119 367 1166; x_wconf 90' lang='lat' dir='ltr'>certe</span> <span class='ocrx_word' id='word_1_65' title='bbox 391 1128 450 1166; x_wconf 92' lang='lat' dir='ltr'>nou</span> <span class='ocrx_word' id='word_1_66' title='bbox 474 1108 571 1165; x_wconf 87' lang='lat' dir='ltr'>minus</span> <span class='ocrx_word' id='word_1_67' title='bbox 593 1106 827 1185; x_wconf 78' lang='lat' dir='ltr'>(nonnumquam</span> <span class='ocrx_word' id='word_1_68' title='bbox 857 1107 1015 1166; x_wconf 86' lang='lat' dir='ltr'>manifestio</span> <span class='ocrx_word' id='word_1_69' title='bbox 1038 1109 1141 1184; x_wconf 81' lang='lat' dir='ltr'>magis,</span> <span class='ocrx_word' id='word_1_70' title='bbox 1165 1127 1230 1166; x_wconf 90' lang='lat' dir='ltr'>cnm</span> <span class='ocrx_word' id='word_1_71' title='bbox 1259 1109 1364 1177; x_wconf 86' lang='lat' dir='ltr'>,tertia</span> <span class='ocrx_word' id='word_1_72' title='bbox 1386 1109 1532 1184; x_wconf 68' lang='lat' dir='ltr'>persona*</span> 
     </span>
     <span class='ocr_line' id='line_1_9' title="bbox 290 1191 1535 1274; baseline -0.002 -22"><span class='ocrx_word' id='word_1_73' title='bbox 290 1215 356 1253; x_wconf 91' lang='lat' dir='ltr'>cum</span> <span class='ocrx_word' id='word_1_74' title='bbox 382 1214 527 1253; x_wconf 86' lang='lat' dir='ltr'>consensu</span> <span class='ocrx_word' id='word_1_75' title='bbox 556 1196 707 1272; x_wconf 89' lang='lat' dir='ltr'>utriusque</span> <span class='ocrx_word' id='word_1_76' title='bbox 734 1196 868 1268; x_wconf 77' lang='lat' dir='ltr'>coniugis</span> <span class='ocrx_word' id='word_1_77' title='bbox 894 1193 942 1272; x_wconf 91' lang='lat' dir='ltr'>[ne</span> <span class='ocrx_word' id='word_1_78' title='bbox 965 1195 1068 1272; x_wconf 80' lang='lat' dir='ltr'>loquar</span> <span class='ocrx_word' id='word_1_79' title='bbox 1090 1192 1127 1252; x_wconf 82' lang='lat' dir='ltr'>de</span> <span class='ocrx_word' id='word_1_80' title='bbox 1150 1194 1321 1274; x_wconf 75' lang='lat' dir='ltr'>polygamia</span> <span class='ocrx_word' id='word_1_81' title='bbox 1347 1191 1535 1268; x_wconf 77' lang='lat' dir='ltr'>ludaeorum]</span> 
     </span>
     <span class='ocr_line' id='line_1_10' title="bbox 290 1279 1539 1358; baseline -0.003 -19"><span class='ocrx_word' id='word_1_82' title='bbox 290 1279 477 1358; x_wconf 83' lang='lat' dir='ltr'>intervenitl)</span> <span class='ocrx_word' id='word_1_83' title='bbox 501 1281 551 1339; x_wconf 89' lang='lat' dir='ltr'>ille</span> <span class='ocrx_word' id='word_1_84' title='bbox 574 1291 756 1339; x_wconf 85' lang='lat' dir='ltr'>contractum</span> <span class='ocrx_word' id='word_1_85' title='bbox 778 1280 1027 1340; x_wconf 80' lang='lat' dir='ltr'>matrimonialem</span> <span class='ocrx_word' id='word_1_86' title='bbox 1051 1281 1135 1342; x_wconf 87' lang='lat' dir='ltr'>tellit.</span> <span class='ocrx_word' id='word_1_87' title='bbox 1171 1283 1221 1358; x_wconf 86' lang='lat' dir='ltr'>qui</span> <span class='ocrx_word' id='word_1_88' title='bbox 1244 1301 1363 1339; x_wconf 79' lang='lat' dir='ltr'>uxorem</span> <span class='ocrx_word' id='word_1_89' title='bbox 1381 1282 1445 1340; x_wconf 88' lang='lat' dir='ltr'>sine</span> <span class='ocrx_word' id='word_1_90' title='bbox 1460 1281 1539 1337; x_wconf 87' lang='lat' dir='ltr'>iusta</span> 
     </span>
     <span class='ocr_line' id='line_1_11' title="bbox 291 1366 1539 1446; baseline -0.003 -20"><span class='ocrx_word' id='word_1_91' title='bbox 291 1388 380 1427; x_wconf 86' lang='lat' dir='ltr'>causa</span> <span class='ocrx_word' id='word_1_92' title='bbox 409 1367 541 1436; x_wconf 88' lang='lat' dir='ltr'>dimittit,</span> <span class='ocrx_word' id='word_1_93' title='bbox 571 1387 659 1446; x_wconf 85' lang='lat' dir='ltr'>quam</span> <span class='ocrx_word' id='word_1_94' title='bbox 691 1369 741 1445; x_wconf 87' lang='lat' dir='ltr'>qui</span> <span class='ocrx_word' id='word_1_95' title='bbox 764 1366 941 1426; x_wconf 77' lang='lat' dir='ltr'>adulterium</span> <span class='ocrx_word' id='word_1_96' title='bbox 965 1367 1035 1426; x_wconf 88' lang='lat' dir='ltr'>lacit</span> <span class='ocrx_word' id='word_1_97' title='bbox 1061 1368 1107 1426; x_wconf 87' lang='lat' dir='ltr'>rel</span> <span class='ocrx_word' id='word_1_98' title='bbox 1132 1371 1249 1446; x_wconf 88' lang='lat' dir='ltr'>patitur.</span> <span class='ocrx_word' id='word_1_99' title='bbox 1273 1369 1336 1427; x_wconf 85' lang='lat' dir='ltr'>lam</span> <span class='ocrx_word' id='word_1_100' title='bbox 1360 1367 1415 1426; x_wconf 86' lang='lat' dir='ltr'>lroc</span> <span class='ocrx_word' id='word_1_101' title='bbox 1438 1367 1539 1444; x_wconf 87' lang='lat' dir='ltr'>posito</span> 
     </span>
     <span class='ocr_line' id='line_1_12' title="bbox 293 1453 1538 1532; baseline -0.003 -19"><span class='ocrx_word' id='word_1_102' title='bbox 293 1455 429 1514; x_wconf 87' lang='lat' dir='ltr'>Christus</span> <span class='ocrx_word' id='word_1_103' title='bbox 462 1463 540 1512; x_wconf 88' lang='lat' dir='ltr'>certe</span> <span class='ocrx_word' id='word_1_104' title='bbox 574 1453 672 1512; x_wconf 87' lang='lat' dir='ltr'>dicere</span> <span class='ocrx_word' id='word_1_105' title='bbox 713 1457 826 1532; x_wconf 90' lang='lat' dir='ltr'>potuit:</span> <span class='ocrx_word' id='word_1_106' title='bbox 872 1453 931 1530; x_wconf 79' lang='lat' dir='ltr'>Qui</span> <span class='ocrx_word' id='word_1_107' title='bbox 967 1475 1087 1512; x_wconf 83' lang='lat' dir='ltr'>uxorem</span> <span class='ocrx_word' id='word_1_108' title='bbox 1120 1457 1228 1513; x_wconf 87' lang='lat' dir='ltr'>iniuste</span> <span class='ocrx_word' id='word_1_109' title='bbox 1259 1454 1391 1525; x_wconf 85' lang='lat' dir='ltr'>dimittit,</span> <span class='ocrx_word' id='word_1_110' title='bbox 1425 1465 1538 1531; x_wconf 87' lang='lat' dir='ltr'>peccat,</span> 
     </span>
     <span class='ocr_line' id='line_1_13' title="bbox 293 1539 1536 1618; baseline -0.005 -18"><span class='ocrx_word' id='word_1_111' title='bbox 293 1541 429 1600; x_wconf 88' lang='lat' dir='ltr'>adulterii</span> <span class='ocrx_word' id='word_1_112' title='bbox 454 1562 527 1611; x_wconf 86' lang='lat' dir='ltr'>reus,</span> <span class='ocrx_word' id='word_1_113' title='bbox 551 1539 666 1598; x_wconf 80' lang='lat' dir='ltr'>adulter</span> <span class='ocrx_word' id='word_1_114' title='bbox 688 1551 740 1607; x_wconf 86' lang='lat' dir='ltr'>est,</span> <span class='ocrx_word' id='word_1_115' title='bbox 764 1562 866 1599; x_wconf 91' lang='lat' dir='ltr'>verum</span> <span class='ocrx_word' id='word_1_116' title='bbox 889 1562 979 1599; x_wconf 67' lang='lat' dir='ltr'>axone</span> <span class='ocrx_word' id='word_1_117' title='bbox 1003 1541 1125 1600; x_wconf 86' lang='lat' dir='ltr'>dimissa</span> <span class='ocrx_word' id='word_1_118' title='bbox 1149 1543 1237 1600; x_wconf 85' lang='lat' dir='ltr'>aliam</span> <span class='ocrx_word' id='word_1_119' title='bbox 1260 1541 1366 1599; x_wconf 89' lang='lat' dir='ltr'>ducere</span> <span class='ocrx_word' id='word_1_120' title='bbox 1382 1549 1536 1618; x_wconf 85' lang='lat' dir='ltr'>peccatum</span> 
     </span>
     <span class='ocr_line' id='line_1_14' title="bbox 293 1627 1536 1707; baseline -0.003 -21"><span class='ocrx_word' id='word_1_121' title='bbox 293 1649 356 1686; x_wconf 88' lang='lat' dir='ltr'>esse</span> <span class='ocrx_word' id='word_1_122' title='bbox 379 1631 475 1707; x_wconf 86' lang='lat' dir='ltr'>potius</span> <span class='ocrx_word' id='word_1_123' title='bbox 498 1627 665 1704; x_wconf 72' lang='lat' dir='ltr'>negandum</span> <span class='ocrx_word' id='word_1_124' title='bbox 679 1639 749 1693; x_wconf 85' lang='lat' dir='ltr'>erat,</span> <span class='ocrx_word' id='word_1_125' title='bbox 762 1629 832 1706; x_wconf 78' lang='lat' dir='ltr'>quia</span> <span class='ocrx_word' id='word_1_126' title='bbox 844 1630 909 1706; x_wconf 88' lang='lat' dir='ltr'>ipsa</span> <span class='ocrx_word' id='word_1_127' title='bbox 921 1628 1093 1686; x_wconf 82' lang='lat' dir='ltr'>dimissione</span> <span class='ocrx_word' id='word_1_128' title='bbox 1106 1631 1323 1688; x_wconf 82' lang='lat' dir='ltr'>matrimonium</span> <span class='ocrx_word' id='word_1_129' title='bbox 1337 1629 1395 1684; x_wconf 84' lang='lat' dir='ltr'>ianr</span> <span class='ocrx_word' id='word_1_130' title='bbox 1407 1627 1536 1685; x_wconf 87' lang='lat' dir='ltr'>solutum</span> 
     </span>
     <span class='ocr_line' id='line_1_15' title="bbox 293 1709 1537 1794; baseline -0.002 -21"><span class='ocrx_word' id='word_1_131' title='bbox 293 1715 403 1774; x_wconf 83' lang='lat' dir='ltr'>fuisset.</span> <span class='ocrx_word' id='word_1_132' title='bbox 419 1750 456 1758; x_wconf 87' lang='lat'>-</span> <span class='ocrx_word' id='word_1_133' title='bbox 475 1709 513 1794; x_wconf 86' lang='lat'>2)</span> <span class='ocrx_word' id='word_1_134' title='bbox 531 1713 642 1772; x_wconf 76' lang='lat' dir='ltr'>Christi</span> <span class='ocrx_word' id='word_1_135' title='bbox 665 1717 822 1781; x_wconf 85' lang='lat' dir='ltr'>sententia,</span> <span class='ocrx_word' id='word_1_136' title='bbox 845 1735 911 1772; x_wconf 93' lang='lat' dir='ltr'>enm</span> <span class='ocrx_word' id='word_1_137' title='bbox 928 1717 978 1794; x_wconf 91' lang='lat' dir='ltr'>qui</span> <span class='ocrx_word' id='word_1_138' title='bbox 995 1717 1058 1774; x_wconf 89' lang='lat' dir='ltr'>sine</span> <span class='ocrx_word' id='word_1_139' title='bbox 1071 1718 1147 1774; x_wconf 89' lang='lat' dir='ltr'>iusta</span> <span class='ocrx_word' id='word_1_140' title='bbox 1159 1735 1247 1774; x_wconf 87' lang='lat' dir='ltr'>cansa</span> <span class='ocrx_word' id='word_1_141' title='bbox 1259 1735 1380 1772; x_wconf 73' lang='lat' dir='ltr'>urrerem</span> <span class='ocrx_word' id='word_1_142' title='bbox 1394 1713 1537 1778; x_wconf 86' lang='lat' dir='ltr'>dimittat,</span> 
     </span>
     <span class='ocr_line' id='line_1_16' title="bbox 293 1800 1537 1879; baseline -0.005 -18"><span class='ocrx_word' id='word_1_143' title='bbox 293 1804 445 1861; x_wconf 79' lang='lat' dir='ltr'>causative</span> <span class='ocrx_word' id='word_1_144' title='bbox 468 1801 643 1859; x_wconf 78' lang='lat' dir='ltr'>adulterium</span> <span class='ocrx_word' id='word_1_145' title='bbox 666 1803 858 1869; x_wconf 84' lang='lat' dir='ltr'>committere,</span> <span class='ocrx_word' id='word_1_146' title='bbox 888 1803 1036 1876; x_wconf 76' lang='lat' dir='ltr'>generalis</span> <span class='ocrx_word' id='word_1_147' title='bbox 1059 1813 1111 1863; x_wconf 81' lang='lat' dir='ltr'>est.</span> <span class='ocrx_word' id='word_1_148' title='bbox 1141 1801 1265 1879; x_wconf 82' lang='lat' dir='ltr'>ideoque</span> <span class='ocrx_word' id='word_1_149' title='bbox 1288 1815 1316 1858; x_wconf 90' lang='lat' dir='ltr'>et</span> <span class='ocrx_word' id='word_1_150' title='bbox 1340 1800 1376 1858; x_wconf 88' lang='lat' dir='ltr'>ad</span> <span class='ocrx_word' id='word_1_151' title='bbox 1401 1821 1459 1861; x_wconf 84' lang='lat' dir='ltr'>eos.</span> <span class='ocrx_word' id='word_1_152' title='bbox 1486 1801 1537 1877; x_wconf 90' lang='lat' dir='ltr'>qui</span> 
     </span>
     <span class='ocr_line' id='line_1_17' title="bbox 291 1885 1537 1966; baseline -0.003 -20"><span class='ocrx_word' id='word_1_153' title='bbox 291 1909 381 1947; x_wconf 83' lang='lat' dir='ltr'>uxore</span> <span class='ocrx_word' id='word_1_154' title='bbox 404 1887 527 1946; x_wconf 83' lang='lat' dir='ltr'>dimissa</span> <span class='ocrx_word' id='word_1_155' title='bbox 549 1888 639 1946; x_wconf 92' lang='lat' dir='ltr'>aliam</span> <span class='ocrx_word' id='word_1_156' title='bbox 661 1888 770 1946; x_wconf 90' lang='lat' dir='ltr'>ducunt</span> <span class='ocrx_word' id='word_1_157' title='bbox 784 1885 823 1945; x_wconf 69' lang='lat' dir='ltr'>‘et</span> <span class='ocrx_word' id='word_1_158' title='bbox 836 1888 873 1946; x_wconf 87' lang='lat' dir='ltr'>ad</span> <span class='ocrx_word' id='word_1_159' title='bbox 890 1909 947 1956; x_wconf 87' lang='lat' dir='ltr'>eos,</span> <span class='ocrx_word' id='word_1_160' title='bbox 964 1891 1012 1966; x_wconf 80' lang='lat' dir='ltr'>qui</span> <span class='ocrx_word' id='word_1_161' title='bbox 1027 1911 1085 1946; x_wconf 93' lang='lat' dir='ltr'>nen</span> <span class='ocrx_word' id='word_1_162' title='bbox 1098 1888 1216 1956; x_wconf 79' lang='lat' dir='ltr'>ductant,</span> <span class='ocrx_word' id='word_1_163' title='bbox 1229 1887 1406 1946; x_wconf 83' lang='lat' dir='ltr'>extenditur.</span> <span class='ocrx_word' id='word_1_164' title='bbox 1425 1887 1537 1946; x_wconf 81' lang='lat' dir='ltr'>l&#39;erum</span> 
     </span>
     <span class='ocr_line' id='line_1_18' title="bbox 291 1969 1538 2056; baseline -0.004 -22"><span class='ocrx_word' id='word_1_165' title='bbox 291 1978 315 2034; x_wconf 88' lang='lat' dir='ltr'>si</span> <span class='ocrx_word' id='word_1_166' title='bbox 329 1974 360 2055; x_wconf 80' lang='lat' dir='ltr'>(e¹</span> <span class='ocrx_word' id='word_1_167' title='bbox 381 1977 529 2033; x_wconf 89' lang='lat' dir='ltr'>sententia</span> <span class='ocrx_word' id='word_1_168' title='bbox 546 1969 598 2049; x_wconf 82' lang='lat' dir='ltr'>G.)</span> <span class='ocrx_word' id='word_1_169' title='bbox 622 1977 707 2032; x_wconf 81' lang='lat' dir='ltr'>neris</span> <span class='ocrx_word' id='word_1_170' title='bbox 721 1977 830 2053; x_wconf 84' lang='lat' dir='ltr'>nuptiis</span> <span class='ocrx_word' id='word_1_171' title='bbox 847 1978 1065 2034; x_wconf 78' lang='lat' dir='ltr'>matrimonium</span> <span class='ocrx_word' id='word_1_172' title='bbox 1087 1977 1166 2056; x_wconf 89' lang='lat' dir='ltr'>prius</span> <span class='ocrx_word' id='word_1_173' title='bbox 1183 1975 1351 2037; x_wconf 76' lang='lat' dir='ltr'>solveretur,</span> <span class='ocrx_word' id='word_1_174' title='bbox 1366 1995 1424 2032; x_wconf 92' lang='lat' dir='ltr'>uon</span> <span class='ocrx_word' id='word_1_175' title='bbox 1437 1983 1538 2051; x_wconf 86' lang='lat' dir='ltr'>posset</span> 
     </span>
     <span class='ocr_line' id='line_1_19' title="bbox 289 2061 1535 2140; baseline -0.003 -20"><span class='ocrx_word' id='word_1_176' title='bbox 289 2063 364 2120; x_wconf 90' lang='lat' dir='ltr'>bene</span> <span class='ocrx_word' id='word_1_177' title='bbox 394 2061 432 2119; x_wconf 91' lang='lat' dir='ltr'>ad</span> <span class='ocrx_word' id='word_1_178' title='bbox 456 2082 557 2120; x_wconf 87' lang='lat' dir='ltr'>ornnes</span> <span class='ocrx_word' id='word_1_179' title='bbox 587 2061 718 2130; x_wconf 84' lang='lat' dir='ltr'>extendi,</span> <span class='ocrx_word' id='word_1_180' title='bbox 752 2065 821 2140; x_wconf 87' lang='lat' dir='ltr'>quia</span> <span class='ocrx_word' id='word_1_181' title='bbox 845 2062 895 2120; x_wconf 91' lang='lat' dir='ltr'>ille</span> <span class='ocrx_word' id='word_1_182' title='bbox 919 2063 980 2120; x_wconf 89' lang='lat' dir='ltr'>veri</span> <span class='ocrx_word' id='word_1_183' title='bbox 1005 2061 1142 2120; x_wconf 92' lang='lat' dir='ltr'>adulterii</span> <span class='ocrx_word' id='word_1_184' title='bbox 1174 2083 1245 2120; x_wconf 81' lang='lat' dir='ltr'>vera</span> <span class='ocrx_word' id='word_1_185' title='bbox 1268 2082 1357 2120; x_wconf 80' lang='lat' dir='ltr'>carisa</span> <span class='ocrx_word' id='word_1_186' title='bbox 1387 2081 1451 2118; x_wconf 89' lang='lat' dir='ltr'>esse</span> <span class='ocrx_word' id='word_1_187' title='bbox 1478 2079 1535 2118; x_wconf 91' lang='lat' dir='ltr'>non</span> 
     </span>
     <span class='ocr_line' id='line_1_20' title="bbox 288 2145 1536 2228; baseline -0.002 -22"><span class='ocrx_word' id='word_1_188' title='bbox 288 2159 394 2227; x_wconf 86' lang='lat' dir='ltr'>posset,</span> <span class='ocrx_word' id='word_1_189' title='bbox 418 2151 467 2226; x_wconf 82' lang='lat' dir='ltr'>qui</span> <span class='ocrx_word' id='word_1_190' title='bbox 492 2168 582 2205; x_wconf 87' lang='lat' dir='ltr'>uxore</span> <span class='ocrx_word' id='word_1_191' title='bbox 605 2146 729 2206; x_wconf 85' lang='lat' dir='ltr'>dimissa</span> <span class='ocrx_word' id='word_1_192' title='bbox 744 2151 845 2206; x_wconf 86' lang='lat' dir='ltr'>statim</span> <span class='ocrx_word' id='word_1_193' title='bbox 869 2150 957 2207; x_wconf 86' lang='lat' dir='ltr'>aliam</span> <span class='ocrx_word' id='word_1_194' title='bbox 974 2147 1101 2206; x_wconf 86' lang='lat' dir='ltr'>duceret.</span> <span class='ocrx_word' id='word_1_195' title='bbox 1127 2145 1165 2227; x_wconf 88' lang='lat'>3)</span> <span class='ocrx_word' id='word_1_196' title='bbox 1183 2149 1286 2228; x_wconf 82' lang='lat' dir='ltr'>Neque</span> <span class='ocrx_word' id='word_1_197' title='bbox 1311 2149 1363 2206; x_wconf 88' lang='lat' dir='ltr'>illa</span> <span class='ocrx_word' id='word_1_198' title='bbox 1385 2149 1536 2206; x_wconf 88' lang='lat' dir='ltr'>sententia</span> 
     </span>
     <span class='ocr_line' id='line_1_21' title="bbox 291 2233 1536 2314; baseline -0.003 -21"><span class='ocrx_word' id='word_1_199' title='bbox 291 2235 499 2294; x_wconf 82' lang='lat' dir='ltr'>universaliter</span> <span class='ocrx_word' id='word_1_200' title='bbox 522 2254 592 2292; x_wconf 85' lang='lat' dir='ltr'>vera</span> <span class='ocrx_word' id='word_1_201' title='bbox 611 2246 696 2301; x_wconf 89' lang='lat' dir='ltr'>esset,</span> <span class='ocrx_word' id='word_1_202' title='bbox 720 2255 795 2306; x_wconf 91' lang='lat' dir='ltr'>eum,</span> <span class='ocrx_word' id='word_1_203' title='bbox 819 2238 870 2314; x_wconf 86' lang='lat' dir='ltr'>qui</span> <span class='ocrx_word' id='word_1_204' title='bbox 893 2235 1016 2294; x_wconf 87' lang='lat' dir='ltr'>dimissa</span> <span class='ocrx_word' id='word_1_205' title='bbox 1033 2255 1122 2294; x_wconf 79' lang='lat' dir='ltr'>uxore</span> <span class='ocrx_word' id='word_1_206' title='bbox 1139 2237 1228 2293; x_wconf 89' lang='lat' dir='ltr'>alium</span> <span class='ocrx_word' id='word_1_207' title='bbox 1252 2233 1348 2302; x_wconf 83' lang='lat' dir='ltr'>ducat,</span> <span class='ocrx_word' id='word_1_208' title='bbox 1373 2234 1536 2304; x_wconf 84' lang='lat' dir='ltr'>moechari;</span> 
     </span>
     <span class='ocr_line' id='line_1_22' title="bbox 292 2321 1537 2392; baseline -0.003 -12"><span class='ocrx_word' id='word_1_209' title='bbox 292 2324 317 2380; x_wconf 92' lang='lat' dir='ltr'>si</span> <span class='ocrx_word' id='word_1_210' title='bbox 346 2325 425 2380; x_wconf 89' lang='lat' dir='ltr'>enim</span> <span class='ocrx_word' id='word_1_211' title='bbox 449 2323 605 2380; x_wconf 84' lang='lat' dir='ltr'>commisso</span> <span class='ocrx_word' id='word_1_212' title='bbox 636 2325 693 2378; x_wconf 87' lang='lat' dir='ltr'>iarn</span> <span class='ocrx_word' id='word_1_213' title='bbox 724 2321 761 2380; x_wconf 90' lang='lat' dir='ltr'>ab</span> <span class='ocrx_word' id='word_1_214' title='bbox 784 2343 876 2380; x_wconf 81' lang='lat' dir='ltr'>exere</span> <span class='ocrx_word' id='word_1_215' title='bbox 908 2321 1030 2380; x_wconf 89' lang='lat' dir='ltr'>dimissa</span> <span class='ocrx_word' id='word_1_216' title='bbox 1054 2322 1198 2380; x_wconf 89' lang='lat' dir='ltr'>adulterio</span> <span class='ocrx_word' id='word_1_217' title='bbox 1222 2322 1310 2380; x_wconf 88' lang='lat' dir='ltr'>aliam</span> <span class='ocrx_word' id='word_1_218' title='bbox 1335 2321 1423 2392; x_wconf 84' lang='lat' dir='ltr'>ducit,</span> <span class='ocrx_word' id='word_1_219' title='bbox 1458 2321 1537 2378; x_wconf 81' lang='lat' dir='ltr'>all.</span> 
     </span>
     <span class='ocr_line' id='line_1_23' title="bbox 293 2407 1536 2488; baseline -0.004 -21"><span class='ocrx_word' id='word_1_220' title='bbox 293 2409 441 2468; x_wconf 89' lang='lat' dir='ltr'>moechari</span> <span class='ocrx_word' id='word_1_221' title='bbox 463 2407 522 2466; x_wconf 92' lang='lat' dir='ltr'>dici</span> <span class='ocrx_word' id='word_1_222' title='bbox 547 2429 604 2466; x_wconf 88' lang='lat' dir='ltr'>non</span> <span class='ocrx_word' id='word_1_223' title='bbox 628 2421 732 2488; x_wconf 88' lang='lat' dir='ltr'>petest.</span> <span class='ocrx_word' id='word_1_224' title='bbox 748 2441 790 2452; x_wconf 90' lang='lat'><em>-</em></span> <span class='ocrx_word' id='word_1_225' title='bbox 806 2413 916 2467; x_wconf 65' lang='lat' dir='ltr'>Sensus</span> <span class='ocrx_word' id='word_1_226' title='bbox 940 2411 1030 2486; x_wconf 78' lang='lat' dir='ltr'>igitur</span> <span class='ocrx_word' id='word_1_227' title='bbox 1054 2409 1206 2468; x_wconf 77' lang='lat' dir='ltr'>verborum</span> <span class='ocrx_word' id='word_1_228' title='bbox 1224 2409 1337 2466; x_wconf 78' lang='lat' dir='ltr'>Christi</span> <span class='ocrx_word' id='word_1_229' title='bbox 1361 2430 1419 2466; x_wconf 91' lang='lat' dir='ltr'>non</span> <span class='ocrx_word' id='word_1_230' title='bbox 1439 2415 1536 2485; x_wconf 85' lang='lat' dir='ltr'>petest</span> 
     </span>
     <span class='ocr_line' id='line_1_24' title="bbox 293 2493 1537 2575; baseline -0.004 -20"><span class='ocrx_word' id='word_1_231' title='bbox 293 2517 370 2556; x_wconf 86' lang='lat' dir='ltr'>esse:</span> <span class='ocrx_word' id='word_1_232' title='bbox 393 2495 537 2554; x_wconf 88' lang='lat' dir='ltr'>adulterio</span> <span class='ocrx_word' id='word_1_233' title='bbox 560 2498 715 2553; x_wconf 83' lang='lat' dir='ltr'>commisso</span> <span class='ocrx_word' id='word_1_234' title='bbox 737 2506 892 2575; x_wconf 87' lang='lat' dir='ltr'>utrumqne</span> <span class='ocrx_word' id='word_1_235' title='bbox 915 2497 1069 2572; x_wconf 82' lang='lat' dir='ltr'>coniugem</span> <span class='ocrx_word' id='word_1_236' title='bbox 1094 2495 1212 2556; x_wconf 87' lang='lat' dir='ltr'>vinculo</span> <span class='ocrx_word' id='word_1_237' title='bbox 1228 2495 1438 2553; x_wconf 77' lang='lat' dir='ltr'>matrimoniali</span> <span class='ocrx_word' id='word_1_238' title='bbox 1462 2493 1537 2552; x_wconf 88' lang='lat' dir='ltr'>libe.-</span> 
     </span>
     <span class='ocr_line' id='line_1_25' title="bbox 294 2579 1537 2659; baseline -0.003 -19"><span class='ocrx_word' id='word_1_239' title='bbox 294 2593 388 2641; x_wconf 90' lang='lat' dir='ltr'>ratum</span> <span class='ocrx_word' id='word_1_240' title='bbox 422 2602 486 2639; x_wconf 87' lang='lat' dir='ltr'>esse</span> <span class='ocrx_word' id='word_1_241' title='bbox 510 2580 569 2639; x_wconf 74' lang='lat' dir='ltr'>Sed</span> <span class='ocrx_word' id='word_1_242' title='bbox 592 2585 754 2659; x_wconf 84' lang='lat' dir='ltr'>generatim</span> <span class='ocrx_word' id='word_1_243' title='bbox 776 2582 852 2640; x_wconf 92' lang='lat' dir='ltr'>nihil</span> <span class='ocrx_word' id='word_1_244' title='bbox 880 2583 926 2642; x_wconf 91' lang='lat' dir='ltr'>his</span> <span class='ocrx_word' id='word_1_245' title='bbox 942 2583 1048 2649; x_wconf 85' lang='lat' dir='ltr'>verbis,</span> <span class='ocrx_word' id='word_1_246' title='bbox 1073 2603 1130 2640; x_wconf 92' lang='lat' dir='ltr'>non</span> <span class='ocrx_word' id='word_1_247' title='bbox 1155 2583 1248 2641; x_wconf 89' lang='lat' dir='ltr'>solum</span> <span class='ocrx_word' id='word_1_248' title='bbox 1265 2581 1300 2641; x_wconf 88' lang='lat' dir='ltr'>de</span> <span class='ocrx_word' id='word_1_249' title='bbox 1318 2579 1537 2659; x_wconf 81' lang='lat' dir='ltr'>praecipiendis</span> 
     </span>
     <span class='ocr_line' id='line_1_26' title="bbox 294 2667 1537 2748; baseline -0.001 -21"><span class='ocrx_word' id='word_1_250' title='bbox 294 2670 366 2747; x_wconf 84' lang='lat' dir='ltr'>(,ne</span> <span class='ocrx_word' id='word_1_251' title='bbox 381 2668 559 2745; x_wconf 81' lang='lat' dir='ltr'>uzakenjaja</span> <span class='ocrx_word' id='word_1_252' title='bbox 576 2668 683 2727; x_wconf 82' lang='lat' dir='ltr'>raared</span> <span class='ocrx_word' id='word_1_253' title='bbox 706 2668 778 2728; x_wconf 71' lang='lat' dir='ltr'>dete</span> <span class='ocrx_word' id='word_1_254' title='bbox 802 2691 838 2746; x_wconf 94' lang='lat' dir='ltr'>po</span> <span class='ocrx_word' id='word_1_255' title='bbox 861 2671 931 2729; x_wconf 71' lang='lat' dir='ltr'>vind</span> <span class='ocrx_word' id='word_1_256' title='bbox 954 2668 1257 2748; x_wconf 70' lang='lat' dir='ltr'>preljuboddjanija*)</span> <span class='ocrx_word' id='word_1_257' title='bbox 1272 2667 1324 2727; x_wconf 85' lang='lat' dir='ltr'>sed</span> <span class='ocrx_word' id='word_1_258' title='bbox 1341 2689 1395 2726; x_wconf 89' lang='lat' dir='ltr'>nec</span> <span class='ocrx_word' id='word_1_259' title='bbox 1417 2667 1454 2726; x_wconf 91' lang='lat' dir='ltr'>de</span> <span class='ocrx_word' id='word_1_260' title='bbox 1471 2689 1537 2746; x_wconf 91' lang='lat' dir='ltr'>per·</span> 
     </span>
     <span class='ocr_line' id='line_1_27' title="bbox 294 2754 1537 2837; baseline -0.002 -24"><span class='ocrx_word' id='word_1_261' title='bbox 294 2755 446 2814; x_wconf 84' lang='lat' dir='ltr'>mittendis</span> <span class='ocrx_word' id='word_1_262' title='bbox 476 2754 673 2829; x_wconf 78' lang='lat' dir='ltr'>(,vstedstvis</span> <span class='ocrx_word' id='word_1_263' title='bbox 702 2756 978 2834; x_wconf 66' lang='lat' dir='ltr'>grabespesobnosti</span> <span class='ocrx_word' id='word_1_264' title='bbox 1010 2755 1137 2837; x_wconf 85' lang='lat' dir='ltr'>ljudej“)</span> <span class='ocrx_word' id='word_1_265' title='bbox 1161 2759 1247 2815; x_wconf 86' lang='lat' dir='ltr'>noris</span> <span class='ocrx_word' id='word_1_266' title='bbox 1270 2757 1380 2833; x_wconf 90' lang='lat' dir='ltr'>nuptiis</span> <span class='ocrx_word' id='word_1_267' title='bbox 1412 2757 1442 2813; x_wconf 91' lang='lat' dir='ltr'>in</span> <span class='ocrx_word' id='word_1_268' title='bbox 1466 2775 1537 2812; x_wconf 86' lang='lat' dir='ltr'>casn</span> 
     </span>
     <span class='ocr_line' id='line_1_28' title="bbox 295 2839 1538 2912; baseline 0 -12"><span class='ocrx_word' id='word_1_269' title='bbox 295 2841 432 2900; x_wconf 87' lang='lat' dir='ltr'>adulterii</span> <span class='ocrx_word' id='word_1_270' title='bbox 445 2861 508 2899; x_wconf 88' lang='lat' dir='ltr'>esse</span> <span class='ocrx_word' id='word_1_271' title='bbox 521 2845 705 2912; x_wconf 89' lang='lat' dir='ltr'>sancitum,</span> <span class='ocrx_word' id='word_1_272' title='bbox 717 2863 767 2900; x_wconf 87' lang='lat' dir='ltr'>eas</span> <span class='ocrx_word' id='word_1_273' title='bbox 779 2863 843 2902; x_wconf 84' lang='lat' dir='ltr'>esse</span> <span class='ocrx_word' id='word_1_274' title='bbox 854 2853 969 2902; x_wconf 87' lang='lat' dir='ltr'>tantum</span> <span class='ocrx_word' id='word_1_275' title='bbox 982 2844 1032 2902; x_wconf 91' lang='lat' dir='ltr'>tel</span> <span class='ocrx_word' id='word_1_276' title='bbox 1042 2855 1159 2902; x_wconf 83' lang='lat' dir='ltr'>eratus</span> <span class='ocrx_word' id='word_1_277' title='bbox 1171 2852 1200 2901; x_wconf 89' lang='lat' dir='ltr'>et</span> <span class='ocrx_word' id='word_1_278' title='bbox 1212 2841 1380 2902; x_wconf 84' lang='lat' dir='ltr'>tolerabiles</span> <span class='ocrx_word' id='word_1_279' title='bbox 1393 2839 1538 2900; x_wconf 81' lang='lat' dir='ltr'>iudicatas</span> 
     </span>
     <span class='ocr_line' id='line_1_29' title="bbox 296 2927 1538 3007; baseline -0.002 -20"><span class='ocrx_word' id='word_1_280' title='bbox 296 2927 466 3004; x_wconf 66' lang='lat' dir='ltr'>seecundum</span> <span class='ocrx_word' id='word_1_281' title='bbox 490 2928 613 2997; x_wconf 82' lang='lat' dir='ltr'>Grimm,</span> <span class='ocrx_word' id='word_1_282' title='bbox 638 2931 762 2999; x_wconf 89' lang='lat' dir='ltr'>Nisiam,</span> <span class='ocrx_word' id='word_1_283' title='bbox 786 2930 823 2987; x_wconf 89' lang='lat' dir='ltr'>al.</span> <span class='ocrx_word' id='word_1_284' title='bbox 846 2931 884 2987; x_wconf 90' lang='lat' dir='ltr'>cf.</span> <span class='ocrx_word' id='word_1_285' title='bbox 897 2930 937 2991; x_wconf 72' lang='lat' dir='ltr'>nl.</span> <span class='ocrx_word' id='word_1_286' title='bbox 960 2931 979 2987; x_wconf 92' lang='lat' dir='ltr'>l.</span> <span class='ocrx_word' id='word_1_287' title='bbox 995 2932 1036 2988; x_wconf 85' lang='lat' dir='ltr'>tn.</span> <span class='ocrx_word' id='word_1_288' title='bbox 1052 2931 1081 2999; x_wconf 87' lang='lat' dir='ltr'>l.,</span> <span class='ocrx_word' id='word_1_289' title='bbox 1107 2931 1181 3007; x_wconf 66' lang='lat'>159)</span> <span class='ocrx_word' id='word_1_290' title='bbox 1205 2941 1315 2988; x_wconf 88' lang='lat' dir='ltr'>certnm</span> <span class='ocrx_word' id='word_1_291' title='bbox 1330 2929 1447 2986; x_wconf 83' lang='lat' dir='ltr'>ridetur</span> <span class='ocrx_word' id='word_1_292' title='bbox 1462 2949 1538 2986; x_wconf 87' lang='lat' dir='ltr'>esse.</span> 
     </span>
     <span class='ocr_line' id='line_1_30' title="bbox 296 3016 1537 3093; baseline 0 -20"><span class='ocrx_word' id='word_1_293' title='bbox 296 3017 382 3083; x_wconf 76' lang='lat' dir='ltr'>Saue,</span> <span class='ocrx_word' id='word_1_294' title='bbox 406 3017 430 3072; x_wconf 87' lang='lat' dir='ltr'>si</span> <span class='ocrx_word' id='word_1_295' title='bbox 454 3035 541 3093; x_wconf 89' lang='lat' dir='ltr'>quam</span> <span class='ocrx_word' id='word_1_296' title='bbox 564 3016 774 3074; x_wconf 90' lang='lat' dir='ltr'>solubilitatem</span> <span class='ocrx_word' id='word_1_297' title='bbox 799 3020 979 3075; x_wconf 89' lang='lat' dir='ltr'>matrimonii</span> <span class='ocrx_word' id='word_1_298' title='bbox 996 3017 1131 3075; x_wconf 88' lang='lat' dir='ltr'>Christus</span> <span class='ocrx_word' id='word_1_299' title='bbox 1155 3019 1302 3076; x_wconf 77' lang='lat' dir='ltr'>sanxisset</span> <span class='ocrx_word' id='word_1_300' title='bbox 1323 3025 1351 3073; x_wconf 91' lang='lat' dir='ltr'>et</span> <span class='ocrx_word' id='word_1_301' title='bbox 1368 3035 1427 3074; x_wconf 91' lang='lat' dir='ltr'>non</span> <span class='ocrx_word' id='word_1_302' title='bbox 1443 3016 1537 3074; x_wconf 86' lang='lat' dir='ltr'>solum</span> 
     </span>
     <span class='ocr_line' id='line_1_31' title="bbox 294 3101 1537 3173; baseline -0.001 -15"><span class='ocrx_word' id='word_1_303' title='bbox 294 3102 456 3173; x_wconf 80' lang='lat' dir='ltr'>tolerasset,</span> <span class='ocrx_word' id='word_1_304' title='bbox 479 3101 737 3162; x_wconf 82' lang='lat' dir='ltr'>determinarisset</span> <span class='ocrx_word' id='word_1_305' title='bbox 761 3105 933 3170; x_wconf 88' lang='lat' dir='ltr'>necessario,</span> <span class='ocrx_word' id='word_1_306' title='bbox 958 3106 1002 3162; x_wconf 86' lang='lat' dir='ltr'>cui</span> <span class='ocrx_word' id='word_1_307' title='bbox 1029 3124 1136 3163; x_wconf 84' lang='lat' dir='ltr'>uerum</span> <span class='ocrx_word' id='word_1_308' title='bbox 1161 3105 1380 3162; x_wconf 89' lang='lat' dir='ltr'>matrimonium</span> <span class='ocrx_word' id='word_1_309' title='bbox 1403 3104 1479 3161; x_wconf 89' lang='lat' dir='ltr'>inire</span> <span class='ocrx_word' id='word_1_310' title='bbox 1503 3101 1537 3158; x_wconf 94' lang='lat' dir='ltr'>li-</span> 
     </span>
     <span class='ocr_line' id='line_1_32' title="bbox 295 3189 1537 3249; baseline -0.001 -4"><span class='ocrx_word' id='word_1_311' title='bbox 295 3198 386 3246; x_wconf 86' lang='lat' dir='ltr'>ceret:</span> <span class='ocrx_word' id='word_1_312' title='bbox 415 3199 510 3246; x_wconf 90' lang='lat' dir='ltr'>utrum</span> <span class='ocrx_word' id='word_1_313' title='bbox 542 3190 612 3248; x_wconf 86' lang='lat' dir='ltr'>solis</span> <span class='ocrx_word' id='word_1_314' title='bbox 642 3192 717 3248; x_wconf 92' lang='lat' dir='ltr'>iuste</span> <span class='ocrx_word' id='word_1_315' title='bbox 748 3190 967 3249; x_wconf 87' lang='lat' dir='ltr'>dimittentibus</span> <span class='ocrx_word' id='word_1_316' title='bbox 997 3211 1035 3248; x_wconf 91' lang='lat' dir='ltr'>an</span> <span class='ocrx_word' id='word_1_317' title='bbox 1059 3193 1148 3249; x_wconf 87' lang='lat' dir='ltr'>etiam</span> <span class='ocrx_word' id='word_1_318' title='bbox 1179 3190 1227 3248; x_wconf 84' lang='lat' dir='ltr'>rel</span> <span class='ocrx_word' id='word_1_319' title='bbox 1251 3193 1358 3248; x_wconf 84' lang='lat' dir='ltr'>iniuste</span> <span class='ocrx_word' id='word_1_320' title='bbox 1390 3189 1437 3248; x_wconf 86' lang='lat' dir='ltr'>vel</span> <span class='ocrx_word' id='word_1_321' title='bbox 1461 3191 1537 3248; x_wconf 89' lang='lat' dir='ltr'>iuste</span> 
     </span>
     <span class='ocr_line' id='line_1_33' title="bbox 296 3275 1535 3339; baseline -0.002 -6"><span class='ocrx_word' id='word_1_322' title='bbox 296 3275 438 3339; x_wconf 84' lang='lat' dir='ltr'>dimissis:</span> <span class='ocrx_word' id='word_1_323' title='bbox 463 3277 532 3332; x_wconf 91' lang='lat' dir='ltr'>item</span> <span class='ocrx_word' id='word_1_324' title='bbox 556 3287 650 3333; x_wconf 90' lang='lat' dir='ltr'>utrum</span> <span class='ocrx_word' id='word_1_325' title='bbox 675 3277 745 3334; x_wconf 90' lang='lat' dir='ltr'>solis</span> <span class='ocrx_word' id='word_1_326' title='bbox 768 3279 840 3336; x_wconf 86' lang='lat' dir='ltr'>viris</span> <span class='ocrx_word' id='word_1_327' title='bbox 863 3299 901 3335; x_wconf 91' lang='lat' dir='ltr'>an</span> <span class='ocrx_word' id='word_1_328' title='bbox 926 3279 1014 3335; x_wconf 91' lang='lat' dir='ltr'>etiam</span> <span class='ocrx_word' id='word_1_329' title='bbox 1038 3276 1186 3338; x_wconf 82' lang='lat' dir='ltr'>uxoribus,</span> <span class='ocrx_word' id='word_1_330' title='bbox 1211 3275 1278 3336; x_wconf 63' lang='lat' dir='ltr'>dard.</span> <span class='ocrx_word' id='word_1_331' title='bbox 1301 3278 1371 3334; x_wconf 88' lang='lat' dir='ltr'>licet</span> <span class='ocrx_word' id='word_1_332' title='bbox 1395 3299 1410 3334; x_wconf 82' lang='lat' dir='ltr'>r</span> <span class='ocrx_word' id='word_1_333' title='bbox 1424 3276 1535 3334; x_wconf 83' lang='lat' dir='ltr'>Christi</span> 
     </span>
     <span class='ocr_line' id='line_1_34' title="bbox 295 3361 1537 3422; baseline -0.004 -1"><span class='ocrx_word' id='word_1_334' title='bbox 295 3371 324 3421; x_wconf 89' lang='lat' dir='ltr'>et</span> <span class='ocrx_word' id='word_1_335' title='bbox 335 3362 422 3421; x_wconf 84' lang='lat' dir='ltr'>Pauli</span> <span class='ocrx_word' id='word_1_336' title='bbox 446 3362 545 3420; x_wconf 76' lang='lat' dir='ltr'>verbis</span> <span class='ocrx_word' id='word_1_337' title='bbox 565 3363 669 3421; x_wconf 86' lang='lat' dir='ltr'>saltem</span> <span class='ocrx_word' id='word_1_338' title='bbox 693 3385 798 3421; x_wconf 86' lang='lat' dir='ltr'>uxores</span> <span class='ocrx_word' id='word_1_339' title='bbox 821 3367 885 3422; x_wconf 84' lang='lat' dir='ltr'>sire</span> <span class='ocrx_word' id='word_1_340' title='bbox 902 3365 1009 3421; x_wconf 89' lang='lat' dir='ltr'>iniuste</span> <span class='ocrx_word' id='word_1_341' title='bbox 1025 3364 1163 3422; x_wconf 87' lang='lat' dir='ltr'>dimissas</span> <span class='ocrx_word' id='word_1_342' title='bbox 1180 3365 1242 3420; x_wconf 84' lang='lat' dir='ltr'>sire</span> <span class='ocrx_word' id='word_1_343' title='bbox 1260 3367 1334 3422; x_wconf 86' lang='lat' dir='ltr'>iuste</span> <span class='ocrx_word' id='word_1_344' title='bbox 1351 3361 1537 3420; x_wconf 84' lang='lat' dir='ltr'>discedentes</span> 
     </span>
     <span class='ocr_line' id='line_1_35' title="bbox 296 3449 1537 3529; baseline -0.003 -21"><span class='ocrx_word' id='word_1_345' title='bbox 296 3472 313 3508; x_wconf 88' lang='lat' dir='ltr'>a</span> <span class='ocrx_word' id='word_1_346' title='bbox 343 3452 429 3508; x_wconf 88' lang='lat' dir='ltr'>novis</span> <span class='ocrx_word' id='word_1_347' title='bbox 459 3450 570 3527; x_wconf 91' lang='lat' dir='ltr'>nuptiis</span> <span class='ocrx_word' id='word_1_348' title='bbox 601 3449 749 3526; x_wconf 82' lang='lat' dir='ltr'>prohiberi</span> <span class='ocrx_word' id='word_1_349' title='bbox 780 3450 897 3528; x_wconf 88' lang='lat' dir='ltr'>probari</span> <span class='ocrx_word' id='word_1_350' title='bbox 921 3453 1020 3528; x_wconf 87' lang='lat' dir='ltr'>possit,</span> <span class='ocrx_word' id='word_1_351' title='bbox 1050 3449 1127 3529; x_wconf 92' lang='lat' dir='ltr'>qnod</span> <span class='ocrx_word' id='word_1_352' title='bbox 1158 3461 1186 3508; x_wconf 90' lang='lat' dir='ltr'>et</span> <span class='ocrx_word' id='word_1_353' title='bbox 1210 3449 1361 3509; x_wconf 85' lang='lat' dir='ltr'>orientalis</span> <span class='ocrx_word' id='word_1_354' title='bbox 1395 3450 1537 3507; x_wconf 69' lang='lat' dir='ltr'>‹urclesiae</span> 
     </span>
     <span class='ocr_line' id='line_1_36' title="bbox 295 3537 1537 3615; baseline 0.001 -22"><span class='ocrx_word' id='word_1_355' title='bbox 295 3539 472 3595; x_wconf 89' lang='lat' dir='ltr'>testimoniis</span> <span class='ocrx_word' id='word_1_356' title='bbox 507 3537 561 3608; x_wconf 71' lang='lat' dir='ltr'>(lo.</span> <span class='ocrx_word' id='word_1_357' title='bbox 594 3537 805 3615; x_wconf 85' lang='lat' dir='ltr'>Clnysestomi,</span> <span class='ocrx_word' id='word_1_358' title='bbox 842 3537 982 3608; x_wconf 82' lang='lat' dir='ltr'>Rabulae,</span> <span class='ocrx_word' id='word_1_359' title='bbox 1017 3538 1134 3614; x_wconf 79' lang='lat' dir='ltr'>Basilii)</span> <span class='ocrx_word' id='word_1_360' title='bbox 1170 3540 1241 3595; x_wconf 85' lang='lat' dir='ltr'>satis</span> <span class='ocrx_word' id='word_1_361' title='bbox 1274 3537 1468 3608; x_wconf 84' lang='lat' dir='ltr'>confirmatur,</span> <span class='ocrx_word' id='word_1_362' title='bbox 1493 3557 1537 3594; x_wconf 83' lang='lat' dir='ltr'>res</span> 
     </span>
     <span class='ocr_line' id='line_1_37' title="bbox 295 3623 1536 3703; baseline -0.002 -23"><span class='ocrx_word' id='word_1_363' title='bbox 295 3633 395 3682; x_wconf 88' lang='lat' dir='ltr'>tamen</span> <span class='ocrx_word' id='word_1_364' title='bbox 426 3644 484 3681; x_wconf 89' lang='lat' dir='ltr'>nen</span> <span class='ocrx_word' id='word_1_365' title='bbox 507 3633 551 3681; x_wconf 86' lang='lat' dir='ltr'>est</span> <span class='ocrx_word' id='word_1_366' title='bbox 582 3634 664 3681; x_wconf 87' lang='lat' dir='ltr'>tanta</span> <span class='ocrx_word' id='word_1_367' title='bbox 688 3624 821 3682; x_wconf 87' lang='lat' dir='ltr'>claritate</span> <span class='ocrx_word' id='word_1_368' title='bbox 844 3625 1001 3702; x_wconf 89' lang='lat' dir='ltr'>proposita,</span> <span class='ocrx_word' id='word_1_369' title='bbox 1036 3645 1111 3702; x_wconf 87' lang='lat' dir='ltr'>quae</span> <span class='ocrx_word' id='word_1_370' title='bbox 1143 3625 1238 3702; x_wconf 79' lang='lat' dir='ltr'>legem</span> <span class='ocrx_word' id='word_1_371' title='bbox 1270 3623 1318 3682; x_wconf 81' lang='lat' dir='ltr'>rel</span> <span class='ocrx_word' id='word_1_372' title='bbox 1349 3623 1536 3703; x_wconf 84' lang='lat' dir='ltr'>privilegium</span> 
     </span>
     <span class='ocr_line' id='line_1_38' title="bbox 296 3708 1538 3789; baseline -0.002 -22"><span class='ocrx_word' id='word_1_373' title='bbox 296 3708 381 3767; x_wconf 84' lang='lat' dir='ltr'>decet</span> <span class='ocrx_word' id='word_1_374' title='bbox 416 3731 469 3767; x_wconf 84' lang='lat' dir='ltr'>uer</span> <span class='ocrx_word' id='word_1_375' title='bbox 504 3711 625 3788; x_wconf 86' lang='lat' dir='ltr'>reliquis</span> <span class='ocrx_word' id='word_1_376' title='bbox 660 3709 880 3786; x_wconf 66' lang='lat' dir='ltr'>(praecationibus</span> <span class='ocrx_word' id='word_1_377' title='bbox 912 3710 1062 3769; x_wconf 88' lang='lat' dir='ltr'>solvendis</span> <span class='ocrx_word' id='word_1_378' title='bbox 1093 3713 1165 3770; x_wconf 87' lang='lat' dir='ltr'>satis</span> <span class='ocrx_word' id='word_1_379' title='bbox 1199 3711 1268 3770; x_wconf 91' lang='lat' dir='ltr'>inde</span> <span class='ocrx_word' id='word_1_380' title='bbox 1302 3712 1452 3789; x_wconf 76' lang='lat' dir='ltr'>provisum</span> <span class='ocrx_word' id='word_1_381' title='bbox 1487 3723 1538 3768; x_wconf 90' lang='lat' dir='ltr'>est.</span> 
     </span>
     <span class='ocr_line' id='line_1_39' title="bbox 296 3797 1538 3876; baseline 0 -22"><span class='ocrx_word' id='word_1_382' title='bbox 296 3797 400 3875; x_wconf 86' lang='lat' dir='ltr'>Neque</span> <span class='ocrx_word' id='word_1_383' title='bbox 429 3797 488 3854; x_wconf 84' lang='lat' dir='ltr'>tale</span> <span class='ocrx_word' id='word_1_384' title='bbox 524 3798 635 3856; x_wconf 80' lang='lat' dir='ltr'>Christi</span> <span class='ocrx_word' id='word_1_385' title='bbox 668 3797 818 3855; x_wconf 88' lang='lat' dir='ltr'>decretum</span> <span class='ocrx_word' id='word_1_386' title='bbox 846 3797 883 3854; x_wconf 91' lang='lat' dir='ltr'>ab</span> <span class='ocrx_word' id='word_1_387' title='bbox 914 3797 981 3855; x_wconf 89' lang='lat' dir='ltr'>aliis</span> <span class='ocrx_word' id='word_1_388' title='bbox 1012 3798 1204 3876; x_wconf 81' lang='lat' dir='ltr'>evangelistis</span> <span class='ocrx_word' id='word_1_389' title='bbox 1228 3807 1277 3856; x_wconf 89' lang='lat' dir='ltr'>ant</span> <span class='ocrx_word' id='word_1_390' title='bbox 1301 3817 1318 3856; x_wconf 91' lang='lat' dir='ltr'>a</span> <span class='ocrx_word' id='word_1_391' title='bbox 1340 3797 1433 3855; x_wconf 91' lang='lat' dir='ltr'>Paule</span> <span class='ocrx_word' id='word_1_392' title='bbox 1456 3817 1538 3876; x_wconf 89' lang='lat' dir='ltr'>prae-</span> 
     </span>
     <span class='ocr_line' id='line_1_40' title="bbox 295 3885 551 3960; baseline 0.004 -20"><span class='ocrx_word' id='word_1_393' title='bbox 295 3885 377 3940; x_wconf 83' lang='lat' dir='ltr'>teriri</span> <span class='ocrx_word' id='word_1_394' title='bbox 401 3885 551 3960; x_wconf 84' lang='lat' dir='ltr'>potuisset.</span> 
     </span>
    </p>

    <p class='ocr_par' dir='ltr' id='par_1_3' title="bbox 297 3969 1541 4742">
     <span class='ocr_line' id='line_1_41' title="bbox 400 3969 1538 4048; baseline -0.001 -21"><span class='ocrx_word' id='word_1_395' title='bbox 400 3969 501 4048; x_wconf 79' lang='lat' dir='ltr'>Stylns</span> <span class='ocrx_word' id='word_1_396' title='bbox 524 3972 726 4028; x_wconf 85' lang='lat' dir='ltr'>commentarii</span> <span class='ocrx_word' id='word_1_397' title='bbox 751 3969 892 4028; x_wconf 88' lang='lat' dir='ltr'>eiusmodi</span> <span class='ocrx_word' id='word_1_398' title='bbox 918 3982 970 4042; x_wconf 86' lang='lat' dir='ltr'>est,</span> <span class='ocrx_word' id='word_1_399' title='bbox 994 3980 1024 4028; x_wconf 94' lang='lat' dir='ltr'>nt</span> <span class='ocrx_word' id='word_1_400' title='bbox 1048 3973 1194 4029; x_wconf 88' lang='lat' dir='ltr'>suavitate</span> <span class='ocrx_word' id='word_1_401' title='bbox 1218 3983 1246 4030; x_wconf 90' lang='lat' dir='ltr'>et</span> <span class='ocrx_word' id='word_1_402' title='bbox 1265 3971 1410 4031; x_wconf 75' lang='lat' dir='ltr'>firmitate</span> <span class='ocrx_word' id='word_1_403' title='bbox 1427 3969 1538 4028; x_wconf 86' lang='lat' dir='ltr'>Christi</span> 
     </span>
     <span class='ocr_line' id='line_1_42' title="bbox 298 4055 1537 4135; baseline -0.002 -21"><span class='ocrx_word' id='word_1_404' title='bbox 298 4057 495 4131; x_wconf 84' lang='lat' dir='ltr'>cognitionem</span> <span class='ocrx_word' id='word_1_405' title='bbox 527 4068 614 4134; x_wconf 90' lang='lat' dir='ltr'>atque</span> <span class='ocrx_word' id='word_1_406' title='bbox 646 4061 786 4116; x_wconf 84' lang='lat' dir='ltr'>virtutum</span> <span class='ocrx_word' id='word_1_407' title='bbox 809 4059 872 4115; x_wconf 90' lang='lat' dir='ltr'>eius</span> <span class='ocrx_word' id='word_1_408' title='bbox 895 4078 1024 4114; x_wconf 84' lang='lat' dir='ltr'>amorem</span> <span class='ocrx_word' id='word_1_409' title='bbox 1048 4067 1076 4116; x_wconf 89' lang='lat' dir='ltr'>et</span> <span class='ocrx_word' id='word_1_410' title='bbox 1097 4059 1292 4116; x_wconf 87' lang='lat' dir='ltr'>imitationem</span> <span class='ocrx_word' id='word_1_411' title='bbox 1316 4055 1459 4129; x_wconf 90' lang='lat' dir='ltr'>omnibus,</span> <span class='ocrx_word' id='word_1_412' title='bbox 1490 4057 1537 4135; x_wconf 82' lang='lat' dir='ltr'>qm</span> 
     </span>
     <span class='ocr_line' id='line_1_43' title="bbox 297 4143 1538 4221; baseline 0 -21"><span class='ocrx_word' id='word_1_413' title='bbox 297 4144 452 4200; x_wconf 84' lang='lat' dir='ltr'>veritatem</span> <span class='ocrx_word' id='word_1_414' title='bbox 476 4153 504 4199; x_wconf 92' lang='lat' dir='ltr'>et</span> <span class='ocrx_word' id='word_1_415' title='bbox 527 4163 628 4220; x_wconf 89' lang='lat' dir='ltr'>pacem</span> <span class='ocrx_word' id='word_1_416' title='bbox 654 4146 766 4202; x_wconf 84' lang='lat' dir='ltr'>sincere</span> <span class='ocrx_word' id='word_1_417' title='bbox 790 4154 941 4221; x_wconf 87' lang='lat' dir='ltr'>quaerunt.</span> <span class='ocrx_word' id='word_1_418' title='bbox 967 4144 1141 4202; x_wconf 82' lang='lat' dir='ltr'>familiarem</span> <span class='ocrx_word' id='word_1_419' title='bbox 1165 4143 1287 4202; x_wconf 89' lang='lat' dir='ltr'>reddere</span> <span class='ocrx_word' id='word_1_420' title='bbox 1311 4144 1417 4202; x_wconf 73' lang='lat' dir='ltr'>valeat.</span> <span class='ocrx_word' id='word_1_421' title='bbox 1463 4143 1538 4202; x_wconf 81' lang='lat' dir='ltr'>Vere</span> 
     </span>
     <span class='ocr_line' id='line_1_44' title="bbox 298 4229 1537 4309; baseline 0.002 -24"><span class='ocrx_word' id='word_1_422' title='bbox 298 4237 431 4306; x_wconf 90' lang='lat' dir='ltr'>coeptum</span> <span class='ocrx_word' id='word_1_423' title='bbox 456 4229 520 4286; x_wconf 87' lang='lat' dir='ltr'>Deo</span> <span class='ocrx_word' id='word_1_424' title='bbox 542 4241 657 4307; x_wconf 81' lang='lat' dir='ltr'>gratnm</span> <span class='ocrx_word' id='word_1_425' title='bbox 681 4241 709 4288; x_wconf 91' lang='lat' dir='ltr'>et</span> <span class='ocrx_word' id='word_1_426' title='bbox 733 4231 875 4288; x_wconf 87' lang='lat' dir='ltr'>ecclesiae</span> <span class='ocrx_word' id='word_1_427' title='bbox 900 4231 1057 4308; x_wconf 90' lang='lat' dir='ltr'>proficuum</span> <span class='ocrx_word' id='word_1_428' title='bbox 1082 4231 1118 4292; x_wconf 83' lang='lat' dir='ltr'>Il.</span> <span class='ocrx_word' id='word_1_429' title='bbox 1137 4229 1276 4289; x_wconf 83' lang='lat' dir='ltr'>Gladker</span> <span class='ocrx_word' id='word_1_430' title='bbox 1300 4232 1440 4309; x_wconf 82' lang='lat' dir='ltr'>suscepit!</span> <span class='ocrx_word' id='word_1_431' title='bbox 1465 4230 1537 4288; x_wconf 87' lang='lat' dir='ltr'>Cum</span> 
     </span>
     <span class='ocr_line' id='line_1_45' title="bbox 297 4314 1539 4394; baseline 0.004 -22"><span class='ocrx_word' id='word_1_432' title='bbox 297 4314 374 4373; x_wconf 92' lang='lat' dir='ltr'>liber</span> <span class='ocrx_word' id='word_1_433' title='bbox 396 4325 473 4374; x_wconf 86' lang='lat' dir='ltr'>totns</span> <span class='ocrx_word' id='word_1_434' title='bbox 504 4325 631 4394; x_wconf 88' lang='lat' dir='ltr'>quantus</span> <span class='ocrx_word' id='word_1_435' title='bbox 654 4320 692 4374; x_wconf 88' lang='lat' dir='ltr'>sit</span> <span class='ocrx_word' id='word_1_436' title='bbox 714 4319 746 4374; x_wconf 95' lang='lat' dir='ltr'>in</span> <span class='ocrx_word' id='word_1_437' title='bbox 769 4318 882 4376; x_wconf 85' lang='lat' dir='ltr'>cultura</span> <span class='ocrx_word' id='word_1_438' title='bbox 913 4318 1051 4394; x_wconf 82' lang='lat' dir='ltr'>religiosa</span> <span class='ocrx_word' id='word_1_439' title='bbox 1082 4316 1317 4376; x_wconf 84' lang='lat' dir='ltr'>commendanda</span> <span class='ocrx_word' id='word_1_440' title='bbox 1345 4327 1374 4375; x_wconf 89' lang='lat' dir='ltr'>et</span> <span class='ocrx_word' id='word_1_441' title='bbox 1405 4316 1539 4377; x_wconf 78' lang='lat' dir='ltr'>fovenda.</span> 
     </span>
     <span class='ocr_line' id='line_1_46' title="bbox 298 4401 1539 4482; baseline 0.002 -24"><span class='ocrx_word' id='word_1_442' title='bbox 298 4401 430 4480; x_wconf 86' lang='lat' dir='ltr'>pluribus</span> <span class='ocrx_word' id='word_1_443' title='bbox 453 4403 674 4481; x_wconf 87' lang='lat' dir='ltr'>quaestionibus</span> <span class='ocrx_word' id='word_1_444' title='bbox 697 4405 807 4462; x_wconf 84' lang='lat' dir='ltr'>criticis</span> <span class='ocrx_word' id='word_1_445' title='bbox 831 4403 1025 4462; x_wconf 87' lang='lat' dir='ltr'>discutiendis</span> <span class='ocrx_word' id='word_1_446' title='bbox 1049 4403 1280 4482; x_wconf 86' lang='lat' dir='ltr'>supersedemus.</span> <span class='ocrx_word' id='word_1_447' title='bbox 1304 4406 1439 4482; x_wconf 80' lang='lat' dir='ltr'>quamvis</span> <span class='ocrx_word' id='word_1_448' title='bbox 1463 4402 1539 4462; x_wconf 88' lang='lat' dir='ltr'>haud</span> 
     </span>
     <span class='ocr_line' id='line_1_47' title="bbox 298 4490 1540 4570; baseline 0.002 -24"><span class='ocrx_word' id='word_1_449' title='bbox 298 4509 387 4547; x_wconf 90' lang='lat' dir='ltr'>unum</span> <span class='ocrx_word' id='word_1_450' title='bbox 402 4500 470 4567; x_wconf 91' lang='lat' dir='ltr'>apte</span> <span class='ocrx_word' id='word_1_451' title='bbox 482 4499 510 4548; x_wconf 89' lang='lat' dir='ltr'>et</span> <span class='ocrx_word' id='word_1_452' title='bbox 521 4493 628 4549; x_wconf 87' lang='lat' dir='ltr'>acriter</span> <span class='ocrx_word' id='word_1_453' title='bbox 643 4490 829 4548; x_wconf 85' lang='lat' dir='ltr'>observatum</span> <span class='ocrx_word' id='word_1_454' title='bbox 842 4512 864 4548; x_wconf 86' lang='lat' dir='ltr'>s.</span> <span class='ocrx_word' id='word_1_455' title='bbox 876 4493 1017 4549; x_wconf 85' lang='lat' dir='ltr'>scientiae</span> <span class='ocrx_word' id='word_1_456' title='bbox 1031 4492 1156 4550; x_wconf 84' lang='lat' dir='ltr'>cultores</span> <span class='ocrx_word' id='word_1_457' title='bbox 1169 4491 1277 4549; x_wconf 88' lang='lat' dir='ltr'>exinde</span> <span class='ocrx_word' id='word_1_458' title='bbox 1295 4490 1465 4569; x_wconf 90' lang='lat' dir='ltr'>depremere</span> <span class='ocrx_word' id='word_1_459' title='bbox 1478 4511 1540 4570; x_wconf 88' lang='lat' dir='ltr'>pes-</span> 
     </span>
     <span class='ocr_line' id='line_1_48' title="bbox 298 4577 1541 4657; baseline 0 -23"><span class='ocrx_word' id='word_1_460' title='bbox 298 4578 365 4634; x_wconf 84' lang='lat' dir='ltr'>sint.</span> <span class='ocrx_word' id='word_1_461' title='bbox 391 4577 480 4634; x_wconf 80' lang='lat' dir='ltr'>hiber</span> <span class='ocrx_word' id='word_1_462' title='bbox 502 4577 744 4655; x_wconf 86' lang='lat' dir='ltr'>approbationem</span> <span class='ocrx_word' id='word_1_463' title='bbox 767 4597 883 4655; x_wconf 90' lang='lat' dir='ltr'>quoque</span> <span class='ocrx_word' id='word_1_464' title='bbox 907 4599 927 4640; x_wconf 88' lang='lat' dir='ltr'>s.</span> <span class='ocrx_word' id='word_1_465' title='bbox 941 4577 1054 4657; x_wconf 80' lang='lat' dir='ltr'>Synodi</span> <span class='ocrx_word' id='word_1_466' title='bbox 1079 4589 1182 4636; x_wconf 87' lang='lat' dir='ltr'>nactus</span> <span class='ocrx_word' id='word_1_467' title='bbox 1206 4589 1257 4640; x_wconf 65' lang='lat' dir='ltr'>test.</span> <span class='ocrx_word' id='word_1_468' title='bbox 1283 4580 1380 4654; x_wconf 78' lang='lat' dir='ltr'>Quam</span> <span class='ocrx_word' id='word_1_469' title='bbox 1403 4579 1541 4656; x_wconf 89' lang='lat' dir='ltr'>plurimos</span> 
     </span>
     <span class='ocr_line' id='line_1_49' title="bbox 297 4659 1497 4742; baseline 0.006 -23"><span class='ocrx_word' id='word_1_470' title='bbox 297 4664 420 4721; x_wconf 82' lang='lat' dir='ltr'>lectores</span> <span class='ocrx_word' id='word_1_471' title='bbox 443 4674 472 4722; x_wconf 92' lang='lat' dir='ltr'>et</span> <span class='ocrx_word' id='word_1_472' title='bbox 496 4665 557 4721; x_wconf 88' lang='lat' dir='ltr'>fata</span> <span class='ocrx_word' id='word_1_473' title='bbox 580 4666 776 4741; x_wconf 85' lang='lat' dir='ltr'>prosperrima</span> <span class='ocrx_word' id='word_1_474' title='bbox 799 4667 855 4742; x_wconf 90' lang='lat' dir='ltr'>ipsi</span> <span class='ocrx_word' id='word_1_475' title='bbox 879 4675 1061 4742; x_wconf 78' lang='lat' dir='ltr'>exoptamus,</span> <span class='ocrx_word' id='word_1_476' title='bbox 1292 4660 1326 4728; x_wconf 82' lang='lat' dir='ltr'>C.</span> <span class='ocrx_word' id='word_1_477' title='bbox 1361 4659 1497 4726; x_wconf 57' lang='lat' dir='ltr'>Vedet‘a.</span> 
     </span>
    </p>
   </div>
   <div class='ocr_carea' id='block_1_3' title="bbox 0 0 1736 5342">
    <p class='ocr_par' dir='ltr' id='par_1_4' title="bbox 0 0 1736 5342">
     <span class='ocr_line' id='line_1_50' title="bbox 0 0 1736 5342; baseline 0 0"><span class='ocrx_word' id='word_1_478' title='bbox 0 0 1736 5342; x_wconf 95' lang='lat' dir='ltr'> </span> 
     </span>
    </p>
   </div>
  </div>
 </body>
</html>
