3450 5342
647 383 839 438 -207-

105 569 270 627 efficaciae
303 571 483 647 precationis
517 568 609 641 adest,
639 581 671 629 ut
701 573 802 648 magni
825 572 864 630 sit
894 573 1036 630 momenti
1066 580 1095 630 et
1118 569 1292 649 prudentiae
1315 569 1367 628 ad-

108 665 247 726 moneat,
269 667 370 714 tamen
394 655 536 715 reiciendi
563 659 677 717 ratione
699 657 794 717 dictas
816 661 977 736 gratiarum
1001 661 1132 717 actiones
1155 659 1200 716 ius
1224 678 1282 717 non
1305 656 1365 719 dat.

108 745 198 802 Nam
221 751 251 801 et
272 745 350 801 votis
373 743 598 823 particularibus
613 745 711 803 Deum
734 743 838 804 adesse
860 755 907 804 est
925 745 1123 818 manifestum,
1146 753 1233 804 etres
1256 744 1366 804 donum

107 851 130 888 a
156 831 225 888 Deo
248 832 371 908 petitum
394 832 568 909 accipientis
584 831 659 890 tales
681 852 903 910 nonnumquam
927 842 1002 910 sunt,
1018 842 1050 891 ut
1066 832 1170 891 morali
1189 830 1367 891 certitudine

107 919 213 976 conici
245 919 347 996 possit,
378 921 455 976 inter
476 917 586 977 donum
616 928 769 998 acceptum
792 929 821 978 et
844 920 1087 998 supplicationem
1119 917 1223 978 adesse
1256 938 1365 978 nexum

109 1005 277 1062 causalem.
307 1005 342 1062 ld
373 1004 450 1082 quod
474 985 510 1068 Ζ.
533 1007 611 1086 aptis
642 1007 787 1084 exemplis
818 1007 954 1066 illustrat.
985 1008 1098 1084 Itaque,
1129 1008 1153 1064 si
1177 1007 1232 1064 hoc
1261 1025 1366 1084 reapse

109 1094 285 1168 contigerit,
312 1095 473 1169 gratiarum
496 1095 572 1151 actio
594 1101 640 1152 est
668 1093 824 1152 commoda
845 1103 876 1152 et
897 1094 1027 1153 humana
1048 1092 1107 1152 fide
1130 1092 1230 1171 digna.
1260 1093 1365 1171 Neque

111 1181 261 1236 maiorem
294 1179 431 1257 postulat,
463 1199 529 1238 cum
560 1181 594 1251 is,
625 1182 675 1258 qui
703 1183 735 1238 in
756 1179 874 1258 publico
908 1183 1018 1258 gratias
1053 1183 1123 1256 agit,
1157 1201 1239 1239 suam
1271 1180 1364 1239 solum

111 1268 338 1344 persuasionem
361 1265 398 1324 de
420 1286 539 1345 precum
562 1267 696 1326 efficacia
718 1270 866 1346 exprimit.
889 1268 1057 1327 Periculum
1082 1267 1215 1326 scandali
1238 1266 1361 1340 inillis,

110 1355 166 1430 qui
192 1355 248 1430 ipsi
273 1363 365 1414 orant.
397 1353 518 1421 nullum,
541 1356 572 1412 in
596 1353 766 1413 infidelibus
789 1355 987 1433 pharisaicum
1014 1364 1067 1413 est.
1092 1354 1232 1413 Cautelae
1264 1362 1364 1412 tamen

112 1443 145 1497 in
171 1440 332 1516 vulgandis
354 1443 514 1517 gratiarum
538 1441 702 1500 actionibus
725 1441 913 1500 adhibendae
936 1451 1012 1500 sunt.
1081 1435 1120 1502 F.
1145 1434 1321 1502 Kubldek.

228 1607 285 1673 Fr.
317 1608 475 1694 Saopclc,
511 1611 626 1682 Studia
660 1611 1033 1698 cyrillo-seruosque.
1065 1609 1200 1695 (Studia
1229 1608 1364 1695 cyrillo·

112 1695 354 1779 methodium).
383 1695 415 1758 V
433 1691 539 1763 Broc
561 1698 676 1765 1906.

227 1787 271 1844 Cl.
287 1795 388 1846 auctor
410 1787 483 1847 duas
506 1789 564 1848 sibi
578 1792 762 1868 potissimum
786 1791 974 1868 quaestiones
997 1786 1195 1847 enucleandas
1219 1789 1362 1865 proponit,

112 1872 308 1952 etquidem:
344 1875 366 1932 l.
398 1875 587 1951 Quisnam
619 1886 757 1936 auctor
789 1874 1055 1954 legendarum,
1085 1893 1183 1952 quae
1214 1874 1362 1933 Panno-

114 1961 232 2019 nicae
255 1960 450 2039 di'cuntur,
481 1963 628 2021 fuerit?
651 1965 691 2021 ll.
715 1964 769 2021 De
791 1961 1034 2022 orthodoxia
1056 1962 1186 2020 sancti
1210 1959 1362 2018 Metho-

113 2046 173 2105 dii
198 2048 400 2107 Moraviae
428 2049 738 2129 archiepiscopi.

226 2134 367 2210 Quaestio
390 2139 469 2213 prior
491 2136 528 2195 de
550 2137 743 2215 legendarum
766 2138 1006 2196 Pannonicorum
1036 2145 1162 2204 auctora,
1186 2152 1259 2210 quas
1283 2153 1355 2191 non-

115 2221 191 2279 nulli
214 2222 301 2280 nihili
325 2222 422 2281 facere
444 2220 554 2302 (Gon),
579 2225 631 2284 alii
655 2226 743 2282 nimis
767 2225 841 2281 forte
872 2224 1014 2282 extollere
1045 2219 1208 2298 (Voronov)
1239 2219 1359 2290 vellent,

115 2309 147 2365 in
170 2329 311 2386 praesens
333 2329 352 2367 a
373 2310 410 2371 cl.
432 2311 505 2388 prof.
528 2311 620 2370 Venc.
645 2310 787 2370 l'ondrlk
810 2331 903 2389 nuper
926 2319 1051 2368 tractata
1073 2317 1118 2367 est
1141 2309 1191 2387 qai
1208 2315 1356 2365 auctorem

115 2397 245 2472 ipsarum
274 2395 458 2455 Clementem
490 2398 576 2475 Bulg.
606 2401 776 2478 episcopum
811 2397 998 2456 Veliceusem
1030 2416 1094 2456 esse
1122 2395 1282 2453 existimat.
1312 2393 1356 2452 Cl.

114 2502 186 2539 vero
209 2481 337 2560 Snopelr,
368 2484 436 2542 licet
459 2487 491 2543 in
514 2486 581 2544 aliis
605 2507 672 2544 curn
693 2486 767 2564 pros.
790 2483 934 2544 Vondrtk
966 2484 1139 2552 consentiat,
1174 2481 1358 2540 Clementem

115 2568 199 2625 illum
223 2567 398 2648 discipulum
422 2571 449 2629 b.
465 2572 619 2631 'Methodii
649 2574 740 2632 fuisse
768 2581 866 2649 negat,
890 2575 968 2631 iuter
991 2571 1175 2630 Clementem
1205 2569 1357 2626 Moraviae

114 2656 342 2734 archipraesulis
369 2656 544 2737 discipulum
567 2670 597 2718 et
620 2660 806 2718 Clementem
835 2661 1005 2737 episcopam
1030 2657 1217 2715 Velieensem
1239 2688 1282 2698 -
1305 2657 1355 2732 qui

114 2742 189 2801 alias
229 2745 391 2803 monachus
422 2746 529 2822 liram,
568 2756 667 2805 auctor
704 2749 806 2825 scripti
847 2744 911 2819 „de
957 2745 1111 2802 litteris
1150 2737 1360 2814 Slavicis“,

116 2840 237 2888 vocatur
253 2829 275 2907 ¹)
307 2866 346 2875 -
378 2831 571 2911 distinguens.
604 2833 649 2892 Cf.
682 2833 761 2892 Slav.
792 2833 811 2891 l.
841 2833 883 2890 th.
913 2833 946 2904 1.,
978 2833 1027 2889 ll.
1059 2831 1244 2889 Sententiam
1277 2849 1359 2887 suam

116 2916 302 2995 comprobat:

226 2999 273 3085 1⁰)
303 3026 341 3063 ex
368 3008 449 3065 vitae
478 3007 506 3066 b.
529 3006 676 3066 Methodii
705 3027 768 3084 cap.
798 3003 854 3076 X0,
886 3005 935 3064 ubi
963 3013 1063 3064 auctor
1092 3001 1237 3080 legendae
1259 3004 1291 3060 in
1314 3003 1360 3067 iis,

117 3111 199 3171 quae,
222 3093 246 3149 si
270 3091 431 3171 discipulus
463 3097 555 3172 ipsius
587 3094 698 3165 fuisset,
721 3097 793 3172 'ipse
815 3103 847 3151 ut
870 3096 954 3152 testis
984 3091 1107 3170 probare
1140 3091 1291 3168 potuisset,
1322 3087 1359 3146 ad

117 3180 315 3237 testimonium
338 3181 526 3240 Moravorum
549 3181 695 3260 appellat3

224 3262 273 3347 2⁰)
301 3287 339 3325 ex
366 3268 384 3344 ξ
408 3271 449 3328 10
476 3271 577 3347 scripti
605 3268 642 3326 dc
681 3267 821 3341 „Litteris
849 3267 1031 3338 ‘slavorum‘
1063 3263 1113 3323 ubi
1142 3269 1243 3320 auctor
1269 3269 1359 3319 testes

117 3352 244 3412 oculatos
268 3355 319 3413 SS.
341 3355 479 3415 Fratrum
502 3355 599 3414 adhuc
620 3357 723 3413 vivere
747 3355 891 3428 affirmat3

220 3435 268 3518 3⁰)
291 3461 328 3499 ex
351 3462 394 3515 eo,
417 3442 495 3521 qnod
510 3444 540 3500 in
558 3443 631 3500 locis
654 3463 676 3504 s.
700 3443 868 3520 Scripturas
891 3438 1055 3509 afferendis,
1080 3438 1214 3496 versione
1238 3436 1361 3512 antiqua

118 3547 136 3584 a
157 3529 206 3586 ὃὸ.
229 3527 384 3588 Fratribus
407 3529 539 3588 confecta
563 3532 685 3588 minime
708 3537 826 3602 utatur3

218 3609 269 3695 4⁰)
299 3635 337 3673 ex
367 3637 409 3687 eo,
441 3615 518 3694 quod
548 3618 580 3674 in
601 3616 737 3694 legendis
768 3614 919 3693 complura
948 3614 1062 3686 asserit,
1092 3630 1167 3688 quae
1198 3607 1359 3686 discipulus

118 3699 144 3757 b.
166 3701 308 3758 Methodii
340 3723 375 3760 eo
402 3702 488 3761 modo
511 3723 630 3762 narrare
652 3705 706 3760 vix
727 3703 875 3781 potuerit3
909 3701 994 3758 utin
1017 3719 1080 3778 cap.
1105 3697 1140 3755 V.
1162 3695 1190 3759 b.
1213 3693 1358 3754 Methodii

118 3800 180 3865 post
207 3790 367 3847 triennium
398 3790 555 3868 Apostolos
589 3810 722 3849 reversos
752 3809 817 3848 esse
849 3782 964 3867 (quoi),
996 3789 1027 3844 in
1059 3785 1111 3844 VI.
1134 3803 1205 3842 vero
1234 3781 1357 3859 Papam,

119 3886 267 3952 postquam
304 3879 440 3935 nuntium
478 3877 515 3935 de
552 3878 624 3956 ipsis
656 3879 826 3955 accepisset
864 3895 914 3933 eos
954 3875 1113 3932 accersisse
1151 3867 1311 3949 (undenam
1323 3866 1360 3943 P).

120 3961 162 4019 Cf.
185 3961 354 4021 nebulosam
385 3973 415 4022 et
437 3963 614 4022 obscuritate
644 3964 762 4042 plenam
793 3964 992 4022 narrationem
1020 3980 1044 4018 c.
1075 3955 1278 4028 XII-XIV„
1308 3954 1359 4013 ubi

119 4047 199 4106 modo
223 4052 310 4108 nimis
333 4053 459 4109 oratorio
482 4062 511 4108 et
526 4050 736 4109 declamatorio
759 4049 795 4108 de
814 4050 841 4108 b.
857 4047 1004 4108 Methodii
1028 4044 1206 4105 adversariis
1229 4051 1259 4100 et
1281 4041 1360 4100 cala-

120 4134 264 4194 mitatibus
287 4151 422 4216 sorteque
445 4136 584 4210 scribens,
608 4138 732 4197 consilia
755 4148 911 4216 partesque
930 4155 997 4194 suas
1014 4132 1185 4211 imperatori
1208 4138 1237 4188 et
1252 4127 1360 4186 Photio

121 4220 236 4281 favendi
260 4223 366 4302 prodit.

178 4412 199 4479 ¹)
219 4413 258 4468 Cl.
278 4413 395 4496 §nopes
422 4413 509 4509 interu
524 4411 725 4496 „legendas
742 4406 1005 4493 ¹l’annonicas“
1025 4407 1055 4460 et
1072 4404 1204 4486 libellum
1224 4401 1288 4523 „dtq
1302 4399 1361 4506 riq

215 4484 512 4619 tretilius.
528 4482 706 4607 sister
721 4477 1359 4636 lltttllrrtstrttttthilll.

217 4623 286 4676 dam
304 4622 467 4676 litterarum
495 4622 683 4687 slavicorum,
711 4619 753 4673 sic
780 4617 983 4687 „legendas
1009 4617 1250 4668 Pannonicae
1291 4622 1362 4674 apo-

216 4693 294 4761 logia
313 4691 450 4759 liturgiae
469 4691 600 4745 Slavicae
618 4691 645 4743 ei
663 4690 800 4743 videntur
817 4703 890 4742 esse.
