3450 5342
440 638 481 693 ΙΙ,
520 637 682 694 Praedicto
696 639 895 695 ecclesiarum
916 639 1184 710 prii-ilegiatarum
1205 639 1304 694 indice
1325 639 1430 696 semel
1452 640 1591 694 coniecto

337 715 368 765 et
388 707 557 779 publicato,
576 709 677 764 nulli
698 725 864 778 prorsus
886 708 1031 778 licebit,
1053 710 1089 764 in
1110 708 1201 768 aliis
1220 709 1422 774 eeclesiis
1443 725 1590 780 quaeum·

337 795 399 850 que
418 776 539 834 ratione
568 778 615 832 vel
635 781 749 847 quio'is
772 783 944 860 praetextu,
974 779 1146 848 linguam
1178 779 1529 848 palaeoslavicam
1558 781 1591 834 iii

339 864 493 904 sacram
524 847 737 917 liturgiam
770 849 967 904 inducere:
1004 849 1030 903 si
1058 849 1133 918 quid
1164 863 1239 902 reru
1268 863 1359 902 secus
1394 855 1453 904 aut
1488 858 1591 904 eontra

338 918 503 988 contigerit
532 916 686 983 attentari,
717 917 895 973 istiusmodi
925 934 1022 974 ausus
1054 933 1189 972 severa
1221 917 1470 974 coercitione
1500 922 1591 988 repri-

341 993 475 1044 mantur.

443 1057 503 1112 III.
540 1055 577 1110 In
609 1055 755 1123 ecclesiis,
786 1073 866 1138 quae
898 1073 995 1126 supra
1029 1061 1202 1114 memorato
1233 1057 1372 1182 gaudent
1413 1057 1592 1130 privilegio.
1679 1075 1680 1082 ¹

341 1129 499 1184 Sacrum
519 1126 649 1180 iacere
668 1132 703 1180 et
724 1126 912 1182 Officium
934 1126 1167 1196 persolvere
1186 1143 1233 1196 pu
1268 1127 1343 1182 lica
1362 1133 1401 1182 et
1422 1127 1593 1184 solemni

341 1200 503 1263 ratione,
524 1198 758 1265 permissum
778 1195 980 1251 exclusive
999 1199 1073 1250 citt
1092 1196 1386 1277 palaeoslavico
1408 1198 1593 1254 idiomate

341 1279 539 1346 quacumque
568 1265 689 1320 seclusa
716 1265 844 1322 alterius
869 1265 994 1336 linguae
1014 1265 1216 1320 immixtione.
1243 1266 1352 1322 Libri
1377 1268 1421 1322 ad
1449 1267 1548 1323 Sacra
1566 1279 1593 1321 ei

344 1337 383 1392 ad
404 1335 552 1392 Oiiicium
573 1335 743 1390 adhibendi
762 1336 1062 1392 characteribus
1082 1335 1326 1406 glagoIIticis
1348 1337 1434 1392 sint
1454 1337 1594 1392 excusi
1680 1397 1681 1402 .

341 1413 435 1476 atque
453 1405 493 1460 ab
513 1404 689 1528 apostolica
710 1405 789 1460 Sede
813 1405 960 1476 recogniti
980 1411 1010 1460 et
1028 1405 1208 1473 adprobati:
1233 1406 1283 1460 alii
1302 1407 1506 1477 quicumque
1524 1407 1592 1462 libri
1680 1405 1681 1444 l

341 1475 482 1544 liturgici,
503 1491 540 1528 ve
571 1473 631 1528 alio
643 1473 790 1544 impressi
802 1475 987 1542 charactere,
1009 1475 1056 1530 rel
1076 1475 1195 1546 absque
1217 1475 1451 1546 approbatione
1464 1476 1594 1532 Sanctae

344 1544 443 1604 Sedis,
464 1544 552 1598 vetiti
570 1544 698 1598 omnino
718 1545 780 1599 sint
798 1551 828 1599 ct
846 1544 1011 1600 interdicti.

444 1613 493 1669 IV.
533 1613 728 1684 Ubicumque
755 1615 892 1684 populus
913 1613 1067 1670 sacerdoti
1089 1614 1258 1670 celebranti
1283 1616 1488 1684 respondere
1509 1615 1593 1672 milet.

340 1690 394 1740 aut
417 1683 583 1738 nonnullas
604 1682 718 1738 Missae
744 1691 850 1752 partes
875 1699 993 1750 canere,
1023 1684 1054 1739 id
1082 1686 1173 1740 etiam
1204 1685 1409 1740 nonnissi
1440 1686 1593 1766 lingua

341 1753 633 1824 palaeoslavica
652 1753 683 1808 in
702 1753 841 1808 ecclesiis
858 1753 1067 1835 privilegIatis
1081 1754 1150 1809 lieri
1170 1754 1279 1819 licebit,
1300 1754 1396 1824 idque
1413 1761 1450 1810 ut
1472 1755 1594 1810 facilius

343 1823 463 1890 evadat,
488 1823 603 1892 poterit
622 1823 810 1878 Ordinarins
838 1823 1028 1880 fidelihus
1056 1822 1261 1878 exclusive
1289 1823 1480 1892 permittere
1501 1841 1593 1880 usum

344 1893 530 1950 manualis
545 1892 640 1947 libri
654 1891 790 1948 latinis
804 1894 1109 1960 characteribus
1125 1893 1456 1974 locoglagolitIcorum
1468 1895 1595 1950 exarati.

446 1963 479 2018 V.
498 1962 535 2016 In
554 1962 703 2033 praelatis
721 1962 867 2029 ecclesiis,
886 1977 962 2032 quae
981 1963 1181 2020 concessione
1198 1963 1323 2032 linguae
1343 1963 1596 2032 palaeoslavicae

345 2032 559 2090 indubitanter
577 2032 735 2098 fruuntur,
761 2032 924 2098 Rituale‚
945 2033 1096 2088 slavico
1116 2032 1307 2088 idiomate
1326 2033 1596 2114 impressum.

343 2101 485 2160 adhiberi
505 2101 621 2171 poterit
638 2104 669 2156 iii
688 2109 955 2157 sacramentorum
972 2108 1002 2158 et
1022 2101 1292 2157 sacramentalium
1307 2102 1596 2168 administratione,
1682 2097 1683 2142 l

343 2171 516 2230 dummodo
535 2171 610 2226 illud
631 2171 725 2226 inerit
744 2173 783 2226 ab
803 2172 981 2254 apostol-icta
1000 2171 1079 2254 Sede
1099 2171 1292 2253 recognitum
1313 2179 1343 2227 et
1360 2175 1552 2296 &rubetam

447 2240 499 2296 VI.
528 2241 643 2322 Sedulo
655 2246 771 2322 'curent
792 2241 938 2311 Episcopi
958 2257 1075 2324 msuis
1096 2241 1277 2324 Semina-riis
1307 2247 1452 2324 stuium
1485 2258 1597 2324 prore¹

344 2315 417 2368 here
431 2327 501 2366 cum
515 2311 628 2366 latinae
641 2311 774 2380 linguae,
794 2317 860 2366 tum
881 2311 1119 2381 palaeoslavi
1129 2327 1201 2378 cae,
1219 2316 1262 2366 ita
1275 2319 1439 2382 utcmque
1459 2313 1597 2368 dioecesi

343 2381 507 2438 necessarii
527 2381 705 2436 sacerdotes
725 2389 851 2450 praesto
872 2381 933 2436 slot
948 2381 987 2436 ad
1005 2380 1211 2438 ministerium
1229 2381 1260 2436 in
1275 2386 1412 2452 utroque
1433 2381 1595 2436 idiomate.
1683 2407 1684 2430 1

447 2451 516 2506 VII.
537 2450 765 2520 Episcoporum
781 2451 920 2506 ofliciuin
941 2451 1007 2512 erit.
1027 2457 1115 2506 unte
1134 2451 1439 2506 ordinationem
1461 2467 1596 2508 sacram.
1683 2473 1684 2476 ¹

344 2522 511 2591 designare
530 2520 706 2588 clericos,
725 2521 791 2591 qui
810 2520 955 2588 latinis,
977 2521 1036 2576 vel
1055 2521 1121 2591 qui
1141 2519 1455 2590 palaeoslavicis
1475 2520 1597 2576 eccle·

345 2592 421 2647 siis
441 2590 700 2658 destinentur,
725 2591 885 2660 explorata
906 2591 935 2644 iu
954 2595 1150 2646 antecessum
1171 2590 1463 2660 promovendorum
1487 2591 1597 2645 volim-

344 2668 405 2717 tate
425 2668 455 2715 et
473 2660 687 2729 dispositione,
707 2659 767 2715 nisi
787 2660 871 2715 aliud
891 2659 997 2742 engst
1013 2660 1159 2715 ccclesiae
1178 2660 1355 2716 necessitas.

447 2730 533 2786 VIII.
554 2729 584 2783 Si
605 2728 677 2799 quis
697 2730 852 2792 sacerdos,
881 2731 1024 2785 addictus
1051 2730 1204 2796 eeclesiae,
1233 2729 1285 2785 ubi
1305 2729 1400 2784 latina
1420 2729 1596 2785 adhibetur

344 2801 458 2868 lingua,
477 2799 566 2854 alteri
585 2800 696 2854 debeat
714 2800 860 2854 ecclesiae
880 2799 1041 2866 inservire,
1065 2815 1145 2870 quae
1165 2799 1453 2869 palaeoslavici
1475 2799 1597 2854 Iruitur
1684 2805 1685 2820 ¹

347 2870 504 2925 idiomatis
524 2869 697 2938 privilegiu,
718 2870 873 2926 Missam
895 2870 1100 2925 solemnem
1121 2869 1165 2923 ilii
1183 2869 1347 2934 celebrare,
1378 2869 1595 2938 Horasque

348 2954 490 2994 canere
510 2939 666 2998 tenebitur
684 2939 818 3006 lingua
866 2940 1139 3004 alacoslavica;
1160 2945 1295 2994 attamen
1314 2938 1419 2993 illiias
1441 2938 1504 2993 erit
1525 2938 1599 3008 pri·

309 3074 312 3077 ι
347 3008 464 3063 vatim
486 3009 579 3063 Sacra
599 3024 749 3078 peragere
767 3017 797 3063 et
850 3025 922 3064 oras
941 3010 1104 3064 cunculcas
1125 3009 1304 3078 persolvere
1329 3007 1456 3062 latina
1476 3009 1595 3078 lIngua.

452 3077 567 3132 Ideni
596 3079 734 3133 vicissim
762 3079 885 3134 dicatur
904 3080 942 3133 de
963 3081 1131 3144 sacerdote,
1161 3078 1487 3148 palaeoslavici
1519 3079 1595 3132 idio-

350 3148 441 3203 matis
460 3148 605 3202 ccclesiae
624 3148 791 3218 adscripto,
810 3149 859 3202 cui
873 3149 954 3207 forte
967 3147 1078 3204 latinae
1092 3148 1219 3204 eclesiae
1234 3147 1394 3202 deservIre
1412 3148 1597 3217 etintigeii't.

452 3219 505 3274 IX.
526 3217 643 3274 Licebit
673 3219 790 3287 pariter
821 3218 1037 3272 sacerdotibus
1068 3217 1197 3274 latini
1227 3219 1274 3274 elo
1300 3217 1341 3272 nii
1371 3217 1524 3272 ecclesiae
1554 3218 1597 3272 in·

349 3287 483 3356 scriptis,
503 3288 533 3342 in
548 3289 647 3343 aliena
666 3289 800 3354 ecclesia,
820 3303 900 3357 (quae
914 3287 1078 3358 privilegio
1092 3289 1216 3359 linguae
1236 3233 1302 3352 ped
1312 3303 1329 3341 a
1339 3303 1355 3342 e
1365 3303 1384 3342 o
1396 3303 1410 3340 s
1421 3287 1431 3340 l
1442 3303 1461 3341 a
1472 3304 1492 3340 v
1504 3287 1515 3341 i
1527 3303 1544 3342 c
1554 3301 1597 3340 ae

348 3358 475 3430 potitur,
496 3357 902 3427 lllissamprIvatam
924 3356 1547 3414 celebrarelatinoidiomate.

452 3428 595 3484 Vicissim
611 3426 1596 3508 sacerdoteslingnaepalaeoslavicaeecclesiis

346 3500 522 3564 addicti,
541 3498 649 3552 eodem
664 3497 811 3552 idiomate
825 3498 953 3552 Sacrum
970 3497 1115 3566 privatim
1132 3498 1232 3553 lacere
1247 3501 1393 3566 poterunt
1406 3496 1438 3550 iii
1453 3497 1595 3552 ecclesiis

347 3570 401 3625 uhi
420 3569 515 3624 latina
534 3568 641 3638 lingua
660 3567 835 3622 adhibetur.

450 3639 484 3694 x.
506 3638 565 3694 Ubi
584 3653 663 3692 usus
682 3636 821 3704 invaluit,
840 3637 872 3692 in
888 3635 983 3691 Missa
1003 3637 1133 3691 solemni
1149 3636 1321 3706 Epistulam
1335 3641 1365 3690 et
1380 3635 1593 3706 Evangelium

346 3711 381 3765 sl
393 3725 408 3764 a
420 3727 439 3764 v
450 3709 459 3763 i
470 3725 485 3763 c
496 3725 512 3763 e
540 3707 678 3771 canendi,
707 3713 778 3776 post
797 3707 979 3762 eorumdem
1006 3711 1130 3762 cantum
1156 3706 1294 3761 latino
1322 3705 1470 3761 ecclesiae
1489 3705 1594 3774 ipsius

347 3780 494 3836 idiomate
525 3778 715 3845 absolutum,
745 3775 997 3832 huiusmodi
1029 3776 1177 3846 praxis
1209 3773 1380 3830 servari
1412 3776 1594 3844 poterit

348 3850 521 3905 dummodo
549 3848 735 3903 adhibeatur
766 3847 872 3916 lingua
910 3845 1245 3914 palaeoslavica.
1269 3844 1320 3910 ,In
1350 3843 1457 3899 Missis
1486 3851 1594 3900 autem

348 3918 579 3989 parochialibus
607 3919 655 3972 las
683 3917 750 3979 erit,
782 3921 853 3986 post
884 3915 1045 3984 Evangelii
1073 3915 1292 3979 recitationem,
1324 3914 1399 3970 illud
1427 3915 1595 3984 perlegere

350 4005 369 4044 v
380 4005 400 4043 ii
411 3989 418 4042 l
430 4005 451 4058 g
461 4003 479 4041 a
489 3989 525 4041 ri
544 3986 633 4042 idio
645 4003 674 4041 m
686 4003 703 4041 a
714 3992 751 4042 te
770 3987 808 4040 ad
829 3985 1016 4056 pastoralem
1037 3984 1177 4041 fidelium
1197 3983 1444 4041 instructionem.

455 4057 507 4112 III.
527 4058 559 4112 si
579 4057 660 4110 luite
678 4057 709 4110 in
729 4056 890 4125 paroeciis
910 4071 989 4125 quae
1008 4055 1146 4124 linguam
1167 4055 1283 4110 liabent
1295 4053 1533 4178 palaeosla
1546 4070 1564 4108 v
1576 4053 1596 4106 i·

350 4143 444 4194 cam,
464 4127 577 4196 aliquis
590 4143 606 4180 e
620 4126 767 4180 fidelibus
788 4126 906 4195 prolem
928 4130 1038 4180 renuat
1057 4140 1146 4178 sacro
1166 4125 1276 4180 sistere
1309 4124 1381 4191 onti,
1402 4123 1464 4178 nisi
1480 4122 1596 4178 Rituali

350 4197 446 4252 latino
467 4195 601 4267 baptis
614 4211 696 4250 mus
715 4197 910 4258 contemtum
931 4195 979 4250 vel
994 4195 1087 4264 siqui
1107 4194 1427 4250 matrimonium
1448 4201 1596 4248 recusent

350 4267 516 4334 celebrare,
535 4266 595 4322 uisi
615 4266 710 4321 latina
728 4265 835 4334 lingua
854 4281 943 4320 sacer
961 4265 1145 4320 absolvatur
1164 4264 1252 4326 ritus.
1282 4263 1506 4318 Parcchns
1536 4279 1597 4344 op

350 4336 885 4407 portuneillosinstruat,
907 4332 1444 4404 nioueatque3etsiadliucIn
1465 4347 1596 4414 propria

351 4406 504 4463 sententia
523 4407 701 4478 persistant,
722 4405 923 4475 baptismum,
943 4411 996 4460 aut
1016 4405 1259 4460 benedictionem
1280 4401 1450 4472 nuptialem
1472 4417 1598 4471 priva·

351 4477 420 4531 tim
441 4475 568 4532 latius
587 4477 724 4547 lingua
746 4475 911 4531 ministret.

457 4547 636 4603 VlcissIm
657 4546 828 4617 eguinum
849 4543 991 4614 paroecia
1010 4543 1122 4600 latinae
1141 4543 1182 4597 lin
1209 4557 1273 4610 uae,
1303 4541 1420 4612 siquis
1440 4542 1597 4598 slavico

350 4616 534 4674 idiomate
554 4617 633 4672 ritus
653 4615 830 4686 praedictos
850 4614 978 4669 omuino
998 4615 1105 4736 peragi
1125 4560 1267 4668 simfliter
1286 4612 1398 4682 exigat.

458 4685 995 4757 x11.1npiae‹iieati0nevci
1033 4683 1139 4744 iDei.
1164 4681 1312 4738 aliisve
1331 4682 1464 4738 cultus
1483 4686 1596 4739 aetio

352 4760 479 4827 itibus
506 4775 604 4828 quae
629 4758 771 4810 stricte
801 4753 1017 4821 liturgicac
1048 4767 1123 4806 non
1143 4758 1246 4818 sunt,
1275 4751 1416 4821 liugua
1444 4754 1594 4808 slavica
