3450 5342
651 362 847 418 -191-

108 549 426 609 condemnando
448 571 495 608 sc.
511 551 586 609 eius
609 560 875 610 antecessorem
899 551 1104 624 Honorium,
1120 553 1214 630 primo
1230 571 1267 608 ex
1284 549 1372 610 dictis

110 635 317 696 recolendum
332 645 386 708 est,
401 638 566 708 concilium,
578 638 663 695 salva
677 657 739 695 sua
752 639 846 715 ipsius
858 637 1082 710 infallibilitate,
1099 659 1118 696 n
1127 658 1144 695 0
1154 657 1173 696 n
1190 639 1373 715 potuisse

111 722 269 782 damnare
292 735 443 803 tamquam
465 723 646 782 haereticum
668 727 785 803 proprie
808 723 929 792 dictum,
961 725 1110 803 multoque
1134 727 1230 782 minus
1255 733 1373 802 propter

111 810 274 869 haeresim
297 831 335 869 ex
358 809 499 869 cathedra
528 809 690 882 definitam,
713 831 788 880 eum,
817 813 868 890 qui
893 832 988 890 neque
1012 811 1176 872 haereticus
1199 811 1255 869 fuit
1278 830 1373 889 neque

113 896 332 956 definitionem
355 897 446 956 ullam
463 896 567 956 edidit.
590 897 709 956 Deinde
724 897 763 956 ad
779 897 1036 970 infallibilitatem,
1059 899 1134 958 falso
1150 917 1188 956 ex
1205 897 1374 977 hypothesi,

115 982 182 1041 sibi
217 996 392 1060 arrogatam,
435 983 650 1044 retundendam
689 987 810 1044 omnino
841 987 1039 1046 necessarium
1076 985 1180 1044 fuisset
1217 986 1374 1044 assertioni

114 1071 276 1148 pontificis
299 1073 488 1149 negationem
503 1092 586 1130 suam
608 1070 838 1131 immediate
860 1092 1067 1150 opponere.
1089 1073 1168 1132 Nam
1184 1071 1237 1130 illa
1253 1074 1372 1149 negatio

117 1158 329 1235 aequivalens,
352 1178 428 1236 quae
451 1161 483 1216 in
505 1156 751 1217 condemnatione
766 1152 893 1218 Honorii
910 1162 969 1218 sita
983 1167 1069 1232 esset,
1092 1177 1278 1238 nequaquam
1301 1160 1373 1217 satis

117 1243 216 1302 facile
238 1245 391 1305 intellecta
413 1255 510 1315 esset;
534 1245 616 1303 cuius
638 1247 681 1303 rei
705 1248 822 1322 signum
852 1243 1111 1306 evidentissimum
1134 1255 1187 1318 est,
1210 1244 1288 1324 quod
1312 1265 1372 1306 non

119 1330 265 1390 obstante
300 1332 356 1390 hac
385 1331 640 1402 condemnatione,
672 1333 849 1410 posteriores
878 1331 1007 1392 Romani
1036 1333 1190 1412 pontifices
1221 1351 1316 1411 neque
1341 1335 1372 1390 in

119 1439 158 1475 ea
183 1417 432 1476 infallibilitatem
464 1439 549 1477 suani
582 1427 719 1496 negatam
749 1418 917 1492 credebant,
941 1439 1036 1500 neque
1060 1418 1184 1478 eandem
1208 1417 1265 1478 sibi
1289 1421 1372 1476 attri-

120 1503 218 1563 buere
242 1503 406 1564 cessabant.

232 1610 273 1666 Et
296 1629 366 1668 nuru
389 1619 487 1688 patres
520 1609 637 1668 concilii
665 1612 742 1667 sexti
771 1609 1015 1668 virtualiter
1046 1609 1291 1670 infallibilitatem
1314 1610 1373 1667 ltc-

122 1697 210 1753 mani
233 1695 383 1773 pontilicis
397 1715 566 1773 negasse
581 1695 640 1754 dici
656 1709 789 1775 possunt,
808 1699 858 1776 qui
875 1687 964 1755 etlam
987 1705 1073 1776 post
1096 1695 1373 1756 condemnationem

128 1782 260 1841 Honorii
282 1782 329 1840 ad
350 1783 583 1861 Agathonem
606 1783 696 1840 haec
718 1785 969 1861 scripserunt:
997 1783 1065 1857 ,Sic
1080 1785 1181 1861 utique
1197 1793 1226 1842 et
1242 1785 1372 1841 omnium

128 1868 312 1948 synodorum
335 1870 486 1948 hucusque
509 1882 672 1928 cenventus
694 1871 790 1928 eflecti
814 1879 883 1930 snut
904 1869 1046 1930 adversus
1069 1868 1109 1942 id,
1132 1868 1211 1948 quod
1233 1869 1372 1928 tumultu-

126 1954 242 2027 abatur,
265 1968 294 2015 et
317 1956 523 2029 reluctabatur,
538 1966 599 2016 tarn
614 1955 804 2035 principibus,
827 1977 974 2036 quamque
991 1958 1095 2036 priscis
1109 1956 1242 2035 patribus
1258 1977 1373 2034 semper

126 2046 259 2102 armatis.
283 2046 372 2103 Arius
395 2043 507 2102 divisor
528 2052 618 2122 atque
639 2046 763 2122 partitor
782 2045 943 2102 Trinitatis
969 2042 1158 2122 insurgebat:
1181 2053 1211 2101 et
1233 2044 1372 2102 continuo

127 2128 343 2190 Constantinus
359 2149 474 2209 semper
490 2131 649 2207 Angustus,
665 2139 702 2190 et
724 2131 924 2190 Silvestcr
947 2129 1113 2202 laudabilis,
1129 2151 1268 2207 magnam
1284 2137 1374 2207 atque

126 2217 277 2294 insignem
300 2220 332 2276 in
355 2218 451 2276 Nicea
473 2215 619 2297 synodum
642 2218 871 2294 congregabant,
895 2237 1057 2296 perquam
1081 2219 1146 2298 ipsa
1160 2217 1295 2276 Trinitas
1311 2225 1371 2276 tam

128 2301 199 2361 tidei
222 2303 389 2383 symbolum
412 2303 544 2375 dictavit,
575 2324 721 2382 quamque
744 2304 892 2364 adversus
910 2305 1054 2364 Arianam
1086 2303 1231 2364 malitiam
1255 2313 1373 2362 senten-

129 2392 202 2448 tiam
225 2392 431 2469 promulgavit,
454 2401 483 2449 ct
506 2394 584 2449 iusta
605 2411 701 2469 poena
723 2401 871 2450 errantem
894 2391 1037 2450 ecclesiae
1060 2391 1133 2454 locis
1156 2389 1296 2467 indignis,
1320 2389 1372 2448 sed

128 2477 173 2537 illi
208 2476 365 2555 condignis
399 2479 550 2538 cruciavit.
574 2477 776 2537 Macedonins
806 2480 934 2557 Spiritus
963 2476 1130 2558 denegabat
1164 2477 1312 2548 deitatem,
1343 2485 1373 2534 et

132 2562 334 2624 dominantem
357 2585 531 2624 conservum
546 2563 752 2644 praedicabat3
776 2564 828 2624 aed
844 2567 991 2624 maximus
1006 2566 1165 2646 imperator
1178 2561 1372 2635 Theodosius,

131 2659 167 2707 et
200 2651 393 2711 Damasus
422 2651 495 2710 fidei
528 2651 658 2723 adamas,
698 2654 830 2729 protinus
872 2650 1056 2724 obstiterunt,
1091 2671 1212 2730 quorum
1247 2647 1372 2708 solidam

131 2747 260 2796 mentem
293 2741 498 2816 aggressiones
528 2748 617 2817 atque
646 2739 799 2797 conflictus
833 2740 997 2798 alienarum
1027 2751 1173 2800 sectamm
1204 2736 1372 2796 nullatenus

132 2827 305 2897 sauciarunt,
336 2824 497 2903 Gregorius
526 2833 556 2883 et
578 2826 735 2884 Nectarius
758 2828 790 2884 in
812 2825 869 2884 hac
893 2827 975 2903 regia
1005 2825 1077 2884 urbe
1103 2833 1281 2884 conventum
1304 2841 1372 2882 con·

133 2911 294 2988 gregabant
325 2927 355 2971 et
388 2913 562 2988 sacrilegam
600 2911 720 2990 quidem
752 2913 885 2989 linguam
909 2933 927 2969 a
949 2910 1113 2973 sacerdotio
1146 2909 1368 2980 abscindebant,

119 3018 206 3075 .quae
236 2998 437 3078 blasphemias
466 2998 664 3058 exsecrabiles
694 3002 726 3057 in
755 2999 897 3077 Spiritum
925 3019 947 3058 s.
978 2997 1154 3058 iaculabaut.
1189 2996 1266 3076 quod
1290 2997 1372 3054 Deus

136 3095 179 3142 est
199 3085 326 3164 Spiritus
353 3088 569 3153 confirmantes,
601 3108 654 3165 per
683 3107 726 3157 ea,
760 3107 835 3164 quae
864 3086 1051 3145 manifestius
1080 3095 1285 3164 exposuerunt.
1323 3086 1372 3141 b‘ie

136 3172 222 3248 igitur
255 3193 313 3243 ecs,
351 3176 401 3251 qni
434 3174 592 3232 Trinitatis
625 3176 769 3233 unitatem
802 3172 966 3245 solvebant,
1005 3173 1163 3232 Trinitatis
1196 3173 1289 3230 virtus
1322 3169 1372 3228 de·

133 3262 244 3318 struxit.
267 3260 362 3318 Multa
385 3281 454 3320 vero
477 3261 565 3320 valde
587 3270 617 3320 ct
647 3260 808 3318 multifaria
837 3269 867 3317 et
896 3281 984 3338 snper
1003 3261 1067 3338 ipsa
1083 3260 1228 3336 unigeniti
1252 3256 1370 3336 dispen-

133 3347 241 3404 satione
265 3347 344 3404 facta
366 3357 410 3406 est
432 3349 585 3426 oppositio,
608 3347 661 3406 sed
684 3348 836 3425 generalia
857 3367 954 3405 sermo
977 3347 1083 3425 exequi
1107 3346 1236 3406 festinat.
1260 3345 1370 3402 lterum

135 3432 283 3492 Nestorius
306 3444 336 3492 et
357 3436 462 3492 iterum
494 3435 751 3495 Caelestinus
779 3444 808 3492 et
832 3433 971 3513 Cyrillus,
1001 3434 1052 3490 ille
1076 3432 1195 3512 quidem
1219 3431 1371 3490 Christum

135 3517 282 3577 dividebat
316 3530 345 3579 et
378 3521 532 3599 partiebat,
563 3523 595 3580 hi
626 3543 697 3580 vero
727 3542 792 3580 cnm
824 3519 944 3578 domino
974 3522 1177 3598 conspirantes
1213 3539 1270 3578 una
1304 3536 1369 3575 cnm

135 3616 307 3683 sceptrorum
330 3607 449 3667 domino
473 3609 632 3670 divisorem
655 3608 832 3679 deiciebam,
861 3617 893 3666 ut
918 3607 1053 3686 Ephesus
1088 3617 1116 3663 ct
1139 3603 1251 3665 ibidem
1274 3617 1370 3681 gesto-

88 3765 92 3771 (
137 3712 194 3749 rum
216 3693 334 3752 tabulae
357 3715 409 3774 per
426 3696 600 3758 litterariam
624 3717 725 3754 vocem
748 3696 817 3754 durn
840 3697 897 3773 ipsi
921 3694 1037 3763 sileant,
1060 3713 1163 3752 causas
1188 3695 1266 3772 ipsas
1289 3691 1371 3768 loqu·

137 3790 223 3837 untur.
247 3778 365 3840 Deinde
389 3783 565 3862 Eutychetis
588 3785 706 3841 insania
727 3781 873 3840 delirante
896 3781 1020 3839 alteram
1052 3779 1190 3852 fabulam,
1221 3779 1370 3856 ipsiusque

137 3866 284 3925 salvatoris
307 3869 521 3929 humanitatem
547 3872 665 3948 penitus
696 3880 850 3927 recusante
873 3878 903 3926 et
926 3867 1093 3927 umbrosam
1125 3863 1284 3944 quamdam
1307 3866 1369 3922 eius

138 3962 162 4009 et
184 3974 240 4012 non
276 3975 377 4014 veram
411 3956 635 4017 similitudinem
669 3958 890 4034 praestigiunte,
925 3964 1047 4034 putasne
1087 3955 1285 4012 necessarium
1308 3959 1370 4010 erat

139 4040 222 4110 silere,
254 4053 282 4099 ct
314 4063 373 4100 non
401 4042 549 4124 spiritales
579 4045 658 4102 viros
686 4045 846 4120 insurgere,
871 4043 921 4120 qui
945 4041 1055 4099 divinis
1090 4039 1188 4097 verbis
1219 4038 1369 4096 falsidicos

139 4129 368 4204 compescerent?
390 4130 431 4186 m
454 4129 599 4210 quomodo
623 4152 682 4190 non
698 4129 903 4208 indignaretur
915 4127 1006 4197 Deus,
1030 4129 1081 4204 qui
1103 4123 1372 4203 blasphemabatur,

140 4226 164 4270 ct
179 4235 233 4272 non
249 4214 478 4276 defendebatur?
493 4217 633 4276 Leonis
657 4219 746 4293 igitur
761 4217 832 4275 tuba
847 4227 989 4294 tunquam
1010 4215 1104 4272 leonis
1116 4215 1230 4289 rugitus
1246 4212 1372 4268 viriliter

141 4300 296 4361 vociferans
309 4323 346 4360 ex
359 4304 461 4379 Remo,
485 4306 602 4362 interim
617 4303 879 4362 archimandritam
894 4303 1020 4360 bestium
1033 4301 1196 4379 perterruit,
1221 4307 1250 4356 ct
1273 4318 1290 4354 e
1313 4318 1372 4354 rno-

142 4387 253 4447 nachioo
275 4409 366 4468 grege
393 4393 515 4468 proiecit
537 4392 658 4468 eiusque
674 4389 861 4467 phantasiam
881 4399 969 4466 atque
987 4390 1170 4466 putationem
1194 4384 1371 4462 reprobavit,

142 4488 166 4531 et
185 4495 356 4534 evanescere
372 4477 450 4536 fecit.
474 4477 583 4536 Hanc
606 4478 730 4554 igitur
753 4475 956 4534 divinitus
980 4476 1171 4551 scripturn
1194 4471 1371 4530 tabulam

142 4560 296 4621 Marcianus
331 4566 544 4623 sacratissimus
576 4566 734 4642 imperator
767 4572 796 4620 et
831 4562 989 4620 Anatolius
1022 4557 1368 4635 Constantinopolitanae

143 4651 251 4706 antistes
293 4671 371 4708 oum
414 4652 512 4708 omni
555 4650 861 4708 Clialcedoncnsi
897 4669 914 4706 a
949 4647 1102 4706 Christo
1139 4651 1370 4721 congregata
