3450 5342
721 365 912 417 -L'll—

188 546 231 598 ita
257 546 405 612 respondit
426 546 476 611 Ep.
496 546 547 599 lb'l
570 546 619 610 (al.
637 546 692 611 ol).
720 562 747 599 n.
767 548 802 599 7:
839 548 887 604 ..ln
907 552 1020 599 tuntum
1042 548 1190 599 hominum
1211 548 1369 611 aliquando
1388 548 1442 599 ini·

188 616 287 681 quitus
306 615 498 683 progreditur,
525 619 556 667 ut
576 616 665 668 etiam
685 621 749 683 post
768 620 864 669 actam
885 617 1092 683 poenitentiam
1114 658 1119 668 .
1140 657 1144 669 .
1165 658 1170 668 .
1193 618 1237 667 rel
1258 616 1373 677 similia.
1395 618 1439 669 vel

187 686 325 753 graviora
349 684 551 749 committant;
579 690 607 738 et
627 689 725 739 tamen
745 686 822 737 lleus
850 687 918 739 iacit
938 687 1025 738 etiam
1055 702 1141 751 super
1159 687 1233 738 tales
1262 686 1330 738 oriri
1349 688 1440 739 solem

190 770 276 807 suum
297 796 303 806 .
323 796 330 806 .
350 796 356 805 .
375 758 413 809 et
440 754 573 819 quamvis
592 755 635 807 eis
654 755 683 807 in
712 756 835 808 ecclesia
857 758 935 807 locus
964 756 1144 808 humillimae
1164 756 1358 823 poenitentiae
1384 771 1441 807 uon

188 825 375 889 concedatur,
401 825 479 876 Deus
503 829 602 877 tamen
630 840 717 891 super
740 841 790 877 eos
817 840 888 877 suae
913 826 1071 891 patientiae
1099 840 1155 877 non
1181 826 1362 878 obliviscitur
1399 826 1439 877 Ex

189 909 311 959 quorum
331 893 493 946 numerosi
513 893 579 959 (puis
597 894 681 946 nobis
699 894 791 947 dicat:
823 896 877 946 Aut
898 895 966 947 date
985 895 1055 947 milri
1076 895 1199 947 eundern
1220 895 1323 947 lterum
1345 896 1441 960 poeni-

189 962 273 1016 tendi
291 965 386 1015 locum
414 968 463 1016 aut
488 963 674 1029 desperatum
702 980 749 1015 me
766 964 936 1029 permittite,
967 971 996 1016 ut
1017 964 1157 1029 quidquid
1186 964 1301 1019 libuerit
1327 964 1441 1029 faciam,

188 1039 242 1085 aut
261 1033 350 1085 dicite
368 1032 449 1098 mihi,
476 1036 573 1085 utrum
590 1033 702 1098 aliquid
721 1034 811 1099 prosit
830 1035 867 1085 ad
888 1034 977 1085 ritem
997 1034 1131 1092 suturam,
1158 1034 1181 1085 si
1202 1050 1247 1085 me
1267 1034 1441 1099 poenitendo

188 1102 395 1155 vehementius
413 1117 501 1167 quam
527 1102 607 1167 prius
626 1103 846 1155 excruciavero:
878 1103 942 1167 uiris
962 1110 1090 1155 nostrum
1121 1104 1161 1156 ita
1180 1104 1296 1169 desipit,
1324 1110 1354 1157 ut
1375 1104 1441 1155 huic

190 1172 302 1225 homini
317 1172 407 1225 dicat:
426 1172 504 1223 Nihil
523 1171 576 1224 tibi
591 1172 647 1225 ista
666 1173 822 1237 proderunt
838 1172 866 1223 in
887 1178 1032 1237 posterum
1047 1214 1052 1225 .
1067 1213 1093 1225 ..
1112 1174 1251 1240 Quamvis
1269 1189 1338 1237 ergo
1358 1178 1441 1225 caute

190 1245 221 1294 et
241 1242 396 1293 salubriter
423 1241 519 1293 risum
537 1241 584 1297 sit.
611 1244 642 1294 ut
662 1244 741 1293 locus
768 1242 846 1293 illius
872 1242 1051 1295 burnillimae
1078 1243 1273 1308 poenitentiae
1294 1244 1382 1295 semel
1412 1244 1440 1295 iu

191 1312 318 1363 ecclesia
345 1311 527 1376 concedatur,
556 1326 593 1363 ne
612 1312 757 1363 medicina
785 1313 851 1363 vilis
871 1312 966 1363 minus
994 1312 1074 1363 utilis
1101 1317 1179 1364 esset
1201 1313 1335 1377 aegrotis¹
1367 1328 1440 1377 qnae

189 1385 275 1433 tanto
292 1380 388 1447 magis
416 1380 542 1432 salubris
560 1384 613 1445 est,
644 1386 752 1446 quanto
770 1382 867 1433 minus
889 1382 1116 1447 contemptibilis
1136 1382 1229 1447 luerit,
1259 1382 1324 1447 (tuis
1342 1386 1441 1435 tamen

189 1451 301 1503 audeat
328 1451 424 1501 dicere
443 1449 520 1501 Deo:
550 1451 643 1516 Quare
671 1450 737 1501 huic
764 1450 883 1511 homini,
912 1450 959 1517 (μιί
990 1457 1052 1516 post
1081 1451 1203 1517 primam
1233 1452 1440 1517 poenitentiam

191 1536 294 1572 rursus
313 1536 345 1571 se
363 1520 475 1583 laqueis
494 1520 657 1583 iniquitatis
675 1520 841 1583 obstringit,
859 1520 954 1573 adhuc
976 1520 1081 1572 iteru
1094 1536 1121 1573 m
1142 1520 1296 1587 parcis?
1312 1562 1339 1573 ..
1359 1562 1364 1573 .
1385 1522 1443 1573 Aut

193 1590 261 1642 istis
291 1590 420 1654 exceptis
438 1604 503 1640 esse
533 1588 686 1641 definitum
712 1591 788 1654 quod
816 1590 1037 1655 scriptumest:
1069 1590 1149 1643 Beati
1169 1606 1278 1649 omnes,
1307 1591 1355 1656 qui
1375 1606 1441 1643 con·

191 1660 288 1711 fidunt
309 1659 338 1711 in
357 1658 439 1710 eum?
459 1699 464 1709 .
485 1696 517 1709 ..
543 1658 613 1711 Cum
634 1659 723 1721 igitur
741 1675 826 1724 super
845 1664 1012 1725 peccatores
1031 1663 1113 1711 tanta
1133 1661 1169 1713 sit
1189 1661 1340 1727 patientia,
1359 1663 1441 1713 tanta

190 1728 393 1781 misericordia
415 1727 524 1786 divina,
554 1737 584 1779 ut
614 1728 642 1779 in
671 1729 725 1780 hac
753 1729 905 1794 temporali
935 1728 994 1780 rita
1023 1729 1151 1780 moribus
1181 1730 1352 1787 emendatis.
1384 1744 1440 1781 non

191 1798 372 1849 damnentur
391 1797 419 1849 in
439 1802 598 1858 aeternum,
627 1800 728 1863 (pirates
747 1814 800 1849 nes
818 1815 883 1850 esse
902 1801 1014 1863 oportet
1034 1798 1165 1850 homines
1184 1814 1253 1867 erga
1273 1798 1441 1851 bominesl“

192 1868 250 1921 t'ni
270 1870 369 1919 monet
386 1867 492 1919 wita
504 1882 576 1930 sse,
597 1874 630 1919 ut
647 1868 816 1919 attendatur
835 1868 1037 1921 Macedonium
1057 1868 1155 1920 mirari
1175 1872 1202 1921 ei
1224 1868 1370 1933 indignari
1388 1884 1441 1920 nec

194 1937 390 2002 Atrgustinum
410 1937 596 2001 respondere:
615 1938 767 1989 ecelesiam
788 1953 844 1988 non
864 1954 971 2005 negare
990 1937 1045 1989 nisi
1067 1938 1212 2003 publicam
1233 1937 1440 2003 poenitentiam

193 2007 363 2070 secundam,
393 2006 537 2071 privatam
559 2006 725 2066 curicedere,
756 2008 807 2058 sed
827 2006 1072 2059 commonefacere
1100 2022 1165 2059 eum
1188 2007 1380 2071 benignitatis
1408 2023 1442 2058 ac

194 2075 412 2127 misericordiae
430 2075 554 2127 diuinae.

300 2144 325 2208 e)
349 2146 427 2197 Neve
451 2144 589 2210 effugium
614 2160 736 2209 sparseras
762 2147 854 2197 solum
880 2145 1035 2197 secundam
1063 2146 1269 2211 poenitentiam
1295 2146 1440 2211 publicam

194 2215 423 2279 sollemnemque
449 2213 538 2266 luisse
557 2219 713 2278 negatam3
743 2230 811 2266 nam
841 2216 914 2267 bene
933 2215 1057 2267 advertit
1087 2216 1262 2268 l'etavius
1291 2217 1393 2282 (Notae
1413 2216 1441 2267 in

194 2284 300 2349 Epiph.
320 2285 398 2335 haer.
417 2284 471 2349 59),
499 2284 553 2336 boc
572 2284 664 2349 posito
683 2284 809 2335 futurum
829 2285 926 2348 luisse,
947 2290 975 2337 ut
996 2284 1094 2337 mitius
1113 2286 1149 2337 (le
1169 2285 1290 2351 relapsis
1309 2290 1444 2351 ageretur

193 2369 283 2419 quam
304 2354 341 2405 de
360 2354 448 2405 semel
468 2358 581 2405 tautum
601 2354 699 2419 lapsis.

301 2440 373 2491 llub.
394 2439 435 2491 12.
465 2440 573 2493 Saltem
593 2440 745 2492 clericis
765 2440 953 2505 peccantibus
972 2442 1134 2508 negabatur
1152 2442 1188 2492 ab
1208 2441 1329 2493 ecclesia
1348 2442 1442 2492 venia.

196 2512 238 2561 lta
250 2510 362 2572 beel-l„
381 2510 432 2574 Ep.
444 2508 494 2560 167
512 2509 617 2574 (aler)
635 2510 673 2563 ad
692 2510 842 2561 Rusticum
854 2510 979 2561 Narbon.
999 2510 1093 2563 ducet:
1113 2510 1263 2575 „Alienum
1283 2515 1327 2562 est
1346 2526 1442 2563 aeon·

195 2580 350 2631 suetudine
369 2578 575 2640 ecclesiastica,
595 2583 624 2630 ut
644 2579 691 2643 spiri
711 2580 739 2631 in
760 2580 948 2645 presbyterali
969 2580 1076 2633 honore
1094 2584 1144 2632 aut
1164 2580 1191 2632 in
1212 2580 1335 2632 diaconii
1350 2580 1442 2647 gradu

195 2649 302 2701 luerint
322 2648 490 2713 consecrati,
519 2648 537 2699 ii
557 2664 608 2714 pro
627 2648 747 2700 crimine
765 2649 862 2714 aliquo
888 2664 938 2700 suo
963 2665 1014 2714 per
1033 2665 1136 2701 rnanns
1161 2650 1374 2716 impositionem
1401 2664 1443 2701 re-

196 2719 325 2770 medium
344 2718 490 2783 accipiant
508 2718 687 2783 poenitendi;
709 2719 785 2783 ‹pirod
805 2719 867 2770 sine
886 2718 974 2770 dubio
992 2736 1027 2770 ex
1047 2720 1203 2785 apostolica
1220 2719 1375 2771 traditione
1395 2720 1443 2771 de·

196 2788 319 2853 scendil,
340 2787 498 2839 secundum
517 2789 592 2853 quod
613 2788 833 2854 scriptumest:
861 2788 1008 2845 Sacerdos.
1034 2790 1056 2840 si
1077 2789 1247 2854 peccaverit,
1266 2789 1331 2853 quis
1350 2788 1443 2841 orabit

197 2872 249 2923 pro
269 2857 349 2909 illo?“
370 2858 441 2909 item
461 2856 619 2908 Siricius
647 2858 684 2909 ad
704 2857 863 2909 Himerium
884 2860 934 2923 Ep.
955 2858 979 2920 t,
998 2874 1024 2911 n.
1046 2858 1336 2923 18:„1¹0ennentia1n
1357 2874 1443 2919 agere

194 2928 333 2993 cuiquam
351 2942 407 2978 non
427 2926 593 2978 conceditur
611 2927 804 3012 clericorum.
824 2926 863 2980 ct.
884 2928 967 2981 (bne.
987 2928 1121 2994 (brthag.
1141 2929 1183 2992 V„
1204 2944 1247 2980 cn.
1268 2927 1307 2980 11.

308 3041 460 3120 Quidquid
491 3063 509 3099 a
538 3040 715 3100 doctissimis
747 3045 818 3101 viris
840 3046 1005 3121 opponitur,
1034 3066 1092 3103 non
1124 3044 1255 3123 impedit,
1289 3046 1445 3123 quominus

196 3141 351 3187 teneamus
374 3128 452 3207 quod
474 3130 633 3207 posuimus.

308 3217 445 3273 Ecclesia
467 3219 590 3293 antiqua
612 3219 701 3273 etiam
724 3219 909 3293 gravissimis
924 3216 1125 3295 peccatoribus
1139 3219 1349 3294 poenitentiarii
1374 3237 1444 3274 con-

195 3302 322 3360 cedebat
344 3324 452 3380 eosque
476 3305 507 3360 in
530 3304 655 3361 ecclesia
678 3302 854 3380 rccipieliat3
886 3306 966 3381 atqui
1001 3304 1054 3361 hac
1086 3306 1253 3381 receptione
1277 3315 1354 3360 corte
1380 3324 1444 3379 pec-

196 3403 266 3447 cata
287 3389 520 3447 remittebantur.

308 3494 385 3552 Nam
410 3495 447 3551 A.
470 3494 601 3572 alioquin
632 3493 671 3552 ad
701 3494 906 3552 Eucharistiae
938 3496 1152 3571 strsceptionem
1183 3492 1298 3568 indigni
1323 3492 1443 3550 admissi

197 3591 306 3639 essent.
339 3580 388 3639 Ad
419 3601 479 3639 rem
511 3582 761 3658 Augustinus,
786 3584 878 3638 serm.
903 3582 982 3637 352:
1019 3583 1091 3652 „Est
1121 3582 1304 3658 poenitentia
1327 3582 1445 3655 gravior

198 3680 289 3744 atque
319 3668 485 3736 luctuosior,
515 3688 574 3746 qua
604 3670 719 3747 proprie
750 3679 893 3725 vocantur
924 3669 953 3724 in
984 3668 1108 3725 ccclesia
1139 3670 1331 3744 poenitentes,
1355 3669 1444 3724 etiam

197 3757 305 3812 remoti
328 3775 347 3813 a
368 3758 559 3813 sacramento
582 3755 683 3813 altaris
700 3753 912 3831 participando,
930 3775 966 3811 ne
983 3752 1156 3831 accipiendo
1180 3754 1246 3813 ind
1259 3757 1346 3831 igne
1370 3752 1446 3812 iudi-

197 3843 278 3899 cium
302 3841 360 3899 sibi
382 3840 561 3899 manducent
584 3858 612 3899 et
636 3840 769 3899 bibant“.
802 3842 847 3898 (Jt'.
872 3842 926 3917 Ep.
953 3845 1022 3908 lte,
1046 3862 1070 3898 c.
1094 3844 1121 3897 3.
1145 3876 1184 3883 --
1210 3842 1355 3899 Auctor
1377 3840 1445 3899 libri

198 3927 238 3985 de
261 3929 470 3986 ecclesiasticis
489 3928 648 4005 dogmatib.
672 3948 695 3989 c.
720 3931 776 3985 53:
801 3928 925 4005 ilportet
941 3939 1122 4005 peccatorem
1144 3928 1321 3996 „sacerdotis
1338 3927 1446 3986 iudicio

199 4016 420 4074 reconciliatum
442 4018 646 4095 ¹communioni
678 4018 790 4083 sociari,
814 4017 838 4072 si
863 4015 925 4072 vult
949 4036 1007 4073 non
1031 4014 1069 4072 ad
1093 4013 1233 4073 iudicium
1257 4026 1285 4073 et
1309 4014 1446 4073 condem·

199 4104 351 4160 nationem
375 4104 420 4159 sni
444 4102 661 4161 Eucharistiam
685 4104 864 4181 perciper·e“.
890 4136 927 4143 —
954 4103 1030 4159 lieo
1059 4102 1107 4169 ll„
1138 4103 1192 4179 Ep.
1225 4104 1263 4160 91
1289 4101 1337 4177 (al.
1364 4102 1446 4177 les),

197 4208 225 4245 c.
257 4191 292 4248 2:
329 4188 492 4260 „Mediator
522 4190 579 4247 Dei
611 4201 640 4247 et
671 4190 822 4246 hominum
854 4188 930 4246 lmnc
961 4190 1135 4266 praepositis
1159 4188 1301 4247 ecclesiae
1325 4187 1447 4245 tradidit

201 4284 386 4353 potestatem,
409 4285 440 4333 ut
463 4287 492 4333 et
515 4276 722 4333 confitentibus
752 4278 897 4332 actionem
926 4276 1125 4352 poemtentiae
1149 4273 1253 4333 darent
1276 4285 1305 4333 et
1329 4274 1446 4332 eosdem

201 4361 312 4419 salubri
351 4362 552 4421 satisfactione
592 4373 730 4440 purgatos
769 4362 807 4419 ad
844 4364 1079 4420 communionem
1118 4373 1364 4419 sacramentorum
1397 4381 1448 4439 per

200 4450 322 4506 ianuam
352 4449 600 4507 reconciliationis
630 4449 829 4508 admitterent.
859 4482 888 4491 —
933 4449 978 4506 (Jf.
1010 4450 1061 4507 Io.
1093 4448 1312 4527 Chrysost.,
1336 4450 1372 4509 In
1395 4448 1448 4507 Mt.

202 4535 280 4593 honr.
314 4539 361 4605 tu,
392 4556 420 4593 n.
452 4538 487 4604 ὃς
518 4535 555 4593 de
586 4556 670 4613 poen.
701 4536 778 4593 horn.
803 4538 829 4596 6,
854 4538 885 4592 in
908 4536 984 4598 tine:
1008 4534 1206 4606 Athenas,
1230 4536 1286 4612 Ep.
1309 4534 1447 4593 heortast.

200 4624 231 4693 7,
255 4643 283 4683 n.
307 4624 343 4695 93
368 4624 554 4681 Asterius
578 4623 727 4693 Amascn.,
750 4623 837 4682 Hom.
864 4624 912 4679 13.
941 4623 1037 4680 (liaris
1061 4622 1106 4679 his
1130 4624 1307 4678 testimoniis
1331 4620 1447 4679 obstare
