3450 5342
847 384 1016 438 ...42-

312 573 421 632 Russia
444 575 538 630 iuvari
571 585 676 650 posset.
709 573 780 628 ilem
811 585 910 628 tamen
949 570 1109 628 faciliorem
1140 568 1329 627 existimabat
1360 589 1432 638 esse,
1464 589 1548 646 quam

311 679 415 717 revera
426 674 507 727 erat;
530 657 609 716 unde
619 657 675 716 sibi
689 659 866 736 persuaserit
880 660 974 734 ipsum
991 654 1131 714 Alexinm
1145 655 1326 732 lilibujlovit‚
1343 657 1546 733 imperatorem

313 746 549 813 Moscoriticum
571 747 711 804 unionem
734 763 800 803 cum
823 745 918 804 Roma
940 753 1041 822 optare
1056 743 1117 822 (De
1140 741 1226 801 rebus
1241 743 1472 804 Moscboviticis.
1495 743 1551 798 Pa-

312 834 386 890 tavii
404 835 486 891 ltso
508 853 536 910 p.
560 833 613 908 83)
638 835 769 908 ignotum
793 839 901 890 manet.
925 831 997 888 Eius
1021 830 1144 888 consilia
1167 828 1294 888 eduntur
1311 829 1358 887 bic
1379 851 1445 888 cum
1463 833 1554 886 versi-

312 939 368 978 one
392 920 524 980 ltussica.

419 1007 500 1064 Inter
523 1005 582 1064 alia
604 1003 708 1064 suadet
729 1005 762 1060 in
782 1003 889 1074 „Brevi
907 1001 944 1060 ad
960 1005 1016 1062 iter
1030 1001 1277 1062 Moschoviticum
1301 1001 1550 1060 manuductione*

313 1096 397 1153 ni:
421 1091 485 1153 Viri
508 1091 546 1150 cd
569 1112 629 1150 rem
649 1091 825 1148 catholicam
836 1091 867 1147 in
881 1089 987 1148 Russia
997 1089 1228 1168 promovendam
1239 1088 1345 1147 delecti
1363 1087 1557 1161 „indumenta

312 1199 397 1238 sacra
419 1190 447 1236 et
471 1178 683 1256 supellectilem
695 1179 812 1254 aliaque
828 1177 1024 1254 suspicionem
1045 1178 1188 1234 iniectum
1197 1197 1294 1234 secum
1311 1186 1461 1254 asportare
1473 1175 1554 1232 nullo

312 1279 399 1345 pacto
411 1276 565 1337 attentent,
576 1285 641 1324 cum
654 1267 754 1323 omnin
766 1264 832 1321 heic
843 1271 872 1320 et
885 1263 1002 1340 singula
1013 1263 1103 1320 multo
1112 1283 1199 1341 quam
1208 1265 1426 1322 accuratissime
1435 1264 1556 1340 perqui-

313 1358 454 1425 rantnr⁴3
478 1375 506 1410 n.
529 1359 548 1404 s
570 1351 745 1423 ‚lioschuae
760 1352 891 1408 omnium
902 1352 995 1428 primo
1011 1371 1105 1408 mores
1122 1351 1298 1427 Europaeos,
1315 1353 1344 1408 in
1361 1352 1441 1407 omni
1456 1369 1556 1406 rerum

313 1454 388 1505 actu,
398 1437 698 1518 necessariaquadam
706 1437 932 1515 metamorphusi
943 1439 974 1494 in
982 1437 1130 1496 Asiaticos
1138 1437 1347 1494 transformare
1355 1437 1556 1505 meminerint,

313 1546 359 1594 ue,
372 1527 461 1586 aliam
474 1529 614 1602 ingressis
631 1528 718 1593 riam,
735 1524 810 1582 bene
826 1527 916 1581 etiam
928 1527 1064 1600 cogitato,
1084 1523 1287 1582 consuetudini
1309 1525 1383 1580 form
1396 1525 1555 1583 contraria

313 1616 440 1691 pessimo
453 1613 568 1671 cadant.
582 1612 641 1670 Hic
653 1615 731 1669 enirn
748 1624 778 1668 ut
795 1613 826 1668 in
842 1610 920 1668 bello
932 1610 978 1668 bis
988 1630 1108 1688 peccare
1125 1631 1183 1669 non
1196 1611 1294 1668 licet·.
1306 1631 1333 1670 n.
1350 1613 1395 1668 s..
1418 1611 1518 1686 Atque
1529 1612 1553 1666 si

308 1721 436 1778 usquam
459 1700 531 1758 alibi
555 1746 561 1757 .
586 1745 591 1756 .
616 1703 692 1758 inter
714 1698 850 1758 Moschus
874 1712 951 1756 certe
975 1697 1077 1774 lingua
1100 1697 1159 1754 illis
1178 1701 1214 1754 sit
1233 1717 1328 1774 parca
1345 1718 1427 1754 mens
1443 1696 1556 1767 clausa¹

312 1789 393 1845 irons
418 1809 486 1844 rero
510 1807 567 1844 non
591 1798 693 1864 aperta
716 1831 721 1841 .
747 1833 753 1844 .
776 1805 813 1844 ne
835 1783 907 1862 quid
931 1787 1057 1861 sequius.
1080 1786 1111 1842 in
1134 1795 1194 1841 tarn
1219 1784 1319 1841 servili
1343 1801 1371 1840 et
1388 1785 1556 1860 suspiciosa

312 1886 412 1953 gente!
433 1874 482 1931 rel
504 1895 541 1931 ex
565 1874 647 1930 vultu
670 1886 769 1930 nostro
798 1876 965 1948 arguatur&
991 1892 1019 1931 n.
1044 1875 1081 1928 12
1110 1872 1306 1948 „Praecipuus
1331 1870 1554 1928 l'otbolicorum

301 1981 329 2018 .e
343 1963 468 2035 vestigio
487 1959 596 2018 adeant
615 1979 723 2036 eosque
734 1957 772 2016 ad
785 1957 963 2036 praestanda
981 1957 1067 2016 rebus
1086 1958 1204 2016 silentia
1218 1957 1346 2016 lideliter
1357 1956 1557 2032 obstringant.

313 2049 474 2106 Dominum
498 2047 658 2105 Bncboven
683 2045 886 2124 [Bocklrorenl
911 2043 1059 2112 videlicet,
1082 2045 1315 2111 (reseratorum
1336 2057 1557 2110 rectionemr-

313 2137 396 2200 citus,
421 2135 539 2192 natione
563 2133 702 2211 Anglum,
718 2152 773 2190 nec
789 2153 848 2190 non
863 2133 1023 2190 Dominum
1048 2133 1191 2190 blainium
1211 2130 1300 2210 [recte
1316 2131 1350 2188 P.
1366 2130 1556 2207 Menesiuml,

313 2221 477 2296 legatione
501 2241 593 2298 nuper
616 2220 721 2280 Italica
742 2219 927 2296 perfunctum
943 2229 971 2276 et
989 2219 1135 2277 l'rnetum
1153 2219 1233 2276 illum
1251 2217 1366 2276 labrum
1392 2217 1554 2275 l'itrarium

315 2306 437 2386 [licoisi
460 2307 607 2384 lliolto?l‚
631 2319 699 2364 ante
723 2307 805 2370 alios,
828 2305 973 2364 adrentus
995 2313 1024 2364 et
1047 2308 1211 2364 sententiae
1234 2325 1303 2363 snae
1320 2303 1444 2362 reddant
1466 2307 1557 2362 certi-

313 2406 404 2452 ores*
436 2415 464 2452 n.
490 2396 537 2452 13.
566 2394 679 2451 „linctu
704 2395 872 2461 amicorum,
897 2396 1053 2470 optimates
1083 2392 1203 2470 aliquot,
1227 2395 1397 2470 praesertim
1421 2381 1557 2450 Artiuio-

314 2503 381 2540 nem
407 2484 559 2554 bergeriis
588 2479 749 2558 illatvbev]
780 2482 950 2556 primarium
983 2478 1071 2537 hodie
1094 2480 1160 2536 Zari
1187 2481 1353 2536 ministrum
1383 2478 1468 2536 donis
1491 2481 1555 2536 ini-

312 2570 354 2626 tio
378 2570 478 2626 statim
502 2567 557 2626 sibi
593 2567 759 2626 concilient.
789 2566 835 2626 lbi
860 2569 948 2632 euim,
972 2569 995 2624 si
1019 2569 1143 2644 uspiam,
1167 2565 1337 2624 munoribus
1368 2584 1555 2642 corrumpere

312 2665 343 2712 et
366 2657 511 2732 corrumpi
545 2654 675 2712 solemne
709 2659 778 2712 ests
809 2656 857 2712 14,
885 2653 963 2730 ἈΙρειί
998 2655 1086 2711 etiarn
1121 2653 1194 2711 Zoro
1229 2653 1440 2715 munusculum.
1473 2649 1555 2730 qnod

313 2744 418 2799 raritas
441 2745 537 2820 potius
561 2762 649 2818 quam
670 2743 796 2819 pretium
821 2738 1014 2804 commendet,
1039 2740 1150 2798 utiliter
1181 2737 1350 2818 aliqnando,
1374 2761 1411 2798 es
1435 2742 1555 2816 privata

313 2827 491 2886 liberalitate
522 2829 665 2899 otiaretur,
688 2841 719 2886 nt
741 2842 918 2885 mercatores
949 2827 1037 2884 bosca
1060 2847 1151 2885 novos
1167 2838 1249 2884 tanto
1268 2825 1423 2902 benignius
1447 2846 1556 2902 regnos·

315 2924 372 2974 cat.
395 2917 443 2976 98.
468 2917 567 2993 Atque
590 2917 633 2972 ita
655 2917 777 2973 interius
801 2913 1039 2972 benevolentiam
1056 2913 1123 2972 'lari
1140 2915 1229 2971 variis
1253 2911 1347 2972 modis
1370 2911 1555 2990 aucupando,

312 3003 464 3079 privati
489 3001 609 3080 quidam
634 2999 710 3078 apud
733 3003 905 3077 Principem
928 3003 1059 3078 gratiosi,
1082 3011 1114 3059 ut
1137 2999 1353 3058 clandestinum
1378 3000 1481 3057 saltem
1505 3019 1553 3056 re-

313 3088 432 3164 ligionis
455 3091 628 3146 exercitium
664 3087 798 3166 precibus
830 3097 1033 3164 cxpreceutur,
1067 3100 1153 3146 erunt
1188 3083 1349 3150 animandi,
1384 3097 1415 3144 ut
1437 3085 1553 3144 Moschi

313 3175 369 3234 hoc
392 3173 490 3232 medio
512 3176 672 3233 connivere
696 3176 756 3233 illis
779 3173 960 3252 pedetentim
995 3183 1172 3232 assuescant.
1195 3175 1271 3232 Nam
1297 3172 1478 3250 publicae
1502 3173 1553 3230 vel

311 3264 508 3321 maximorum
541 3263 712 3339 Principum
735 3263 906 3336 legationes,
930 3272 1048 3339 prepter
1072 3263 1164 3339 ipsam
1188 3263 1228 3318 rei
1253 3261 1359 3318 molem
1384 3269 1553 3338 metumque

312 3351 494 3408 consecuturi
519 3349 649 3425 periculi,
673 3349 787 3416 frustra,
810 3348 909 3425 procul
933 3346 1022 3405 dubio
1040 3352 1154 3406 erunt'·.
1178 3369 1205 3407 n.
1231 3350 1279 3404 rs.
1307 3349 1553 3425 stipportunitata

313 3447 413 3494 tamen
436 3439 478 3493 sic
501 3437 622 3508 terente,
652 3435 828 3494 Pontificem
858 3435 1023 3492 dissimum
1055 3444 1186 3502 exorent,
1218 3435 1355 3510 Legatos,
1386 3443 1434 3492 aut
1457 3436 1553 3512 primo

312 3523 417 3581 saltem
441 3523 549 3585 literas,
583 3520 763 3599 plenioribus
786 3541 852 3580 cum
875 3522 977 3592 titulis,
1001 3520 1038 3578 ad
1062 3521 1167 3579 Zarum
1200 3523 1306 3588 mittut,
1338 3519 1552 3600 ipsumque-sd

312 3609 415 3668 foedus
438 3609 557 3687 aliquod
582 3618 761 3687 perpetuum,
777 3622 880 3666 contra
892 3609 1054 3666 Tuscorum
1078 3607 1192 3666 hostem
1215 3605 1350 3666 omnibus
1373 3607 1553 3676 Christianis

312 3716 505 3757 communem,
529 3712 629 3754 morton
663 3694 819 3753 iurandmn
854 3697 969 3752 invitet.
1003 3695 1150 3754 Nimirum
1185 3694 1252 3752 Zari
1284 3695 1377 3764 titulo,
1409 3705 1550 3772 tanquam

313 3781 414 3840 Eridis
437 3782 652 3860 pernotradito,
677 3782 791 3860 reliqua
814 3803 873 3839 non
885 3791 1023 3859 poterunt
1042 3803 1101 3840 non
1124 3803 1187 3838 risse
1213 3783 1242 3838 in
1267 3781 1387 3859 proclivi
1414 3829 1420 3843 .
1444 3827 1450 3838 .

417 3937 877 4019 nemorumnemorum.
902 3947 1083 4018 (cortuum
1113 3947 1252 4017 rostris)
1282 3949 1429 4014 luitnotus
1462 3949 1552 4003 ecoe

313 4019 470 4085 siasticos)
493 4021 567 4073 1905.
587 4020 633 4073 No
652 4021 686 4074 32
722 4021 763 4074 52.

415 4104 453 4159 N.
483 4105 615 4175 .›tlrsoitou,
644 4106 762 4160 lilinum
794 4105 958 4174 rysokago
989 4101 1153 4173 rizaronija,
1185 4119 1215 4172 p.
1245 4105 1319 4158 1002.
1346 4103 1550 4168 (Momentum

312 4173 456 4228 sublimis
470 4173 727 4242 illuminationis).
742 4175 779 4228 In
791 4175 962 4242 Birtevnye
976 4173 1156 4228 Vridomosti
1176 4171 1298 4227 comitis
1320 4175 1350 4229 L.
1371 4175 1395 4228 N
1422 4173 1551 4244 Tolstoji

312 4243 439 4366 qpidsm
480 4259 643 4298 sermones
682 4245 829 4311 publicati
858 4253 939 4308 snm,
969 4257 1103 4323 quorum
1135 4242 1228 4296 altero
1257 4251 1423 4300 enarratur
1456 4244 1552 4298 rerba

345 4313 478 4374 cancelii
501 4312 634 4381 =Diliges
654 4314 830 4383 proximum
853 4322 940 4366 tornn
963 4319 1043 4366 sicot
1062 4317 1090 4366 te
1109 4311 1228 4381 ipsulm
1251 4327 1377 4381 semper
1394 4311 1550 4382 quandam

316 4381 512 4438 aversionem
533 4383 564 4437 in
585 4385 696 4437 comite
721 4383 838 4452 Tolstoj
870 4382 1064 4448 circumisse,
1089 4390 1253 4451 propterea
1279 4383 1363 4452 quod
1388 4381 1419 4437 in
1445 4382 1489 4435 eis
1508 4381 1551 4444 iu·

316 4457 435 4506 ternam
456 4452 730 4507 contradictionem
752 4454 858 4507 videre
878 4452 1024 4520 opinatus
1045 4453 1092 4506 sit.
1113 4451 1194 4505 Hinc
1214 4467 1276 4504 non
1298 4467 1426 4520 riarvam
1452 4449 1550 4506 inisse

313 4521 380 4575 ciris
409 4521 661 4590 satisfactionem,
691 4538 760 4577 cum
789 4522 820 4576 in
849 4521 1048 4576 Griessbaciii
1083 4520 1280 4574 cementariis
1311 4521 1349 4575 ad
1380 4519 1550 4588 Evangelia

313 4590 448 4657 legisset,
467 4590 498 4644 in
512 4592 743 4673 antiquioribus
756 4591 915 4645 codicibus
929 4605 990 4644 non
1005 4590 1101 4644 verba
1115 4594 1149 4656 ὡς
1163 4596 1270 4642 σεαυτὸν
1286 4593 1378 4654 (sictut
1392 4592 1550 4659 teipsum)

312 4661 367 4713 sed
388 4665 423 4722 ὡς
441 4666 535 4714 ἑαυτὸν
555 4668 645 4728 (sirm
665 4678 734 4716 euru
756 4661 869 4730 ipsum,
892 4660 989 4713 Deum
1012 4659 1134 4720 scilicetr
1161 4673 1332 4713 occurrere.
1353 4659 1389 4715 In
1410 4660 1466 4716 ime
1486 4673 1551 4712 rer·
