3450 5342
759 467 802 477 -
826 438 886 492 231
910 468 954 478 -

229 622 314 704 Ἐγὼ
338 623 372 686 δὲ
406 624 424 684 ὁ
448 625 569 696 ἀνάξιος
592 625 686 686 nabori
723 625 831 691 δοῦλος
854 625 888 695 ἒξ
910 625 1037 686 ἐκείνων
1068 625 1176 706 λαβὼν
1199 625 1252 692 τὰς
1274 625 1423 704 ἀφορμὰς
1445 625 1479 684 τὸ

232 711 310 773 αὐτὸ
332 717 448 774 ποιεῖν·
481 712 610 773 ἀπολύω
634 735 668 773 σε
698 712 761 772 ἀπὸ
787 710 904 779 παντὸς
934 713 1111 791 dq‘opmprori
1133 713 1212 773 καθ’
1246 712 1319 773 ὅσον
1343 712 1478 790 δύναμιν

232 800 285 860 καὶ
309 800 426 867 σθένω,
449 800 502 859 καὶ
524 799 562 861 oi·
584 800 690 879 χρείαν
713 800 798 878 ἔχεις.
844 832 885 841 -
911 800 945 856 ln
969 800 1094 857 ecclesia
1117 799 1291 857 occidentali
1317 798 1476 857 secundum

172 950 176 958 ,
233 889 387 964 antiquum
400 892 409 940 ‹
419 886 544 945 lrdinem
557 887 721 944 Romanum
742 886 877 963 sacerdos
894 885 1050 944 absolvens
1068 886 1165 965 plures
1177 886 1261 945 dicit:
1290 888 1368 958 „Nos
1389 888 1477 943 etiam

233 972 393 1031 secundum
417 976 620 1031 auctoritatem
644 972 729 1030 nobis
752 973 884 1048 indignis
908 974 1006 1030 aDeo
1030 994 1197 1031 concessam
1222 972 1402 1031 absolvimus
1426 994 1477 1029 vos

234 1060 271 1118 ab
307 1062 385 1117 omni
418 1061 535 1118 vinculo
565 1060 739 1118 delictorum
774 1071 944 1130 vestrorum,
977 1073 1008 1117 ut
1042 1062 1215 1119 mereamini
1246 1060 1354 1118 babere
1385 1062 1476 1117 vitam

234 1154 427 1219 aeternam“;
460 1146 618 1205 absolvens
641 1158 738 1205 autem
763 1168 851 1205 unum
876 1146 968 1205 dicit:
1008 1148 1170 1218 nilominus
1194 1149 1284 1223 lesus,
1319 1150 1368 1230 qui
1400 1146 1476 1204 dixit

235 1233 396 1312 apostolis:
421 1235 630 1312 Quaecumque
654 1234 819 1310 ligaveritis
835 1245 898 1303 ete,
923 1237 984 1312 ipse
1001 1247 1028 1291 tc
1053 1234 1187 1293 absolvat
1211 1256 1262 1312 per
1284 1236 1478 1292 ministerium

234 1334 366 1379 nostrum
390 1320 426 1378 ab
450 1320 585 1379 omnibns
604 1324 732 1398 peccatis
754 1324 820 1381 tuis.
845 1322 880 1379 ln
895 1323 1131 1380 Sacramentario
1143 1322 1478 1379 eeclesiae'l'uroncnsis

235 1406 373 1466 sacerdos
385 1408 432 1465 his
448 1408 547 1466 verbis
560 1408 700 1466 absolvit:
729 1408 938 1468 „absolvimus
950 1430 1010 1477 ros,
1028 1410 1140 1478 fratres,
1157 1409 1194 1466 ab
1206 1408 1341 1466 omnibus
1353 1410 1478 1485 peccatis

235 1497 372 1553 vestris“.
411 1496 507 1554 Simili
531 1495 618 1553 niodo
641 1514 698 1552 see.
722 1494 862 1553 Codieem
887 1496 1097 1554 llbcmensenr:
1126 1497 1222 1572 „Ego
1245 1495 1389 1553 divinitus
1413 1517 1478 1551 vos

234 1581 402 1640 absolvo
425 1604 443 1640 a
466 1583 593 1641 vinculis
616 1596 799 1660 peccatorum
824 1589 1017 1642 vestror·um“.

342 1691 378 1752 2⁰
400 1695 483 1755 Idem
507 1695 614 1753 docent
638 1697 793 1771 scriptores
817 1695 896 1752 illius
920 1698 1033 1753 aetatis.
1064 1697 1281 1771 Gregorius
1311 1696 1359 1762 M„
1393 1694 1478 1751 llorn.

237 1785 277 1839 20
303 1783 378 1840 inlo
403 1785 456 1840 20:
484 1784 580 1851 „Ecce
604 1784 798 1860 principatum
824 1784 940 1858 superni
967 1781 1067 1839 iudicii
1091 1785 1257 1850 sortiuntur,
1283 1791 1311 1838 ut
1337 1783 1400 1837 sice
1421 1781 1477 1836 Dei

236 1868 411 1947 quibusdam
436 1880 557 1947 peccata
573 1872 728 1934 retineant,
752 1867 926 1946 quibusdam
952 1869 1094 1929 relaxent.
1119 1869 1230 1926 Horum
1256 1869 1383 1945 profecto
1401 1888 1476 1924 uurrc

236 1959 267 2014 in
291 1956 416 2013 ecclesia
439 1958 568 2034 episcopi
593 1956 687 2014 locum
712 1967 821 2013 tenent.
857 1991 894 1996 -
920 1957 1074 2024 Aleuin
1107 1957 1160 2033 Ep.
1188 1958 1260 2012 112:
1288 1956 1477 2023 „l’oetentem

237 2045 268 2101 in
292 2043 370 2101 mala
393 2042 604 2100 consuetudine
628 2044 749 2121 peceati,
772 2041 841 2099 dum
863 2044 999 2101 lacrimas
1016 2046 1214 2121 poeniteutiae
1231 2042 1311 2099 elicit.
1334 2062 1370 2098 cx
1384 2040 1478 2108 corde,

238 2132 359 2187 suscitat
382 2142 410 2187 et
434 2152 471 2187 ex
495 2130 696 2188 ecclesiastica
719 2131 892 2187 auctoritate
916 2131 1029 2188 solvere
1052 2129 1141 2200 iubet,
1166 2141 1195 2187 ut
1218 2129 1325 2203 diguus
1349 2131 1386 2186 sit
1402 2148 1479 2184 com-

240 2219 378 2274 munione
408 2217 531 2275 Domini
561 2230 589 2274 et
620 2220 767 2295 particeps
798 2219 871 2273 sacri
904 2218 1005 2275 altaris
1036 2219 1181 2274 elliciatur
1205 2263 1210 2275 .
1236 2266 1240 2275 .
1265 2263 1270 2273 .
1294 2226 1324 2273 ut
1356 2237 1414 2273 non
1444 2214 1480 2271 ad

238 2303 378 2361 iudicium
402 2302 609 2370 damnationis,
633 2302 684 2361 scd
697 2303 734 2360 ad
751 2303 874 2361 salutem
893 2305 1135 2362 sanctificationis
1152 2305 1346 2361 comumnieet
1362 2323 1480 2379 corpore

238 2402 266 2448 et
290 2393 433 2466 sauguine
457 2391 578 2448 Domini
603 2392 694 2448 nostri
718 2390 785 2447 Iesu
810 2390 952 2448 Christi&
979 2426 1016 2433 —
1043 2391 1098 2448 Ha
1107 2413 1126 2470 y
1136 2412 1164 2448 m
1174 2413 1198 2459 ο,
1225 2391 1310 2450 Hom.
1334 2390 1370 2446 de
1394 2400 1484 2465 temp.

242 2481 314 2535 126:
342 2478 445 2547 „Num
469 2488 500 2534 ut
523 2476 690 2534 ostenderet
714 2476 751 2533 ad
776 2476 915 2535 imlicium
940 2478 1122 2536 sacerdotum
1142 2488 1261 2555 peccata
1284 2499 1347 2534 csse
1361 2475 1482 2548 liganda

237 2576 325 2641 atque
348 2563 498 2633 solvenda,
533 2565 677 2622 Lazarum
701 2609 707 2620 .
732 2610 737 2621 .
763 2609 768 2620 .
793 2585 850 2621 uon
884 2567 963 2641 pn'us
987 2565 1067 2622 abire
1099 2567 1240 2642 permisit,
1271 2585 1357 2641 quarn
1387 2584 1404 2619 a
1427 2562 1486 2619 dis-

238 2651 343 2728 cipulis
366 2650 558 2708 solveretur“.
581 2684 623 2692 —
647 2650 830 2708 llabanus
855 2652 1020 2730 Maurus,
1045 2653 1079 2711 In
1107 2652 1187 2708 llecli
1214 2652 1230 2707 l.
1255 2655 1282 2721 ἴ),
1306 2672 1330 2707 c.
1349 2655 1377 2707 1:
1406 2652 1481 2724 „Qui

239 2758 303 2795 cum
317 2751 438 2794 mortem
456 2740 539 2815 impii
559 2738 658 2807 nollet,
684 2748 824 2815 quantum
847 2749 879 2795 ut
897 2750 1059 2796 revertatur
1081 2749 1110 2794 ct
1126 2741 1216 2803 vivat,
1241 2737 1322 2794 dedit
1339 2737 1482 2794 ecclesiae

239 2845 307 2882 snae
332 2827 472 2901 Spiritum
497 2847 526 2894 s,
550 2836 581 2882 ut
604 2826 775 2901 cuicumque
799 2826 829 2880 iu
853 2847 887 2882 iso
912 2837 1031 2902 peccatu
1062 2824 1232 2893 dimitteret,
1262 2824 1480 2881 dimitterentur

239 2913 274 2968 ei.
313 2910 371 2986 Qui
397 2932 465 2969 vcro
489 2912 557 2969 huic
580 2911 656 2968 dono
679 2913 827 2968 exstiterit
851 2914 996 2981 inimicus,
1020 2922 1050 2969 ut
1075 2932 1134 2969 non
1158 2912 1229 2969 illud
1255 2933 1305 2989 per
1328 2913 1479 2988 poeniten-

238 3000 310 3055 tiam
334 3007 422 3075 petat,
458 2997 509 3055 sed
533 3002 559 3055 ei
584 3019 636 3075 per
658 2999 870 3074 poenitentiam
895 2998 1085 3066 contradicat,
1110 2999 1142 3054 tit
1165 2998 1386 3070 irremissibile;
1423 3019 1480 3054 uon

238 3082 441 3162 quodcumque
453 3096 615 3162 peccatum,
639 3083 690 3141 sed
706 3098 874 3162 contempta
898 3086 945 3142 rcl
969 3088 1057 3143 (itiam
1079 3102 1248 3162 oppugnata
1271 3088 1334 3162 ipsa
1350 3086 1482 3141 remissio

239 3182 433 3249 peccatorum.
461 3174 561 3249 Atque
585 3173 626 3228 ita
649 3170 762 3228 dicetur·
786 3171 907 3229 verbum
932 3184 1032 3229 eontra
1057 3174 1196 3249 Spiritum
1221 3195 1251 3240 a,
1275 3192 1339 3229 cum
1363 3192 1398 3227 ex
1424 3170 1482 3226 dis-

239 3260 374 3336 persione
390 3258 427 3316 ad
440 3260 697 3334 congregationem
713 3278 860 3335 nunquam
880 3261 1003 3322 venitur.
1028 3280 1102 3336 quae
1119 3259 1156 3316 ad
1173 3257 1350 3316 remittenda
1362 3269 1481 3334 peecata

239 3347 353 3421 accepit
377 3347 516 3422 Spiritum
548 3350 711 3406 sanctum“.
758 3346 804 3405 ef.
828 3346 957 3403 Praelat.
988 3345 1025 3402 ad
1050 3346 1095 3402 De
1119 3345 1313 3423 quaestionib.
1336 3365 1480 3402 canonum

238 3433 363 3509 poenit.;
387 3432 433 3488 Dc
456 3430 543 3489 modo
567 3452 650 3509 poen.
673 3431 691 3492 l,
717 3435 744 3500 tt,
777 3454 800 3488 e.
825 3436 853 3491 2.
891 3466 927 3473 —
964 3432 1200 3490 Ansclmus
1235 3435 1265 3491 in
1290 3429 1479 3489 lllueidario:

244 3520 343 3591 „Sicut
373 3519 404 3575 in
427 3518 574 3595 baptismo
605 3518 769 3594 originalia,
803 3521 843 3575 ita
874 3521 905 3576 in
929 3521 1113 3576 confessione
1145 3522 1332 3577 remittuntur
1363 3531 1481 3594 peccata

241 3605 394 3663 actualia.“
423 3640 460 3647 —
485 3606 681 3682 Rupertus
703 3605 941 3676 '1¹uitiensis,
965 3607 1000 3663 ln
1025 3607 1096 3664 loc.
1116 3610 1170 3663 11:
1195 3605 1327 3664 Funibus
1351 3625 1484 3681 pecca-

239 3702 360 3749 torum
385 3712 502 3750 suorum
525 3691 578 3748 sub
602 3691 700 3768 lapide
724 3692 838 3749 clausus
862 3703 977 3750 tenetur
1002 3693 1170 3770 [liuzarusl.
1197 3739 1202 3750 .
1228 3695 1351 3750 ..settim
1378 3690 1481 3768 prodit.

239 3788 351 3836 reatum
375 3798 458 3836 suum
482 3778 644 3848 confitetur,
664 3790 692 3835 et
716 3781 785 3856 quia
809 3782 867 3836 iam
895 3781 979 3848 vivit,
1007 3780 1112 3837 solvite
1144 3781 1234 3851 illum,
1267 3781 1362 3856 inquit
1394 3779 1482 3838 lesus.

240 3865 327 3922 Dixit
349 3868 449 3923 enim:
473 3865 682 3942 Quaecumque
706 3870 782 3927 etc“.
807 3900 847 3908 -
873 3866 918 3925 Cf.
951 3866 1217 3925 Hildebertus
1248 3867 1480 3923 Cenomanensis

240 3949 270 4031 (†
296 3953 391 4028 1133)
416 3955 508 4011 Serm.
533 3956 582 4009 30.
605 3987 641 3994 —-
672 3954 808 4010 Ceterum
833 3974 860 4009 v.
885 3954 911 4011 N
919 3954 1008 4011 atal.
1034 3954 1151 4021 Ales„
1177 3955 1254 4011 Diss.
1278 3955 1308 4009 iu
1332 3973 1407 4012 saec,
1434 3955 1481 4007 lli.

240 4048 270 4096 et
295 4042 351 4109 lt„
375 4039 392 4114 ξ
416 4042 465 4096 35.

345 4165 418 4217 Hine
431 4168 512 4230 patet
525 4166 699 4218 sententiam
720 4166 809 4231 illam,
828 4182 936 4231 poenas
956 4169 1032 4219 solas
1051 4168 1215 4219 remittendi
1237 4169 1484 4233 potestatemesse

240 4250 329 4301 penes
348 4234 500 4286 ecclesiam
520 4236 564 4286 vel
585 4235 680 4300 potius
700 4251 750 4300 per
768 4236 979 4289 absolutionem
1000 4238 1158 4289 sacerdotis
1177 4241 1290 4290 tantum
1311 4251 1418 4301 poenas
1437 4235 1485 4285 de·

241 4305 293 4357 leri
312 4304 403 4357 luisse
420 4319 570 4356 erroneam
589 4305 769 4369 quorundam
788 4306 1019 4372 explicationem.
1054 4309 1185 4359 Ceterum
1205 4322 1302 4358 eorum
1321 4305 1484 4371 opinionem

243 4373 273 4425 in
292 4389 362 4425 suae
380 4374 508 4425 favorem
527 4374 651 4439 explicat
672 4374 816 4439 Amori,
843 4376 891 4440 oui
912 4376 994 4428 dicit:
1014 4378 1118 4439 „verba
1137 4377 1327 4429 absolutionis
1346 4379 1484 4439 tanquam

243 4443 431 4495 constitutiva
450 4442 548 4495 iudicii
567 4443 757 4495 ecclesiastici
776 4445 851 4496 circa
871 4449 952 4497 actus
973 4446 1100 4497 internos
1120 4461 1170 4511 pro
1188 4447 1300 4498 abieoto
1318 4443 1487 4496 immediato

243 4512 352 4565 habent
376 4513 587 4565 absolutionem
613 4529 630 4564 a
649 4512 778 4580 rigorose
802 4514 980 4582 obligatione
1005 4516 1202 4567 satisfaciendi
1229 4517 1309 4567 iuxta
1333 4512 1484 4566 arbitrium

243 4582 344 4634 offensi
371 4583 400 4633 in
418 4582 519 4634 ordine
537 4582 574 4634 ad
595 4582 794 4633 remissionem
820 4585 946 4649 culpae‘·‘.
966 4584 1046 4652 Quod
1066 4586 1188 4637 sortasse
1211 4586 1300 4638 etiam
1327 4581 1484 4635 tlswalrl

241 4652 341 4718 sensit,
360 4667 466 4718 urgens
484 4652 611 4703 maxime
631 4652 801 4703 vocabulum
821 4653 941 4720 ligandi,
952 4669 1007 4718 ouo
1018 4655 1174 4720 significari
1185 4658 1246 4707 vult
1258 4653 1484 4708 satisiactionem

242 4721 390 4788 imponere
409 4721 677 4788 compensatoriam.
697 4720 736 4774 Gi.
756 4721 829 4773 thes,
849 4723 890 4787 15,
911 4724 986 4775 Deci.
