3450 5342
888 419 926 427 -
953 386 1013 441 :tta
1041 417 1079 428 -

361 571 462 630 tribuit
486 572 523 629 ad
547 572 675 631 delenda
699 589 826 651 peccata.
849 574 912 632 Nec
937 586 1031 653 potest
1055 575 1101 632 his
1126 573 1224 632 veritis
1248 580 1332 651 [cam
1361 579 1401 632 A.
1429 575 1619 637 ‚lulicher

363 660 419 716 llic
443 659 788 722 lllcicluisredcndesn.
813 660 959 738 Frerlrarg
985 663 1074 719 1899.
1097 662 1145 732 Il„
1171 663 1233 719 297
1255 662 1418 739 aliisque),
1445 661 1532 740 quod
1549 684 1623 740 pn

361 744 428 804 bola
451 755 520 804 tunc
552 745 688 805 adhibita
718 747 840 806 suadere
865 760 968 825 potest,
995 750 1020 806 is
1045 769 1148 806 sensus
1176 747 1290 806 subici:
1324 752 1478 824 cognosci
1504 771 1542 807 ex
1566 750 1619 807 lise.

361 832 437 909 quod
462 834 585 891 multum
608 833 713 892 dilexit
738 837 897 912 peccatrix,
930 835 1019 893 fuisso
1046 838 1073 893 ei
1097 836 1190 893 multa
1213 848 1336 913 peccata
1364 835 1510 902 dimissa
1536 841 1576 893 ita
1595 859 1619 893 m

361 920 483 977 multum
507 919 645 978 dilexerit
669 920 743 981 ideo.
766 924 836 999 quia
859 922 951 980 multa
967 932 1087 999 peccata
1109 924 1135 979 ei
1161 923 1276 980 fueraut
1293 921 1431 980 dimissa
1458 923 1618 999 (Ambra

361 1008 450 1072 sius,
482 1006 528 1063 lle
551 1007 647 1066 'l'obia
678 1029 702 1068 c.
734 1010 787 1067 22:
822 1007 980 1085 Gregor.
1003 1009 1058 1087 Ep.
1091 1011 1144 1066 22:
1174 1009 1359 1066 Toletus:
1395 1010 1618 1067 salmersu:

361 1093 563 1151 Calvinus:
590 1094 783 1167 Bezdclra3
816 1096 921 1154 Keil:
947 1095 1055 1152 Weill
1078 1097 1156 1171 etc).
1190 1096 1273 1153 Haec
1297 1098 1385 1153 enim
1414 1098 1618 1175 interpretatis

361 1193 503 1257 repugnat

468 1266 501 1344 u)
537 1266 621 1336 „aliis
652 1288 798 1326 sacrarum
834 1269 997 1327 litterarum
1029 1267 1222 1326 versionibus.
1252 1269 1287 1328 ln
1321 1271 1463 1347 Syriaca
1502 1292 1620 1348 namque

360 1351 497 1428 legimus:
527 1354 687 1432 Propterea
718 1355 784 1413 dico
813 1355 868 1412 tibi
900 1358 1023 1413 remissa
1053 1377 1116 1413 esse
1147 1357 1173 1413 ci
1205 1355 1317 1412 scelera
1346 1359 1419 1413 eins
1457 1358 1557 1414 multa
1585 1381 1619 1414 ar

359 1438 436 1516 quod
461 1441 583 1498 multum
608 1440 754 1499 dilexerit.
779 1477 818 1484 —-
845 1444 879 1500 ln
904 1445 1038 1500 versione
1067 1443 1186 1500 Persica
1209 1444 1251 1499 sic
1275 1441 1425 1501 habetur:
1454 1445 1540 1503 Dico
1562 1445 1620 1501 ritu:

359 1546 411 1603 pro
427 1525 489 1595 hoc,
513 1526 590 1605 quod
614 1529 691 1592 sccit.
715 1542 835 1607 peccata
858 1533 922 1587 cius
940 1530 1031 1587 multa
1053 1533 1175 1587 remissa
1198 1539 1265 1587 suut
1287 1549 1324 1585 ea
1348 1528 1392 1587 de
1417 1551 1528 1608 causa,
1552 1533 1619 1609 qur-d

360 1613 481 1670 multum
513 1614 604 1690 digna
635 1617 697 1673 fuit.
722 1651 761 1658 —
787 1617 822 1674 ln
854 1619 989 1674 versione
1020 1616 1161 1674 Arabica:
1191 1616 1318 1676 Peccata
1342 1619 1415 1674 eius
1453 1620 1553 1676 multa
1583 1641 1618 1675 re

358 1702 448 1757 missa
471 1714 538 1759 sunt
563 1702 614 1772 itti,
638 1706 777 1780 quoniam
811 1702 917 1761 dilexit
940 1704 1071 1761 multum.
1097 1737 1136 1744 -
1160 1705 1196 1763 ln
1220 1702 1420 1780 Aethiopica:
1459 1705 1616 1783 Propterea

358 1788 384 1843 ei
410 1790 596 1846 remittuntur
613 1803 733 1867 peccata
751 1792 813 1847 eins
831 1791 930 1857 multa,
947 1793 1016 1868 quia
1033 1790 1155 1848 multum
1172 1789 1277 1847 dilexit
1295 1810 1351 1848 mc.
1371 1824 1416 1833 —
1438 1792 1481 1848 V.
1500 1791 1615 1850 Walter

359 1872 435 1930 Bibl.
460 1896 481 1931 s.
505 1886 524 1931 t.
549 1878 575 1944 5,
601 1897 626 1953 p.
653 1881 723 1933 aaut

387 1982 394 1987 ·
465 1965 498 2040 tl)
523 1974 666 2040 repugnat
696 1967 841 2021 communi
873 1973 988 2041 patrum
1013 1963 1259 2041 interpretandum
1292 1983 1363 2020 nam
1399 1966 1422 2021 ii
1450 1970 1613 2040 generatim
1688 1986 1689 1989 ¹

358 2046 506 2106 allirmant
520 2049 737 2125 lllagdalcnam
762 2052 831 2127 quia
854 2050 1115 2108 vehementissima
1127 2051 1248 2107 caritate
1263 2049 1424 2126 flagrabat,
1453 2051 1614 2110 obtinuisse

358 2144 542 2211 peccatorum
567 2157 683 2194 suornm
708 2140 919 2195 remissionem.
952 2139 983 2194 ui
1007 2139 1056 2214 qui
1080 2145 1148 2193 sunt
1170 2138 1255 2213 pauci
1280 2148 1458 2196 asserentes
1493 2140 1611 2196 Mariam

358 2220 567 2297 llagdalenam
592 2223 742 2282 Christum
767 2224 890 2282 inultum
914 2223 1064 2292 dilexisse,
1088 2224 1157 2300 quia
1181 2221 1217 2281 ab
1244 2243 1279 2280 eo
1302 2226 1522 2283 remissionem
1549 2228 1612 2283 rnul-

357 2317 452 2365 torum
475 2307 647 2368 delictorum
665 2324 825 2388 acceperat,
850 2314 880 2368 in
904 2311 959 2367 hac
979 2311 1177 2389 explicatione
1201 2310 1298 2379 aliam,
1323 2330 1417 2387 quam
1435 2330 1611 2390 supponunt.

358 2414 416 2452 nou
440 2395 608 2454 excludunt.

465 2481 495 2561 γ)
527 2495 670 2561 repugnat
704 2485 867 2555 contextum
901 2483 979 2560 [nam
1019 2486 1169 2555 „remissio
1200 2492 1386 2560 peccatorum
1422 2504 1486 2541 non
1519 2488 1605 2563 potnit

356 2588 420 2624 esse
444 2588 539 2636 cansa,
568 2569 605 2628 ob
636 2592 723 2649 quarn
748 2570 884 2628 Christus
912 2571 1104 2629 affirmaverit
1134 2568 1343 2646 Magdaleuam
1375 2571 1509 2628 multum
1538 2572 1607 2628 dile·

357 2655 444 2724 sisse,
477 2659 546 2733 quia
577 2657 645 2714 talis
669 2660 802 2714 remissio
835 2678 894 2714 non
918 2656 1081 2726 ridebatur,
1108 2672 1137 2714 ut
1163 2657 1276 2714 axilla
1307 2657 1357 2716 rel
1382 2668 1542 2736 tamquam
1573 2681 1602 2715 er

356 2741 461 2800 etl'ectu
492 2744 539 2800 vel
563 2755 713 2822 tamquam
745 2765 893 2802 excausa
921 2746 1028 2801 amoris
1059 2765 1123 2801 cum
1148 2755 1244 2822 posset
1273 2744 1416 2819 colligere
1450 2745 1501 2801 vel
1532 2767 1602 2802 rom-

356 2827 488 2903 probare,
507 2836 679 2907 praesertim
701 2841 832 2908 respectu
849 2830 1012 2902 Pharisaei,
1029 2833 1099 2909 qula
1115 2852 1180 2888 eam
1200 2832 1393 2909 peccatricem
1411 2851 1481 2889 esse
1498 2832 1601 2889 sciebat

356 2924 385 2969 et
408 2918 610 2975 remissionem
643 2931 824 2996 [reccatorum
850 2938 907 2974 non
932 2917 1060 2979 ridebat.
1093 2919 1186 2975 lmmo
1215 2937 1267 2974 nec
1291 2938 1327 2975 ex
1361 2917 1535 2976 actionibus
1557 2939 1602 2976 er·

356 3003 447 3058 ternis
457 3003 653 3076 Magdalenae
665 3016 778 3083 poterat
792 3003 962 3062 immediate
975 3006 1074 3083 colligi
1085 3006 1218 3063 remissio
1231 3010 1438 3082 peccatorum'·
1453 3006 1601 3081 (suarm

356 3087 402 3143 lle
432 3092 529 3165 gratia
560 3092 577 3148 1.
602 3098 629 3161 e,
653 3113 675 3152 c.
711 3097 757 3160 tu,
782 3113 808 3149 n.
843 3090 883 3167 ll]
910 3094 979 3167 qiua
1009 3093 1049 3149 M.
1071 3091 1259 3167 Magdalena,
1290 3092 1358 3148 licet
1387 3094 1552 3168 poenitens
1580 3110 1603 3148 et

355 3178 489 3251 coutrita,
522 3178 671 3236 nesciebat
700 3190 799 3236 tamen
830 3176 886 3235 sibi
919 3181 1040 3236 remissa
1071 3200 1135 3236 esse
1158 3187 1286 3256 peccata,
1317 3176 1413 3235 donec
1445 3198 1463 3234 a
1490 3178 1602 3236 Christo

355 3261 481 3321 audine:
498 3265 699 3323 Remittentur
715 3269 741 3323 ci
758 3274 891 3342 peccata:
916 3286 949 3322 ac
965 3265 1088 3343 proinde
1112 3286 1170 3323 non
1186 3275 1300 3342 poterat
1316 3267 1402 3340 signa
1426 3263 1602 3324 dilectionis

355 3369 430 3425 quae
461 3351 605 3423 exhibuit,
636 3367 793 3429 antequam
818 3351 955 3409 Christus
978 3353 1030 3410 illa
1053 3351 1144 3410 rerba
1174 3353 1418 3430 pronuntiaverit,
1451 3372 1492 3409 ex
1516 3356 1600 3428 greti-

354 3435 457 3494 tudine
485 3458 625 3515 promere,
657 3449 687 3497 ut
710 3460 748 3497 sc.
772 3448 884 3515 gratam
910 3438 1037 3511 Christo,
1061 3442 1130 3517 quia
1155 3448 1276 3517 peccata
1299 3438 1351 3495 illa
1381 3440 1549 3501 remiserat
1571 3462 1599 3497 se
1688 3512 1689 3515 Ἴ

354 3523 547 3582 ostenderet.“
583 3526 636 3583 De
668 3527 917 3601 Augus-timis,
949 3526 994 3583 De
1026 3547 1056 3583 re
1080 3537 1252 3585 sacrament.
1280 3526 1299 3582 l.
1330 3526 1358 3601 3,
1392 3546 1419 3602 p.
1451 3530 1478 3594 1,
1511 3527 1552 3584 th.
1575 3531 1599 3584 5

359 3610 461 3681 „Nam
486 3632 561 3689 qnae
586 3613 658 3670 hacc
690 3613 796 3688 mulier
825 3613 894 3686 egit,
919 3633 977 3669 non
1008 3623 1075 3671 sunt
1098 3615 1213 3690 agentis
1245 3613 1355 3689 gratias
1385 3610 1425 3668 de
1455 3611 1598 3671 beneficio

353 3699 535 3756 remissionis
565 3709 748 3777 peccatorum
779 3708 909 3777 accepto,
939 3709 988 3756 aut
1021 3710 1151 3757 mutuum
1182 3719 1319 3770 amorem,
1351 3719 1440 3776 quern
1471 3704 1598 3776 gratuita
1688 3766 1689 3769 Ἰ

354 3787 487 3844 remissio
510 3789 654 3856 excitarit,
675 3786 860 3857 declarantis,
878 3786 927 3844 sed
952 3807 1041 3863 opera
1061 3798 1129 3845 sunt
1144 3788 1322 3864 poenitentis
1345 3794 1374 3843 et
1394 3789 1596 3846 remissionem
1686 3792 1687 3799 ’

353 3883 537 3949 peccatorum
568 3874 733 3935 ambientis.
768 3873 847 3949 Quid
883 3875 962 3931 enirn
993 3882 1055 3931 toto
1085 3875 1213 3951 corporis
1247 3871 1349 3930 habitu
1383 3872 1475 3940 aliud,
1512 3895 1596 3952 quarn

352 3961 532 4033 poenitentis
560 3964 719 4038 imaginem
752 3981 820 4037 prae
844 3982 875 4018 sc.
899 3961 963 4030 fert,
994 3959 1032 4018 ad
1055 3959 1145 4038 pedes
1162 3959 1339 4038 suppliciter
1368 3961 1536 4036 provoluta,
1560 3962 1597 4018 la-

353 4046 460 4115 crimis,
490 4049 638 4106 interioris
668 4049 868 4125 poenitentiae
899 4046 1022 4106 testibus
1054 4048 1180 4125 oppleta,
1209 4049 1240 4104 in
1270 4049 1380 4124 sparsis
1413 4046 1595 4127 foedatisqae

352 4131 468 4205 capillis
492 4145 614 4210 peccata
636 4135 788 4205 ulciscens,
820 4137 995 4211 praeteritae
1019 4136 1185 4212 iniquitatis
1208 4134 1339 4192 fomenta
1367 4135 1528 4211 proiciens,
1551 4136 1596 4193 de·

353 4217 441 4293 nique
465 4222 612 4279 continuis
634 4220 741 4299 pedum
765 4221 873 4279 osculis
892 4242 979 4280 orans
1003 4223 1092 4299 recipi
1117 4223 1148 4278 in
1171 4219 1312 4297 gratiam?
1336 4218 1437 4295 Quare.
1461 4229 1491 4279 et
1516 4237 1593 4300 gesta

351 4301 438 4361 huius
468 4307 597 4365 mulieris
628 4328 646 4365 a
669 4311 778 4366 sanctis
802 4307 933 4387 patribus
957 4307 1089 4387 adeoque
1116 4308 1241 4366 ecclesia
1271 4309 1337 4384 ipsa
1366 4307 1517 4366 catholica
1548 4332 1594 4388 pro

351 4394 551 4467 poenitentiae
583 4396 684 4464 l'orma,
708 4417 765 4473 qua
788 4395 947 4454 ambienda
979 4398 1017 4454 sit
1040 4397 1173 4453 remissio
1203 4407 1398 4472 peccatorum,
1431 4405 1463 4453 et
1494 4398 1594 4454 mulier

351 4479 415 4555 ipsa
446 4501 497 4558 pro
532 4482 694 4559 exemplari
730 4485 784 4539 rito
818 4485 1033 4559 poenitentium
1063 4480 1209 4540 habentur
1239 4490 1269 4538 et
1296 4492 1509 4559 proponuntur.
1543 4484 1593 4561 [et.

350 4566 569 4643 Angustia,
602 4569 689 4626 Hom.
725 4571 773 4625 23.
807 4571 884 4626 inter
917 4572 969 4643 503
1001 4569 1197 4648 Cypriam,
1227 4567 1275 4625 De
1308 4567 1399 4626 ablat.
1431 4568 1512 4646 pcd.;
1550 4571 1591 4627 Io.

351 4652 565 4733 Chrysost„
590 4656 677 4713 Hom.
702 4657 767 4712 liin
792 4657 847 4728 lllt3
864 4655 1022 4732 Gregor.
1047 4656 1134 4714 Hom.
1152 4654 1222 4733 33]⁴
1242 4654 1605 4742 Iiueasssrugensis'
