3450 5342
697 503 869 558 ...29-

158 687 212 746 scd
237 691 332 766 potius
356 690 497 748 ecclesiae
532 688 709 748 ‹recidentuli
732 703 905 769 competere.
938 691 994 749 via
1016 692 1086 748 trita
1108 689 1277 766 procedens,
1307 705 1408 750 auctor

155 777 304 852 imprimis
338 775 467 834 ostendit
495 779 690 854 respectivam
721 781 930 856 proprietatem
953 777 1096 836 ecclcsiae
1119 797 1183 834 (esse
1207 781 1405 836 necessariam

154 864 279 940 eiusque
304 883 321 919 a
344 862 474 922 coetibus
497 863 564 922 aliis
583 862 794 934 distinctivum,
818 863 926 923 deiude
950 863 1139 929 ‹lemaustrat
1162 883 1213 922 cur
1227 863 1264 923 ab
1280 864 1406 923 ecclesia

154 950 293 1007 orientali
319 949 462 1008 eiusmodi
479 963 548 1008 nota
561 949 732 1020 abiudicari,
755 950 932 1010 occidentali
945 961 1043 1009 autem
1055 950 1145 1008 tribui
1157 949 1271 1009 debeat.
1296 951 1406 1010 Cethe

155 1036 301 1094 licitatem
332 1037 474 1096 ccclesiae
518 1037 659 1115 intelligit
693 1047 793 1096 auctor
827 1037 975 1107 moralem,
1010 1039 1148 1096 nimirum
1198 1048 1248 1112 „ut
1280 1039 1406 1097 ecclesia

155 1125 264 1202 quovis
287 1133 418 1202 tempore
441 1127 479 1182 sit
503 1145 641 1202 praesens
665 1133 693 1182 et
716 1123 827 1184 diffusa
850 1127 881 1182 in
904 1124 1027 1183 notabili
1052 1126 1218 1182 ruaioritate
1243 1126 1405 1201 regionum,

154 1229 232 1288 qnae
256 1220 325 1268 tuno
348 1213 487 1289 temporis
512 1223 598 1270 notae
621 1222 696 1282 sunt,
720 1215 790 1270 item
814 1222 845 1269 ut
868 1224 999 1270 sumatur
1021 1211 1154 1282 relative,
1186 1214 1404 1289 comparatione

154 1297 270 1354 seilicet
294 1297 372 1355 facta
394 1317 458 1356 cunr
482 1297 812 1358 diffusionectnumcro
835 1298 1060 1357 adhaerentium
1082 1299 1207 1355 aliarum
1231 1300 1402 1357 societatum

152 1383 367 1460 religiosarum.
391 1387 521 1444 (hunino
544 1384 655 1464 absquo
677 1388 790 1444 tratione
814 1384 915 1443 scribit
939 1397 1040 1444 auctor
1061 1407 1088 1464 p.
1113 1387 1152 1442 37
1179 1385 1402 1457 „orthodoxiam

155 1491 221 1529 esse
245 1472 401 1529 ecclesiam
425 1472 633 1530 exclusive
655 1475 822 1544 cussiacum,
846 1483 875 1530 et
899 1472 1022 1550 proinde
1045 1493 1096 1550 pro
1116 1471 1242 1529 ecclesia
1257 1473 1404 1530 catholica

154 1556 259 1615 haberi
296 1579 353 1617 uon
392 1565 507 1635 posse“.
543 1559 615 1635 Pag.
655 1561 703 1617 38.
742 1559 977 1637 procreatoribus
1015 1557 1129 1637 synodi
1168 1559 1401 1636 petrapolitanae

154 1643 297 1703 adscribit
321 1655 442 1704 conatus
466 1645 622 1718 adhibitos,
659 1655 690 1704 ut
725 1647 849 1705 ecelesia
885 1648 1013 1704 rossiaco
1049 1656 1201 1703 vocaretur
1234 1646 1400 1714 catlrolica;

153 1732 259 1789 melior
282 1745 381 1791 tamen
403 1735 532 1808 cognitio
556 1734 736 1791 litteraturae
760 1734 944 1810 theologicae
956 1734 1108 1790 orientalis
1120 1732 1239 1790 doceret
1252 1745 1401 1791 auctorem

158 1817 372 1890 „orthodoxos
408 1841 522 1898 semper
556 1841 710 1898 usurpasse
734 1821 789 1878 hoc
819 1841 936 1890 nomen,
970 1841 1035 1877 cum
1067 1819 1261 1878 catechismos
1284 1831 1314 1877 et
1342 1821 1402 1877 alia

154 1904 321 1984 symbolica
344 1905 519 1986 documenta
542 1907 728 1967 conficerent.
753 1941 791 1950 -
809 1907 897 1982 (laod
920 1907 1165 1984 apostolicitatcm
1190 1909 1305 1977 attinet,
1329 1907 1402 1964 hacc

154 1991 190 2049 ab
204 2006 324 2051 auctore
337 1991 493 2052 definitur:
522 1993 680 2066 „irlentitas
693 2015 757 2052 cum
777 1995 910 2058 ccclesia
933 1994 1051 2071 qualem
1064 1995 1252 2052 instituerunt
1267 1984 1401 2070 apostoli,

155 2081 331 2156 praesertim
363 2101 385 2138 s.
419 2081 524 2138 Petrus
560 2084 678 2140 nomine
712 2091 740 2138 ct
774 2083 899 2160 imperio
934 2081 1063 2139 Clu-isti*
1092 2081 1131 2158 lp.
1155 2081 1239 2156 321).
1286 2079 1401 2138 Iudicio

152 2169 280 2224 auctoris
303 2170 490 2244 praecipuum
515 2168 644 2226 valorem
668 2169 882 2246 apologeticum
919 2167 1033 2226 obtinet
1068 2167 1250 2224 hierarchiae
1285 2179 1399 2244 apmto-

153 2251 262 2324 licitas,
297 2273 372 2331 quac
395 2263 503 2324 tamen,
533 2266 565 2312 ut
588 2257 625 2312 sit
652 2255 832 2328 „lo1·malis“,
855 2257 1091 2312 coniunctionem
1116 2264 1145 2310 ct
1169 2252 1399 2331 dependentium

151 2341 353 2418 episcoporum
367 2361 384 2397 a
396 2352 496 2400 centro
509 2342 671 2400 catholicae
684 2345 805 2400 unitatis
818 2342 954 2420 postulat.
967 2340 1027 2399 b‘od
1039 2361 1138 2400 nonne
1150 2339 1400 2398 lriccommittitur

156 2428 278 2504 „petitio
301 2429 468 2506 principib,
503 2447 566 2486 cum
591 2429 724 2486 volumus
748 2451 802 2508 «ipro
838 2437 952 2487 notae
984 2428 1209 2506 apostolicitatis
1243 2428 1397 2484 ecclesiam

151 2524 282 2572 nostram
306 2535 369 2572 esse
393 2515 556 2588 legitimam
580 2515 757 2573 ostendere?
796 2515 950 2594 Siquidem
975 2515 1191 2592 argumentatio
1214 2523 1276 2571 tota
1298 2513 1334 2572 ad
1360 2512 1399 2579 id,

151 2599 318 2659 reducitur:
353 2603 477 2660 ccclesia
511 2623 604 2680 papam
637 2601 769 2661 subiecta
792 2613 837 2661 ost
866 2605 996 2679 genuina
1019 2602 1131 2660 Christi
1161 2601 1293 2672 ccclesia,
1328 2604 1399 2679 quia

151 2697 194 2745 est
216 2688 387 2765 apostoliea,
410 2691 428 2746 i.
452 2711 476 2746 e.
499 2689 613 2747 habens
635 2691 787 2768 episcopos
810 2709 904 2768 papae
927 2689 1094 2748 subiectos!
1128 2686 1241 2747 Iudicio
1265 2682 1398 2748 nostro*l

152 2773 282 2833 lbrmalis
306 2776 529 2852 apostolicitatis
547 2787 645 2835 notam
669 2795 816 2834 asseruere
829 2775 867 2834 ad
880 2775 1062 2854 probandum
1079 2775 1222 2834 ecclesiae
1235 2774 1398 2832 catholicae

152 2865 365 2936 genuiuitatom
405 2862 630 2921 methodice
664 2873 707 2921 est
742 2867 862 2921 omniuo
890 2863 1074 2940 superfluum,
1109 2865 1179 2940 quia
1214 2881 1265 2940 pro
1300 2860 1398 2920 medio

152 2945 410 3010 demonstrationis
433 2949 591 3007 adhibetur
612 2949 650 3018 id,
675 2949 752 3028 rpuod
770 2953 866 3028 reipsa
882 2960 926 3007 cst
942 2949 1019 3008 idem
1035 2969 1101 3008 cum
1115 2971 1145 3006 re
1159 2947 1397 3006 demonstranda.

154 3033 310 3093 Historicis
345 3037 405 3097 scil.
440 3038 621 3114 argumentis
658 3037 745 3096 simul
786 3036 947 3114 probantur
984 3046 1013 3094 ct
1047 3037 1221 3113 legitimitas
1254 3035 1398 3092 ccclesiae

152 3120 342 3180 occidentalis
365 3133 393 3181 ct
417 3125 479 3180 sius
502 3124 700 3202 apostolicitas
728 3123 894 3196 „l'orrnalis‘
923 3144 1017 3201 neque
1039 3124 1122 3181 iurat
1133 3121 1294 3200 quidquam
1306 3138 1396 3180 unum

153 3227 188 3264 ex
210 3207 293 3268 hisce
316 3209 428 3268 duobus
445 3209 652 3270 demonstratis
666 3231 779 3269 seruere
792 3209 829 3268 ad
843 3210 924 3268 aliud
936 3208 1206 3268 demonstrandum.
1229 3209 1265 3266 ln
1288 3227 1396 3285 genere

153 3291 247 3354 dicero
271 3295 412 3354 audemus
447 3297 588 3356 theoriam
613 3297 649 3356 de
671 3305 808 3376 quattuor
828 3317 916 3354 verae
933 3297 1074 3354 ecclcsiae
1098 3298 1184 3366 notis,
1200 3297 1231 3353 in
1254 3308 1396 3372 quantum

153 3380 307 3440 adhibetur
330 3392 431 3442 contra
453 3385 619 3445 orientales.
650 3394 779 3462 spectato
802 3385 865 3444 cius
888 3384 988 3442 valore
1020 3381 1185 3441 methodica
1208 3392 1322 3438 tantum
1346 3379 1397 3438 ab·

154 3487 222 3536 osse,
245 3479 275 3527 nt
300 3471 477 3530 catholicum
500 3472 684 3548 apologctam
708 3473 797 3542 iuret,
820 3484 850 3529 ut
876 3473 972 3550 potius
988 3485 1104 3528 nostrae
1120 3469 1273 3547 apologiae
1289 3487 1395 3525 narem

154 3573 331 3632 supervacua
353 3556 473 3616 saburra
495 3577 619 3636 gravare
642 3556 786 3616 videatur.

253 3643 287 3704 P.
311 3645 373 3700 438
398 3655 427 3702 ct
452 3647 512 3703 754
551 3644 850 3724 lrwutygodnik
886 3643 972 3703 vuldo
1007 3642 1181 3700 benevolam
1215 3643 1396 3700 mentionem

155 3730 242 3786 nostri
264 3729 406 3808 periodici
429 3733 507 3790 l'ecit.
1055 3724 1088 3792 J,
1119 3722 1246 3791 Urboa
1270 3731 1298 3786 S.
1321 3727 1351 3785 d.

254 3897 360 3969 Editio
385 3902 585 3986 scriptorum
604 3902 635 3971 S.
654 3901 685 3970 S.
707 3900 839 3970 Petrum
858 3915 1055 3984 praecorum
1072 3915 1154 3968 cura
1172 3896 1394 3966 scientiarum

155 3985 340 4055 academiae
372 3987 613 4057 cracoviensis.
649 3992 837 4068 l'hilologica
875 3993 965 4048 sectio
1000 3991 1190 4046 scientiarum
1224 3985 1395 4046 academiae

155 4069 354 4136 Craeovicnsis
388 4081 417 4136 iu
448 4082 577 4137 cressione
601 4101 652 4138 sua
676 4078 724 4136 dic
751 4082 798 4136 13.
824 4078 977 4136 Februarii
1011 4079 1092 4133 1905
1127 4074 1282 4134 consillum
1316 4076 1395 4152 cepit

159 4156 261 4220 edendi
284 4167 393 4242 scripta
417 4169 445 4224 s.
471 4168 499 4225 S.
525 4167 642 4224 Petrum
667 4185 837 4240 graecorum
862 4164 972 4222 sacculi
998 4164 1048 4220 lv.
1075 4161 1122 4220 sd
1138 4161 1167 4218 id
1185 4163 1279 4239 ipsum
1297 4180 1395 4219 comes

156 4242 228 4322 Aug.
251 4249 453 4311 Cicsakowski
484 4251 606 4312 donarit
640 4255 752 4311 1⁴¹qu
787 4273 852 4322 cor„
891 4253 964 4329 prof.
1000 4251 1061 4308 Leo
1084 4248 1249 4307 atornbach
1289 4247 1395 4305 obtulit

158 4331 234 4392 1000
256 4359 312 4396 cor.
338 4337 374 4396 ad
398 4340 626 4418 comparandam
649 4339 857 4398 bibliothecam
875 4339 1058 4395 auxiliarem.
1082 4337 1221 4393 lifticium
1239 4334 1395 4392 consilium

156 4412 207 4474 hoe
229 4423 265 4480 ad
288 4426 422 4484 ellectum
455 4425 620 4485 adducendi
652 4429 780 4504 suscepit
814 4427 989 4491 commissio,
1024 4425 1106 4480 ‹nrius
1141 4421 1273 4480 membra
1307 4431 1394 4478 sunt:

157 4500 327 4578 Miodoriski,
351 4513 518 4584 Marsuam,
540 4513 696 4584 Paulicki‚
709 4513 810 4584 sinuo,
825 4512 997 4581 Sterubach,
1013 4508 1201 4567 ll'itkawski.
1226 4509 1250 4565 ,l
1277 4509 1394 4585 scriptis

157 4607 177 4645 a.
199 4591 330 4674 Gregorii
354 4600 535 4659 Nazianzeui
560 4603 676 4660 initium
699 4619 803 4678 capere
827 4598 1030 4658 decreverunt.
1314 4590 1350 4656 P.

160 4715 259 4732 ““““““--ι

210 4778 235 4836 *r
255 4781 295 4840 Gi.
314 4783 388 4840 Slav.
408 4786 460 4840 litt.
480 4785 518 4840 th.
541 4785 607 4842 1904
627 4803 653 4855 p.
675 4785 733 4840 154.
