3450 5342
639 373 831 432 -175-

104 563 280 622 rationibus
302 583 373 621 vero
394 562 560 640 logicam
584 573 699 622 tanturn
722 562 867 621 dualitate
882 563 1038 640 significet„
1063 583 1179 640 snprem
1196 564 1253 620 ium
1271 563 1360 621 latius

103 652 314 729 exposuimus.

220 739 253 796 Si
275 757 408 814 quaeras,
430 735 503 814 quid
525 735 646 796 tandem
658 737 817 806 Honorius,
840 739 895 794 etsi
910 756 969 794 non
993 737 1057 794 sine
1082 735 1285 807 haesitatione,
1309 757 1361 815 pn-

104 827 223 882 taverit
254 823 332 882 velle
355 825 490 900 Sergium
514 843 585 881 voee
623 827 728 890 „unius
762 824 959 904 operationis“
998 823 1175 899 significare,
1210 825 1361 900 responsio

104 911 340 989 simplicissima
365 920 393 967 et
416 911 572 969 verissima
593 909 711 970 videtur
744 910 818 968 haee
841 931 925 968 esse:
964 909 1061 968 duas
1102 905 1361 988 operatione's

104 997 315 1056 consideravit
348 1008 539 1076 tamqnam
563 997 828 1076 aequivalens
852 999 1032 1074 practice
1063 1015 1129 1054 oum
1168 995 1358 1070 „duabus

105 1083 439 1144 uoluntatibus‘·:
478 1086 504 1142 si
526 1086 606 1142 enim
628 1087 660 1142 in
684 1085 804 1143 Christo
828 1084 932 1142 fuisset
955 1086 1100 1162 oppositio
1125 1086 1202 1142 inter
1225 1083 1359 1141 divinam

106 1183 139 1230 et
156 1172 319 1230 humanam
335 1171 510 1244 voluntates,
533 1171 637 1230 luisset
651 1174 742 1230 etiarn
758 1173 911 1250 oppositio,
934 1169 1067 1228 delectus
1080 1171 1260 1239 harmoniae,
1284 1171 1361 1228 inter·

107 1261 301 1337 operationes
334 1258 408 1316 alias
430 1277 636 1336 quascumque.
671 1259 857 1316 voluntatum
883 1259 1006 1336 imperio
1030 1279 1067 1314 ex
1091 1257 1232 1316 alterutra
1256 1270 1361 1316 nutura

107 1345 327 1424 procedentes:
362 1343 466 1402 divina
488 1347 568 1403 enim
591 1346 728 1403 voluntas
752 1344 916 1423 impelleret
939 1354 1073 1403 naturam
1097 1343 1231 1402 divinam
1254 1343 1293 1402 ad
1317 1365 1360 1402 re·

109 1431 318 1490 srrseitandum
340 1451 385 1508 eg,
407 1431 561 1499 Lazarum,
595 1451 660 1490 eum
694 1454 710 1488 e
740 1443 843 1490 contra
875 1431 1010 1490 veluntas
1042 1431 1172 1490 humana
1202 1451 1261 1490 nou
1293 1451 1361 1489 eon-

111 1522 249 1577 sentiens
273 1520 415 1576 niteretur
443 1518 571 1596 dirigere
594 1519 754 1577 humanam
777 1518 889 1576 Christi
914 1527 1042 1576 montem
1066 1519 1186 1596 eiusque
1209 1517 1300 1595 pedes
1324 1517 1361 1575 ad

110 1605 311 1664 recedendum
345 1607 441 1682 potius
471 1605 587 1683 longius
616 1627 633 1663 a
663 1606 735 1674 loce,
771 1608 802 1664 in
833 1627 890 1684 quo
914 1605 1044 1664 Lazarus
1077 1615 1207 1664 mortuus
1239 1604 1362 1676 iacebat,

112 1693 172 1753 vel.
204 1703 235 1750 nt
259 1694 395 1770 exemplo
418 1713 436 1748 a
459 1696 562 1769 b'ergio
585 1695 641 1771 ipsi
664 1695 813 1770 proposito
836 1706 913 1751 utar:
949 1691 1043 1750 divi
1058 1713 1107 1750 na
1130 1701 1235 1750 natura
1258 1691 1361 1770 impel-

112 1779 197 1838 lebat
219 1779 257 1836 ad
280 1799 394 1836 sarram
413 1779 594 1857 implendam
617 1781 793 1856 passionem,
817 1779 869 1837 hu
883 1801 911 1837 nr
924 1799 1004 1838 ana
1026 1800 1096 1837 vero
1120 1791 1232 1848 natura,
1257 1789 1287 1838 ut
1311 1799 1362 1836 vo-

114 1867 230 1924 luntate
261 1867 303 1923 sie
325 1869 430 1924 ceteris
453 1867 593 1944 potentiis
615 1887 773 1944 earumque
803 1865 917 1924 autibus
949 1887 966 1923 a
989 1865 1129 1944 patiendo
1152 1865 1309 1942 refugisset
1333 1877 1362 1922 et

116 1955 248 2032 passioni
272 1973 303 2010 se
326 1951 523 2011 subduxisset.

224 2041 273 2100 38.
296 2041 396 2117 Atque
407 2060 445 2097 ex
457 2040 512 2102 his.
535 2059 610 2118 quae
622 2039 772 2117 hueusque
789 2041 926 2116 exposita
943 2049 1018 2110 sunt,
1032 2039 1188 2117 unicuique
1206 2038 1293 2096 facile
1309 2040 1365 2096 erit

115 2125 330 2204 iudicareque
344 2129 469 2184 veritate
486 2129 641 2185 asseruerit
657 2126 719 2184 loco
735 2128 825 2184 citato
838 2125 907 2184 Bel
912 2145 924 2202 J
937 2145 1019 2184 sev:
1047 2126 1226 2198 „Frustra
1249 2145 1364 2204 quoque

119 2216 277 2290 scriptores
316 2213 528 2272 ultramontani
564 2213 790 2291 epistolas
824 2213 951 2271 Honor-ii
993 2213 1024 2270 in
1057 2213 1110 2270 tuli
1144 2233 1232 2270 sensu
1270 2211 1364 2296 expli-

119 2311 197 2370 eant,
231 2313 273 2357 ut
310 2300 354 2358 in
392 2302 508 2378 ipsis
544 2300 661 2359 nihil
699 2303 813 2358 insit
851 2302 941 2358 nisi
983 2297 1160 2358 indicia
1196 2308 1364 2358 sanast

120 2387 255 2464 optim
267 2390 319 2444 a'‘:
342 2407 402 2445 non
425 2390 504 2445 enirn
527 2386 686 2446 seeundum
705 2397 920 2464 praeconcepta
936 2385 1080 2464 quaedam
1098 2385 1287 2466 praeiudicia,
1312 2385 1363 2444 sed

120 2477 208 2532 unice
222 2494 261 2530 ex
283 2493 315 2531 se
330 2476 403 2552 ipsis
417 2473 577 2533 seeundum
593 2474 670 2532 solas
686 2473 925 2532 hermenoutieae
948 2473 1064 2550 regulas
1089 2473 1208 2531 easdem
1224 2473 1364 2550 epistolas

122 2561 344 2639 explicavimus.
389 2561 493 2639 Neque
516 2563 632 2619 veriora
665 2570 732 2619 sunt
754 2560 829 2618 haee
859 2561 919 2619 alia
949 2559 1080 2619 eiusdem
1111 2563 1237 2618 auctoris
1262 2559 1364 2618 verba:

127 2647 203 2723 „Qui
220 2667 270 2706 eas
288 2647 438 2726 (epistolas
455 2656 507 2711 sut
523 2647 689 2726 perlegerit,
704 2649 731 2705 ei
749 2647 838 2705 laeile
853 2667 1023 2726 persuasum
1039 2650 1103 2719 erit,
1120 2667 1226 2726 papam
1244 2647 1365 2706 anathe-

123 2735 349 2792 matizatumin
373 2737 619 2794 eisomnino
641 2755 716 2793 non
739 2733 835 2792 illas
858 2737 1102 2794 sententias
1124 2737 1367 2814 exposuisse,

125 2841 197 2899 quas
219 2823 247 2878 ei
270 2821 401 2898 theologi
416 2821 444 2879 R
454 2843 472 2880 o
485 2843 513 2880 m
525 2842 544 2880 a
555 2843 574 2879 n
587 2823 597 2878 i
621 2821 707 2879 huius
729 2823 870 2898 temporis
894 2820 1019 2880 subdere
1043 2831 1193 2889 conantur,
1218 2843 1236 2878 v
1250 2841 1265 2879 o
1279 2843 1292 2879 r
1306 2842 1325 2878 u
1337 2841 1365 2877 m

126 2908 820 2972 doctrinam,Monutheletarunr
860 2908 984 2966 nullo
1030 2907 1148 2966 modo
1194 2909 1367 2986 mitiga-

126 2998 233 3053 tam.“
283 2994 576 3067 Catholiourn‚
611 3015 692 3052 nou
725 2995 1077 3052 hlonotheletam
1111 2993 1257 3054 fuisse
1288 2992 1368 3074 epi·

128 3081 270 3139 stolae
294 3081 534 3140 lionoriurn
558 3080 742 3139 indubie
766 3080 1088 3140 demonstrant.

182 3266 217 3331 V.
248 3263 450 3333 Silentium
475 3267 649 3333 Houorto
672 3265 860 3331 indictum
885 3266 1074 3352 quomodo
1098 3229 1313 3332 diiudicari

677 3369 817 3436 debeat.

231 3531 280 3588 39.
305 3531 367 3588 lam
391 3531 429 3588 ad
452 3553 559 3589 norum
582 3534 786 3610 quaestionem
809 3533 930 3590 festinat
953 3531 1091 3599 calamus,
1115 3531 1154 3588 ad
1177 3529 1368 3588 indictum

132 3615 174 3674 ab
196 3617 372 3675 Honorio
396 3617 440 3675 de
464 3639 539 3677 una
561 3620 625 3676 vel
648 3617 797 3676 duabus
820 3617 1129 3696 operationibus
1153 3618 1370 3676 silentium.

131 3704 279 3762 'lentus
302 3706 553 3763 incriminati
577 3706 607 3763 hi
632 3707 692 3764 fere
716 3716 796 3764 sunt:
835 3706 921 3767 ,Non
944 3716 1057 3783 oportet
1081 3704 1120 3763 ad
1141 3703 1280 3782 dogmata
1297 3703 1369 3761 haer

134 3791 331 3850 ecclesiastica
355 3801 533 3870 retorquere,
556 3813 632 3870 qnae
655 3813 750 3869 neque
774 3792 934 3872 synodales
951 3794 1049 3870 apiees
1073 3813 1159 3870 super
1182 3791 1237 3850 hoo
1260 3792 1373 3848 exami-

134 3889 233 3936 nantes
265 3898 360 3956 neque
384 3881 574 3937 auctoritates
606 3881 765 3938 canonicae
797 3882 878 3938 visae
918 3887 985 3937 sent
1009 3879 1193 3957 explanasse,
1228 3889 1259 3936 ut
1282 3897 1370 3935 unarn

134 3965 191 4022 vel
214 3963 309 4022 duas
340 3968 525 4043 operationes
549 3966 656 4044 aliquis
691 3975 918 4044 praesumat
953 3965 1065 4024 Christi
1090 3967 1147 4023 Dei
1170 3964 1370 4044 praedicaret.

138 4052 256 4110 .Utrum
279 4063 377 4110 autem
400 4064 518 4130 propter
547 4074 636 4130 opera
658 4052 825 4111 divinitatis
848 4065 877 4111 et
901 4053 1094 4111 humanitatis
1130 4073 1202 4110 una
1237 4073 1281 4109 an
1316 4073 1372 4128 ge-

134 4141 255 4196 minae
285 4141 543 4216 operationes
577 4139 706 4198 debeant
728 4139 880 4198 derivatae
905 4139 964 4196 diei
988 4140 1034 4197 vel
1059 4139 1194 4215 intelligi,
1221 4137 1259 4195 ad
1298 4159 1372 4196 nos

135 4224 173 4300 (id
195 4234 252 4283 est:
276 4246 322 4283 nro
347 4226 519 4297 Uenerium,
543 4239 571 4284 te
596 4229 730 4303 Sergium
754 4239 782 4283 et
807 4225 932 4306 Cyrum)
955 4227 1013 4284 ista
1036 4229 1270 4304 pertinere
1294 4246 1373 4282 non

136 4311 301 4379 debent,
336 4312 537 4392 relinquentes
561 4334 596 4370 ea
627 4315 854 4389 graminaticis.“
905 4313 964 4388 Qui
996 4315 1167 4370 alterutrum
1198 4312 1373 4370 vocabulum

136 4395 251 4457 definite
275 4399 410 4458 adhiberi
435 4400 544 4470 volunt,
568 4403 682 4458 suntin
699 4401 762 4456 eius
777 4400 869 4458 oeulis
898 4421 933 4472 „v
944 4401 1007 4456 tini
1033 4412 1264 4457 naturarum
1289 4419 1374 4476 pon-

137 4484 350 4555 deratores,
373 4489 501 4544 otiose
526 4489 792 4562 negotiantes,
824 4485 979 4562 turgidi
1005 4485 1167 4544 vocibus
1192 4505 1373 4543 ranarum

138 4575 175 4630 iu
196 4574 320 4650 ipsum
344 4575 580 4632 insonantes
603 4574 862 4651 philesbplri².
891 4573 1122 4645 „Hortatur“
1148 4574 1290 4646 Sergium,
1319 4585 1375 4638 ηιιῐ,

138 4662 248 4717 unius
271 4661 328 4717 vel
362 4662 528 4738 geminae
552 4681 664 4718 novae
689 4663 785 4720 vocis
810 4660 992 4718 inductum
1023 4661 1248 4737 operationis
1272 4679 1374 4715 vocu-
