3450 5342
725 313 850 369 -esi
879 345 919 352 -

184 501 333 560 t'allimnr.
356 519 506 577 utinquam
531 497 631 565 abeis,
655 500 704 576 qui
729 518 759 554 se
776 500 803 554 ei
822 497 919 556 denuo
938 500 1155 556 coniunxerunt
1178 530 1219 538 —
1244 508 1275 556 ut
1299 519 1446 556 nonnum-

175 608 283 666 ·quam
307 589 440 660 integrae
464 587 598 644 nationes
622 619 663 628 —
686 585 903 642 contessionem
918 585 1087 661 generalem
1111 583 1148 642 de
1172 594 1233 642 totu
1259 585 1322 642 vita
1348 599 1447 662 postu·

183 675 278 744 lavit,
302 673 331 732 id
344 672 421 754 quod
441 673 587 752 postulare
600 672 757 742 debuisset,
782 674 805 730 si
819 671 1019 730 absolutiones
1042 674 1153 750 priores
1173 691 1276 729 omues
1292 671 1446 731 invalidae

184 763 329 822 fuissent.
368 761 414 819 (if.
437 760 473 818 de
496 761 551 818 hac
570 762 741 840 quaestione
764 759 885 818 librum:
908 759 1058 817 Memento
1082 758 1119 816 ‹le
1141 758 1310 835 'l'lreologic
1334 760 1445 820 morale

185 849 205 904 Ξι
235 848 346 924 l'usage
376 847 429 906 des
460 850 659 906 missiouairte
692 867 743 926 pm
774 847 800 904 le
831 847 866 908 P.
897 847 980 903 ltom.
1014 849 1162 904 Struurn
1197 844 1250 904 des
1282 846 1447 922 Augustius

186 934 231 992 ile
257 935 457 1011 l'essomption
482 955 509 992 n.
536 936 715 996 lati-lea,
1310 925 1399 993 Reti.

302 1165 345 1234 Oc
362 1164 598 1234 ttetebradeust
615 1164 778 1233 conventu
802 1164 1032 1250 tbeeteperom
1052 1162 1241 1231 commercii
1259 1163 1443 1232 studiorum

190 1268 284 1336 inter
308 1267 519 1338 Occidentem
543 1269 579 1336 et
602 1267 768 1338 Orientem
793 1269 993 1355 cupidorum.

302 1427 481 1505 Postquam
507 1430 656 1507 privatim
670 1463 713 1472 -
725 1430 872 1492 maxime
888 1427 959 1490 Drts
976 1426 1024 1489 Fr.
1039 1425 1074 1490 X.
1091 1426 1206 1490 Grivec
1230 1425 1390 1488 industria
1403 1462 1442 1469 --

191 1515 383 1594 complures
395 1515 537 1594 theologi
550 1517 724 1578 eonsilium
747 1524 905 1596 ceperunt
918 1513 1070 1594 enitendi,
1094 1523 1129 1575 ut
1141 1514 1287 1577 distracti
1303 1514 1386 1576 inter
1408 1531 1444 1577 se

192 1610 271 1664 eta
295 1603 525 1666 coniunctione
549 1604 677 1666 avocati
700 1602 928 1666 Occidentales
950 1609 984 1664 et
1005 1599 1187 1666 Orientales
1212 1602 1244 1662 in
1269 1601 1442 1680 pristinam
1490 1615 1492 1620 ·

191 1687 406 1754 concordiam
429 1687 670 1766 reducerentur,
704 1709 745 1754 cx
776 1691 891 1752 alienis
914 1689 1012 1752 amici
1035 1687 1255 1764 redderentur,
1278 1688 1444 1750 rationum

193 1775 755 1854 utilitatemquecommunicatione
779 1776 972 1852 fruerentur,
995 1774 1135 1854 denique
1152 1773 1265 1838 infelix
1287 1774 1368 1837 illud
1391 1791 1445 1836 ec-

189 1861 370 1925 clesiarum
394 1863 568 1928 discidium
579 1864 755 1940 tolleretur,
770 1862 912 1926 —nude
935 1873 968 1924 et
991 1861 1186 1925 »Slaverum
1199 1862 1326 1924 litterae
1349 1861 1442 1922 tlree-

193 1948 337 2025 logicae«
364 1957 456 2012 ortae
480 1958 556 2014 sunt
580 1961 611 2014 et
635 1951 775 2016 societas
799 1950 1012 2030 apostolatus
1034 1967 1076 2011 ss.
1099 1945 1209 2027 Cyrtlli
1232 1957 1265 2012 et
1287 1947 1442 2010 Mettrodii

194 2037 261 2098 tam
287 2035 412 2116 pridem
425 2035 609 2102 Velehradit
625 2036 757 2102 condita
780 2037 923 2100 adducta
939 2045 998 2114 est,
1022 2045 1057 2098 nt
1080 2036 1173 2098 novis
1195 2035 1441 2098 iltiseommen-

195 2123 286 2185 tariis
309 2123 472 2203 praesidio
484 2143 545 2187 suo
562 2125 697 2188 munitis
717 2126 846 2202 negotia
862 2143 923 2188 sua
939 2131 1081 2202 augeret,
1094 2157 1135 2166 —
1148 2123 1269 2184 mirum
1281 2140 1346 2186 neu
1360 2128 1440 2200 erat,

195 2208 283 2289 :ruod
314 2211 354 2273 de
385 2229 419 2273 re
450 2213 633 2275 maximnm
665 2213 927 2275 emolumentum
957 2210 1176 2289 promittente,
1208 2209 1247 2272 de
1279 2215 1443 2270 convente

188 2296 312 2360 eodem
336 2305 504 2373 spectante
528 2317 548 2360 a
571 2300 648 2362 viris
672 2298 733 2362 hee
757 2298 865 2362 studio
891 2297 1104 2360 inflammatis
1131 2297 1182 2374 agi
1206 2303 1361 2375 coeptum
1383 2305 1442 2358 est.

196 2383 261 2447 lies
284 2383 350 2447 lleo
373 2384 545 2448 manifeste
568 2387 702 2470 iuvante
726 2387 771 2447 ita
794 2386 914 2449 evenit:
939 2383 1025 2447 luter
1048 2383 1094 2444 Pl.
1111 2382 1146 2445 R.
1164 2383 1198 2445 ii.
1214 2383 1314 2445 Mons
1339 2383 1388 2445 tir.
1408 2383 1443 2444 ri.

195 2473 229 2534 i:.
247 2469 318 2533 Sto
324 2470 335 2550 j
348 2489 398 2533 au
422 2479 454 2534 et
477 2470 513 2534 ii.
532 2471 564 2534 l).
577 2471 814 2552 A.Spaldak
839 2491 896 2551 per
918 2471 1126 2534 occasionem
1151 2478 1334 2534 conventus
1355 2470 1444 2550 Ape

196 2557 335 2621 stolatus
357 2576 456 2635 supra
480 2561 640 2622 nominati
662 2560 798 2638 eiusque
821 2567 935 2622 coetus
959 2556 1137 2621 academici
1162 2558 1329 2634 superiore
1352 2575 1441 2619 aune

197 2642 377 2708 Velehradii
401 2644 505 2708 habiti
520 2647 681 2725 convenit,
706 2653 742 2708 ut
758 2645 799 2708 ad
819 2645 933 2708 studia
952 2645 1148 2723 pertinentia
1171 2643 1211 2706 ad
1229 2642 1442 2723 aperiendam

196 2733 282 2794 riam
301 2733 391 2812 pacis
415 2741 448 2796 et
466 2734 660 2797 concordiae
677 2734 760 2796 iuter
773 2731 983 2796 Occidentem
1000 2739 1033 2794 ct
1048 2728 1224 2808 Orientem,
1246 2729 1288 2792 ad
1311 2737 1442 2792 contre-

198 2818 318 2881 versias
341 2819 581 2899 disceptandas
603 2821 774 2900 opiniones
804 2817 1045 2900 praeiudicatae
1072 2816 1289 2896 corrigendas,
1313 2818 1444 2879 animos

198 2903 386 2968 eliensieres
399 2907 644 2984 recolligendos,
660 2907 841 2970 amicitiam
857 2905 898 2968 de
911 2907 1036 2984 integre
1049 2904 1283 2981 renovandam,
1307 2905 1443 2982 inquam

198 2992 238 3055 ad
261 2991 350 3070 baec,
374 2991 482 3056 studia
498 3011 676 3074 eorumque
700 2992 861 3057 desideria
884 2991 1035 3072 augenda
1057 3004 1090 3055 et
1113 2991 1280 3069 dirigenda
1303 2998 1443 3054 cenatus

197 3088 367 3160 caperetur
382 3081 585 3144 convocandi
602 3100 667 3159 ene,
690 3082 744 3161 qui
758 3081 808 3142 his
830 3079 929 3142 rebus
943 3097 1079 3158 operam
1102 3077 1179 3141 dare
1197 3077 1325 3155 vellent,
1349 3075 1443 3140 Vele-

198 3165 346 3229 bradium
367 3167 399 3228 iu
415 3167 594 3232 Moraviain
612 3203 651 3213 -
669 3185 734 3248 qno
757 3167 830 3230 leco
854 3167 923 3229 sive
939 3164 1209 3230 commoditatem
1226 3171 1355 3242 spectas
1374 3165 1443 3227 sive

199 3253 394 3332 religionem
418 3254 528 3317 nullus
544 3257 650 3334 aritier
662 3255 826 3318 invenitur
841 3289 893 3331 -‚
906 3253 961 3316 ubi
982 3253 1154 3315 doctorum
1169 3252 1323 3326 virorum,
1346 3251 1378 3311 in
1392 3251 1442 3312 tris

199 3340 293 3404 rebus
309 3339 536 3420 perlectorum,
559 3341 715 3405 lectiones
739 3338 897 3404 audirent.
921 3339 1011 3416 Quae
1034 3357 1111 3402 cum
1131 3341 1325 3419 pararentur
1348 3337 1439 3399 varia

200 3427 332 3490 consilia
356 3430 574 3508 preposita-
600 3429 744 3492 maxime
768 3446 787 3489 a
818 3427 855 3490 lt.
891 3425 924 3489 u.
949 3425 1122 3490 Werner
1151 3460 1192 3470 -
1216 3432 1249 3488 et
1271 3424 1373 3486 animi
1396 3424 1442 3486 rei

200 3514 302 3578 studio
334 3513 487 3578 ardentes
518 3515 704 3592 etlecerunt,
735 3522 771 3576 ut
795 3522 1029 3594 praeparatum
1060 3512 1272 3576 institutionis
1296 3509 1441 3573 triduum

201 3602 444 3664 inconventum
477 3604 625 3665 omnium
656 3601 883 3678 theologorum
922 3601 1109 3664 commercii
1144 3598 1327 3662 studiorum
1359 3599 1443 3661 iuter

203 3685 364 3751 Orientem
387 3696 419 3752 et
442 3686 649 3753 Occidentem
675 3688 870 3768 cupidorum
894 3695 1086 3763 mutaretur,
1109 3687 1164 3765 riui
1188 3703 1252 3748 nnn
1270 3686 1378 3748 selum
1402 3684 1442 3748 de

200 3773 292 3838 rebus
316 3776 348 3837 in
365 3775 549 3854 cognitione
567 3777 679 3856 positis
695 3776 944 3852 instruerentur,
966 3772 1142 3837 sedetiam
1166 3772 1320 3836 devertis
1342 3773 1443 3833 ratio-

201 3861 291 3924 nibus
314 3863 346 3923 in
371 3862 497 3939 agendo
522 3862 635 3942 positis
658 3861 886 3926 deliberarent.

299 3974 346 4036 Ex
369 3975 514 4038 invitatis
544 3974 585 4038 ad
612 3975 787 4054 legendum
811 3974 954 4052 benigna
984 3973 1196 4037 excusatione
1227 3969 1443 4050 impedimen-

203 4067 304 4124 torum
336 4063 385 4124 usi
416 4071 492 4124 suut
515 4062 582 4126 itit.
613 4062 674 4125 iiii.
706 4061 757 4125 Dc.
787 4061 815 4124 J.
838 4061 962 4140 Korn,
993 4059 1042 4122 Or.
1065 4059 1104 4122 ii.
1129 4058 1310 4135 lieucar,
1341 4055 1392 4118 Or.
1416 4057 1442 4120 .i.

203 4147 363 4222 Pantita,
386 4147 487 4212 litoris.
513 4149 542 4212 L.
568 4149 795 4227 ltucbesue,
819 4149 873 4212 Pl.
896 4149 943 4212 de
966 4148 1154 4222 ilcester,
1180 4145 1211 4207 P.
1240 4143 1442 4220 Pierliug.

203 4236 233 4296 l.
255 4235 399 4313 Malvy,
422 4235 459 4296 ii.
483 4234 614 4314 ingie:
639 4238 860 4316 promiserunt
884 4253 919 4298 se
936 4234 1037 4298 verba
1060 4232 1204 4295 tacturos
1227 4249 1319 4294 esse:
1344 4229 1381 4291 it.
1405 4229 1440 4306 O,

202 4320 219 4384 l.
244 4321 351 4386 Urbau
375 4322 415 4386 de
438 4323 494 4400 eie,
525 4343 609 4404 qnae
632 4343 652 4386 a
676 4323 835 4401 theologis
858 4319 1116 4386 occidentalibus
1139 4337 1197 4398 pro
1221 4315 1440 4380 Orientalibus

202 4406 277 4472 ellici
310 4410 436 4489 possint
465 4418 497 4474 et
520 4411 668 4488 debeant,
700 4409 736 4471 R.
761 4409 795 4473 D.
811 4411 846 4472 A.
871 4392 1060 4487 Spaldak
1091 4405 1131 4468 de
1161 4404 1271 4467 debita
1295 4402 1444 4466 Orienta-

203 4495 275 4558 lium
310 4496 351 4560 ad
374 4497 549 4560 ecelesiam
574 4497 760 4558 itomanam
783 4495 950 4571 relatione,
979 4493 1016 4556 R.
1041 4493 1073 4554 D.
1098 4493 1132 4552 st.
1164 4489 1371 4552 Patmiert
1402 4487 1443 4550 de

204 4584 365 4646 sententiis
388 4583 555 4646 catholicis
580 4582 665 4660 apud
691 4582 858 4659 theologos
883 4581 1021 4644 itussiae
1046 4578 1081 4640 lt.
1100 4578 1132 4640 li.
1150 4577 1199 4638 tir.
1226 4575 1278 4638 ilc.
1302 4575 1440 4638 Grivec
