3450 5342
667 427 857 482 -157-

255 619 302 673 18.
333 614 421 691 Quod
450 617 545 693 primo
575 613 945 692 possibilitatem
977 616 1095 683 attinet,
1128 613 1280 692 plures
1311 624 1389 672 certe

142 703 272 780 theologi
302 723 368 760 cum
401 701 563 760 Melchiore
591 705 674 760 Cano
704 701 873 773 admittunt,
913 702 1078 759 Romanum
1108 701 1277 780 pontificem
1300 701 1389 760 etiam

143 792 173 848 in
196 790 343 848 haeresim
367 787 498 847 incidere
520 809 605 867 posse
624 791 713 846 immo
737 789 872 846 nullus
896 787 1050 866 theologus
1078 796 1246 866 ,tamquam
1269 789 1389 846 omuino

142 891 253 934 certum
276 879 387 947 statuit,
416 896 524 954 papam
556 896 615 934 non
638 896 811 954 possessae
843 875 1054 945 haereticum‘ss
1089 883 1146 948 ,et
1177 875 1388 933 nonnulli

143 966 280 1031 fatentur,
310 963 425 1041 aliquos
446 963 602 1042 pontifices
624 961 662 1020 de
685 962 763 1020 facto
785 971 888 1020 contra
910 961 998 1020 fidem
1022 957 1215 1038 errasse“²⁹).

252 1051 301 1108 Ex
324 1071 381 1128 (luo
405 1049 608 1126 theologorum
632 1048 741 1108 iudicio
771 1049 1010 1108 conclusio
1043 1051 1251 1126 practica
1282 1050 1386 1106 summi

143 1140 284 1196 momenti
315 1136 472 1195 inferenda
502 1146 554 1195 est.
600 1137 631 1196 si
655 1139 735 1195 enim
759 1136 889 1214 theologi
913 1136 1051 1194 catholici
1075 1138 1105 1193 in
1130 1137 1301 1214 quaestione
1325 1134 1389 1205 hac,

144 1239 239 1282 utrum
274 1245 311 1284 sc.
342 1244 419 1302 papa
441 1227 504 1300 ipse
526 1226 560 1282 in
589 1224 735 1283 haeresim
769 1222 900 1282 incidere
928 1224 1020 1302 possit
1042 1221 1116 1282 adeo
1140 1221 1177 1280 ad
1201 1221 1389 1280 sobrietatem

143 1314 268 1389 sapiunt,
306 1329 371 1369 cum
406 1332 456 1368 eos
490 1309 599 1369 deinde
632 1311 711 1369 hunc
745 1311 793 1368 vel
828 1310 912 1368 illum
955 1309 1131 1387 pontificem,
1173 1311 1222 1388 qui
1257 1309 1388 1368 haeresis

142 1401 337 1474 suspicionem
358 1400 520 1466 incurrerit,
551 1398 753 1466 nihilominus,
776 1396 913 1456 omnibus
937 1399 991 1454 rite
1008 1398 1195 1466 examinatis,
1218 1395 1255 1454 ab
1273 1395 1388 1454 haeresi

143 1484 429 1555 liberarcvidomus,
452 1487 625 1544 iniuste
648 1485 703 1543 hoc
726 1491 1057 1563 praeconcepto
1081 1503 1225 1541 corum
1249 1493 1388 1562 syste-

144 1593 172 1629 m
185 1575 247 1629 ati
278 1571 461 1641 tribueretur,
496 1575 580 1650 quasi
605 1593 664 1630 nou
687 1581 805 1651 propter
827 1572 957 1630 rationes
979 1569 1151 1641 obieetivas,
1187 1569 1239 1628 sed
1271 1579 1385 1638 tantum

144 1680 182 1716 ne
204 1661 337 1717 Romano
359 1659 490 1736 pontifici
521 1660 666 1717 maculam
690 1668 857 1738 aspergant,
881 1661 922 1716 ita
944 1658 1024 1736 loqui
1049 1655 1168 1715 dicendi
1192 1659 1259 1717 sint.

253 1745 384 1803 Aliunde
400 1766 477 1817 vcro,
500 1749 556 1804 etsi
571 1756 686 1805 tantum
710 1746 766 1804 hoc
788 1745 864 1804 det
873 1747 882 1801 i
895 1767 914 1802 n
927 1747 935 1802 i
949 1755 960 1802 t
974 1765 992 1802 u
1004 1765 1033 1802 m
1057 1746 1102 1811 sit,
1127 1745 1290 1802 Romanum
1314 1763 1387 1820 pon-

146 1833 263 1903 tificem,
296 1853 362 1890 cum
385 1853 434 1890 ex
464 1833 683 1892 cathedra
711 1835 848 1912 loquitur,
882 1852 978 1890 errare
1002 1851 1060 1890 non
1084 1851 1177 1909 posse,
1200 1843 1299 1888 tamen
1323 1831 1389 1887 mi-

145 1922 256 1977 nime
279 1941 316 1976 ex
340 1940 375 1976 eo
397 1922 536 1998 sequitur,
558 1921 725 1979 Romanum
756 1920 925 1998 pontificem
949 1921 980 1976 in
1003 1919 1071 1976 aliis
1094 1919 1154 1975 suis
1176 1916 1290 1975 actibus
1314 1937 1357 1974 no
1371 1938 1389 1974 u

144 2005 337 2083 gaudere
387 2007 583 2084 speciali
633 2009 921 2085 protectione
966 2017 1006 2062 ct
1051 2004 1389 2081 gubernatione

145 2093 330 2152 divinae
362 2093 700 2154 Providentiae.
745 2093 844 2169 Quare
872 2096 927 2151 etsi
951 2103 1065 2150 tautum
1097 2089 1133 2149 de
1164 2089 1386 2150 definitionibus

143 2183 206 2238 eius
237 2191 315 2238 certo
346 2182 481 2251 sciamus,
512 2181 669 2258 specialem
694 2181 752 2239 Ilei
782 2201 853 2256 erga
876 2183 970 2257 ipsum
993 2179 1217 2238 Providentiam
1242 2201 1272 2236 se
1295 2197 1386 2256 usque

147 2266 183 2326 ad
215 2288 314 2324 veram
339 2278 367 2324 et
390 2271 507 2346 proprie
536 2267 646 2325 dictam
677 2270 870 2326 inerrantium
903 2265 1085 2345 protendere,
1119 2277 1218 2324 temen
1254 2267 1387 2343 iniquum

145 2356 249 2412 merito
280 2366 457 2431 putaremus,
491 2354 655 2432 specialem
673 2355 750 2414 hanc
773 2355 829 2412 Dei
854 2375 925 2430 erga
948 2357 1041 2432 ipsum
1066 2352 1289 2411 Providentiam
1314 2351 1388 2410 adeo

146 2442 224 2499 velle
260 2451 417 2511 coarctare,
451 2452 483 2500 ut
505 2463 570 2500 eum
595 2443 625 2499 in
649 2441 785 2500 omnibus
807 2442 874 2500 aliis
898 2440 1010 2498 actibus
1034 2443 1094 2498 suis
1128 2449 1209 2497 tem
1246 2439 1387 2496 tacile

146 2550 162 2586 e
175 2540 186 2584 t
209 2541 221 2585 t
233 2550 251 2586 a
262 2549 291 2585 m
314 2550 359 2605 gr
371 2549 389 2585 a
400 2551 419 2584 r
432 2531 441 2585 i
455 2537 521 2586 ter
543 2549 640 2587 errare
664 2531 853 2606 permitteret.
879 2529 943 2585 Hoc
966 2548 1018 2605 pro
1042 2529 1195 2604 episcopis,
1220 2529 1243 2584 si
1268 2525 1387 2604 quidem

146 2617 202 2672 viri
225 2613 308 2693 probi
332 2628 361 2672 et
384 2617 424 2693 pii
449 2617 515 2686 sint,
546 2619 596 2694 qui
620 2616 678 2673 Ilei
701 2617 806 2694 spiritu
829 2617 891 2692 regi
914 2636 945 2672 se
969 2616 1077 2690 sinant,
1108 2634 1165 2671 non
1196 2613 1387 2674 admittimus,

148 2701 202 2758 hoc
234 2699 325 2760 multo
355 2705 453 2760 minus
486 2723 538 2780 pro
572 2704 705 2761 Romano
736 2702 884 2780 pontifice,
918 2703 1007 2758 totius
1039 2701 1182 2758 ecclesiae
1212 2711 1327 2778 pastore
1362 2710 1390 2756 et

149 2788 266 2847 doctore
307 2791 371 2846 sinc
412 2791 521 2848 iniuria
559 2810 630 2866 erga
663 2790 823 2859 Christum,
864 2787 1016 2846 invisibile
1052 2787 1195 2845 ccclesiae
1227 2798 1314 2864 caput
1338 2784 1389 2842 ad-

147 2878 264 2934 mittere
287 2897 448 2954 possumus.

252 2962 351 3038 Quare
374 2965 490 3021 etiamsi
514 2967 579 3042 quis
609 2983 674 3021 curn
704 2961 836 3041 pluribus
864 2961 1010 3038 theologis
1042 2961 1186 3026 admittat,
1224 2960 1387 3016 ltomanum

145 3050 313 3127 pontificem
336 3052 425 3108 etiam
451 3052 481 3108 in
497 3051 643 3108 haeresim
667 3049 798 3108 incidere
821 3069 915 3126 posse,
939 3047 969 3104 id
993 3057 1072 3106 certe
1093 3050 1122 3105 in
1142 3046 1221 3105 nullo
1245 3046 1387 3121 singulari

146 3157 215 3195 casu
238 3136 496 3215 pronuntiandum,
520 3139 576 3195 nisi
597 3139 778 3214 argumentis
801 3139 921 3195 omnino
945 3132 1189 3193 convincentibus
1212 3131 1391 3210 probetur.

148 3225 294 3294 Ceterum,
329 3226 354 3282 si
383 3224 535 3282 historiam
564 3224 758 3294 consulamus,
791 3233 876 3281 tanta
899 3233 1021 3300 apparet
1044 3222 1134 3279 fuisse
1158 3219 1308 3297 hucusque
1334 3220 1390 3276 Dei

148 3314 227 3368 circa
248 3320 334 3389 caput
351 3311 493 3369 ecclesiae
515 3310 716 3381 Providentia,
740 3321 771 3369 ut
795 3310 892 3368 nullus
909 3311 1058 3368 Romanus
1083 3307 1216 3387 pontifex
1242 3309 1388 3364 nominari

146 3401 246 3475 possit,
277 3400 337 3476 qui,
366 3419 440 3456 cum
466 3400 534 3458 iam
562 3409 656 3456 esset
683 3397 859 3477 pontifex,
892 3397 1038 3456 haeresim
1062 3396 1204 3474 proprie
1228 3392 1338 3450 dictam
1361 3405 1390 3450 et

149 3485 333 3543 formalem
356 3494 452 3543 certo
475 3488 661 3544 commiserit.

257 3573 306 3630 19.
329 3571 416 3648 Quod
437 3573 550 3630 scilicet
571 3575 774 3650 quaestionem
796 3570 884 3629 facti
908 3572 1021 3636 attinet,
1045 3577 1140 3626 utrum
1165 3567 1241 3625 ullus
1263 3586 1392 3644 unquam

151 3659 297 3717 llomanus
327 3660 461 3738 pontiiex
494 3669 573 3717 certo
595 3661 627 3716 in
650 3659 797 3717 haeresim
820 3656 966 3730 inciderit,
1001 3654 1070 3713 dum
1099 3653 1294 3711 orthodoxi
1317 3674 1391 3711 non-

148 3745 219 3803 nulli
244 3749 333 3804 etiam
356 3745 445 3804 hodie
468 3745 553 3804 nobis
583 3746 748 3806 Honorium
779 3754 930 3824 tamquam
961 3744 1092 3802 haeresis
1115 3761 1197 3798 reum
1220 3739 1389 3816 indigitant,

148 3833 319 3891 catholici
336 3833 396 3890 fere
407 3853 517 3905 omnes,
528 3834 600 3911 ipsis
611 3833 634 3891 J
635 3835 795 3892 ansenistis
807 3831 998 3911 pluribusque
1007 3828 1172 3890 Gallicanis
1184 3848 1243 3886 non
1255 3827 1390 3896 exclusis,

147 3941 213 3978 eum
232 3918 270 3978 ab
293 3921 373 3978 omni
389 3921 521 3978 haeresis
536 3923 702 3998 suspicione
717 3921 891 3978 certissimis
908 3918 1089 3996 argumentis
1107 3915 1227 3974 liberari
1251 3923 1391 3973 statuunt.

147 4008 195 4064 Ex
218 4006 390 4065 orthodoxis
413 4005 590 4084 Glagolcr
612 4008 676 4066 loco
700 4009 798 4078 citato,
821 4006 858 4064 de
882 4007 1024 4064 Romanis
1049 4001 1238 4083 pontificibus
1260 4013 1390 4080 tempore

148 4097 399 4153 oecumenicorum
429 4092 619 4153 conciliorum
646 4096 769 4172 loquens
799 4096 857 4152 ait:
897 4091 1034 4170 ,quidam
1067 4111 1104 4149 ex
1135 4092 1178 4148 eis
1210 4090 1391 4148 haereticum

145 4203 176 4238 se
199 4181 364 4252 exhibuit“,
388 4183 578 4259 nominatque
596 4183 772 4254 Honorium3
796 4183 838 4238 sic
854 4179 980 4256 Bbljaev
994 4179 1060 4237 loco
1076 4181 1147 4236 item
1170 4179 1271 4236 citato:
1300 4175 1392 4249 ,Fru-

148 4280 209 4325 stra
245 4289 360 4346 quoque
398 4270 554 4347 scriptores
590 4269 802 4327 ultramontani
840 4266 980 4346 epistolas
1004 4266 1130 4324 Honorii
1160 4266 1193 4322 in
1223 4264 1277 4320 tali
1305 4283 1393 4321 sensu

150 4355 309 4433 explicant,
332 4366 363 4412 ut
386 4357 417 4414 in
440 4358 513 4434 ipsis
536 4356 612 4414 nihil
634 4358 706 4414 insit
729 4357 786 4413 nisi
809 4353 922 4413 iudicia
945 4373 1018 4412 sana
1041 4362 1070 4410 et
1092 4353 1210 4430 optima.
1251 4349 1301 4407 Ad
1324 4369 1392 4407 con-

144 4440 305 4500 vincendos
328 4442 466 4520 Papistas
496 4444 638 4521 epistolae
669 4442 797 4502 Honorii
830 4451 1022 4500 conservatae
1054 4440 1175 4498 suntin
1201 4435 1314 4496 actibus
1341 4433 1392 4495 IV.

144 4529 260 4587 concilii
284 4531 473 4600 oecumenici,
503 4549 564 4588 una
585 4540 655 4601 tota,
689 4529 809 4588 alterius
832 4527 1006 4605 fragmenta.
1045 4525 1103 4602 Qui
1135 4544 1185 4582 eas
1220 4523 1332 4600 legerit,
1365 4523 1392 4578 ei

194 4680 230 4749 2θ)
245 4645 428 4736 douzalsz
447 4685 465 4736 l.
485 4699 521 4750 c.;
540 4681 576 4736 ci.
596 4682 751 4749 Scheeben,
781 4681 840 4734 Das
859 4678 1066 4732 Vaticanische
1084 4679 1185 4732 Konzil
1206 4678 1246 4744 11,
1264 4676 1390 4744 Regens·

250 4754 325 4822 burg
344 4751 421 4821 1870,
439 4769 466 4820 p.
486 4751 545 4805 113.
