3450 5342
887 432 1055 485 ..⁸4-

345 623 489 681 restituta.
521 620 625 679 ordine
648 624 678 678 S.
699 620 730 679 J.
753 618 874 679 inducto
897 622 994 697 coepit
1027 628 1056 677 et
1079 631 1139 675 tam
1169 616 1262 675 laetos
1286 618 1396 675 lrnctus
1425 614 1533 684 edidit,
1569 626 1602 673 ut

347 711 405 768 iam
429 707 528 767 medio
550 728 624 766 aevo
639 706 725 764 Xl'l.
748 708 874 765 eeclesia
896 704 992 785 quoad
1015 704 1203 782 disciplinam
1227 715 1255 760 et
1279 702 1412 761 ordinem
1436 704 1603 781 primatum

343 797 374 853 in
398 794 543 853 Bohemia
565 804 689 853 teneret.

448 883 560 939 Auctor
583 880 674 938 habet
695 882 843 958 propriam
859 878 1038 945 methodum,
1061 897 1136 957 «luae
1161 874 1240 935 lraud
1263 878 1345 935 l'avet
1367 878 1490 953 poeticis
1512 876 1603 933 relle-

346 966 492 1036 xiouibus‚
519 988 565 1025 res
587 966 721 1025 diversas
744 967 875 1025 interae
899 964 1093 1029 nectentibus.
1124 963 1177 1023 sed
1199 964 1373 1042 simpliciter
1397 978 1504 1021 namet.
1541 965 1604 1019 sin-

346 1054 415 1132 gula
437 1065 537 1113 tamen
559 1074 653 1133 eaque
676 1054 780 1131 gravia
802 1052 881 1111 iacta
904 1062 1038 1111 accurate
1062 1053 1251 1131 perspiciens.

449 1140 535 1217 Quae
569 1150 639 1199 nota
671 1140 910 1199 characteristica
940 1142 1112 1219 praesertim
1136 1142 1166 1197 in
1197 1134 1395 1216 depingendis
1424 1137 1607 1195 novissimis

345 1226 527 1306 temporibus
550 1227 720 1287 rebellionis
742 1230 967 1305 protestantium
992 1226 1244 1305 praestantissime
1267 1224 1371 1283 elucet.

1256 1304 1292 1372 V.
1315 1303 1558 1389 Roudniclry'.

453 1487 502 1543 llr.
513 1480 590 1547 «108.
603 1479 790 1560 Kaolmik,
813 1482 928 1551 Ρτὺοο,
953 1468 1060 1565 1111111
1077 1484 1345 1544 ethiclro-soeirllui.
1365 1480 1496 1553 (Labor.
1518 1482 1603 1541 Con-

347 1573 541 1631 siderationes
570 1570 819 1651 ethico-sociales)
856 1574 977 1649 l‘ragae.
1015 1573 1112 1651 Hlasy
1143 1570 1334 1630 katoliclriho
1365 1570 1471 1650 spolku
1503 1568 1601 1628 tisko-

347 1659 433 1719 veho.
459 1660 550 1717 leco.

452 1746 632 1823 (lpusculum
660 1749 718 1804 nu
744 1749 917 1823 paginarum
946 1750 978 1805 in
1005 1742 1060 1805 15⁰
1083 1746 1148 1823 plus
1171 1747 1311 1812 continet.
1345 1764 1431 1822 quarn
1457 1744 1605 1821 simplex,

348 1833 505 1891 collectiva
521 1853 579 1890 vox
599 1831 731 1894 „habor‘
752 1836 904 1910 promittit.
922 1854 990 1891 nam
1007 1835 1102 1891 latiori
1116 1832 1179 1891 orbi
1193 1833 1341 1905 lectorum,
1358 1833 1404 1889 cui
1417 1828 1600 1891 destinatur.

348 1940 456 1999 parvus
471 1918 600 1999 quidem.
616 1918 668 1976 scd
685 1940 802 1978 securus
817 1920 878 1978 dux
896 1924 926 1979 iu
939 1931 1023 1979 vasto
1040 1920 1144 1999 pelago
1160 1920 1341 1998 ‹praecationis
1358 1917 1475 1975 socialis
1491 1918 1603 1975 certis-

348 2009 421 2066 sime
444 2008 508 2064 erit.
532 2007 568 2064 ln
592 2010 631 2063 22
655 2006 809 2083 capitibus.
832 2028 954 2085 quorum
971 2006 1123 2085 quodlibet
1142 2010 1201 2065 ianr
1224 2016 1286 2064 tota
1304 2006 1470 2063 litteratura
1494 2004 1602 2082 pollet,

348 2106 450 2152 auctor
461 2092 584 2150 totidem
597 2092 722 2151 selectus
734 2096 925 2170 gravissimas
939 2097 1077 2153 materias
1089 2094 1213 2153 sociales
1223 2109 1252 2151 et
1262 2094 1466 2151 oeconomicus
1478 2102 1602 2159 tractat,
1697 2162 1698 2165 Ἴ

348 2188 484 2237 accurate
514 2178 678 2237 adhaerens
706 2180 809 2238 morali
832 2180 995 2239 catholicae
1020 2192 1048 2239 et
1071 2180 1202 2258 probatis
1230 2178 1406 2239 auctoribus
1434 2181 1599 2257 praecipue

349 2267 521 2324 notissimae
536 2266 706 2344 encyclicae
726 2268 853 2338 ⁴,ilerum
870 2284 1042 2338 novarum,
1059 2288 1116 2345 qna
1129 2270 1223 2345 pronti
1237 2264 1339 2325 fodina
1351 2266 1479 2343 quadam
1494 2268 1601 2325 utitur.

347 2352 528 2409 Novissimis
543 2356 723 2429 argumentis
746 2356 899 2412 statisticis
922 2354 1102 2413 demonstrat
1127 2355 1275 2417 moralem,
1299 2353 1445 2415 socialem.
1470 2372 1597 2411 oecono-

347 2440 455 2496 micam
478 2440 627 2496 miseriam
650 2441 798 2498 societatis
822 2441 908 2499 huius
927 2445 1066 2519 temporis
1082 2454 1110 2500 et
1127 2442 1294 2500 communia
1317 2439 1447 2498 remedia
1471 2439 1597 2497 indicat.

348 2526 474 2583 Ratione
491 2524 593 2583 habita
608 2525 757 2597 lectorum,
773 2528 949 2605 superlluam
962 2528 1114 2587 suburram
1127 2530 1302 2587 statisticam
1314 2540 1342 2585 et
1355 2526 1597 2605 philosophicam

349 2612 481 2689 negligit,
498 2614 628 2670 retinens
639 2632 675 2670 ea
687 2615 757 2680 sola,
769 2634 844 2693 quae
857 2614 896 2673 ad
908 2614 1188 2675 demonstrationem
1201 2618 1319 2674 omniuo
1333 2614 1500 2672 necessaria
1512 2622 1597 2671 sunt:

348 2718 417 2757 riam
431 2699 473 2756 nil
485 2710 530 2757 eat
542 2700 658 2775 longius
675 2720 693 2757 a
705 2702 828 2759 consilio
846 2704 996 2780 scriptoris
1009 2702 1094 2761 huius
1114 2702 1302 2771 disiunctum,
1318 2722 1405 2779 quarn
1418 2719 1597 2778 componere

348 2784 498 2863 quandam
514 2786 707 2844 scientificum
723 2789 929 2864 sociologiam:
949 2789 1050 2847 scribit
1067 2790 1194 2849 indoctis
1210 2802 1238 2847 et
1254 2789 1309 2847 hoc
1327 2788 1505 2865 propositum
1523 2796 1594 2844 ante

349 2872 447 2930 oculos
470 2869 573 2930 haberi
597 2884 718 2951 asportet.
1376 2884 1380 2891 '

452 2958 629 3017 Persuasum
641 2963 667 3018 ei
681 2972 733 3029 cst,
749 2962 860 3019 nullam
875 2963 1011 3020 socialem
1025 2964 1262 3022 reformationem
1276 2963 1402 3019 feliciter
1417 2974 1594 3019 eventuram

349 3064 422 3112 esse,
446 3046 502 3102 nisi
527 3048 559 3103 in
581 3048 712 3104 mvelata
735 3048 878 3125 religione
901 3051 1019 3115 nitatur,
1044 3070 1119 3127 «qnae
1142 3070 1319 3127 qumquam
1344 3047 1426 3105 nulla
1449 3059 1492 3105 est
1509 3067 1593 3105 oeco-

349 3133 448 3189 nomia
464 3133 631 3203 sationalis,
654 3146 754 3192 tamen
776 3156 914 3194 mensura
929 3150 972 3195 est
993 3139 1087 3195 omnis
1104 3138 1320 3195 refonnaticnis
1337 3134 1454 3193 socialis
1471 3137 1596 3211 eiusque

347 3217 485 3276 utilitatis
508 3228 596 3296 atque
619 3224 854 3297 opportunitatis.

452 3306 605 3382 Inprimis
622 3311 640 3360 a
657 3307 803 3384 capitibus
818 3310 948 3387 loquitur
963 3308 999 3371 de
1017 3308 1209 3387 capitalismo',
1233 3308 1337 3367 dicbus
1354 3310 1437 3366 l'estis
1453 3302 1594 3384 religiose

348 3390 471 3469 agendis
484 3402 513 3450 et
525 3391 621 3450 ordini
645 3394 746 3451 sociali
772 3397 984 3467 inimicissimo,
1001 3407 1029 3453 et
1048 3396 1183 3455 devitiis
1205 3397 1290 3455 huius
1307 3396 1412 3455 aetatis
1437 3396 1598 3476 praecipue¹

285 3521 289 3530 .
347 3478 384 3535 de
413 3480 506 3536 nimia
533 3482 663 3537 omnium
691 3502 786 3539 rerum
814 3482 976 3560 cupiditate
1003 3495 1032 3541 et
1058 3483 1138 3551 luxu,
1167 3483 1271 3562 quihus
1299 3480 1480 3541 solummodo
1507 3480 1592 3538 labor

346 3564 481 3643 precibus
504 3565 704 3625 sanctificatus
724 3579 753 3625 et
769 3569 954 3627 rationabilis
977 3572 1156 3647 parsimonia
1180 3569 1291 3629 mederi
1314 3581 1444 3647 possunt.
1467 3569 1595 3627 Minoris

347 3654 488 3710 momenti
506 3672 608 3711 revera
624 3673 683 3711 non
698 3664 767 3713 siunt
789 3656 920 3733 capitula
942 3660 1104 3735 sequentia
1127 3656 1184 3737 (cp.
1209 3660 1336 3725 9-15.)
1359 3676 1481 3733 qnorum
1505 3674 1593 3731 urgu-

347 3750 478 3796 mentum
491 3747 534 3796 cst
544 3742 664 3798 miseria
675 3744 802 3818 operarii
814 3742 900 3802 huius
913 3747 1062 3823 temporis.
1084 3744 1241 3822 inscriptio
1253 3746 1383 3822 capitum
1395 3762 1454 3801 non
1466 3740 1591 3821 quadrat

347 3844 463 3902 semper
485 3824 522 3882 ad
534 3837 739 3903 argumentum
762 3829 875 3907 (clep,
899 3830 976 3909 (quod
1000 3831 1169 3890 inscribitur
1180 3831 1262 3889 labor
1285 3844 1314 3889 ct
1330 3850 1399 3889 cura
1422 3848 1590 3907 pauperum,

347 3911 396 3967 vel
419 3909 501 3968 labor
522 3920 552 3969 et
575 3914 753 3973 intermissio
775 3914 885 3975 laboris
908 3950 949 3961 —
965 3916 1057 3975 atrike
1077 3914 1139 3999 -)‚
1163 3938 1217 3977 nec
1242 3920 1427 3976 vastissimae
1451 3916 1593 3974 materiae

347 3996 460 4074 aliquot
481 3999 599 4075 paginis
622 4000 772 4059 exhauriri
794 4014 925 4081 possunt
949 4005 1000 4063 sed
1024 4026 1103 4063 mera
1127 4004 1350 4063 adumbratione
1375 4004 1526 4061 instructio
1550 4002 1590 4059 le-

346 4085 487 4160 gentium,
511 4104 586 4162 quae
609 4106 627 4145 a
649 4090 789 4166 scriptore
812 4092 928 4149 intenta
951 4105 1003 4161 est,
1027 4091 1183 4151 obtinetur.

450 4170 545 4229 Plane
568 4174 685 4232 socialis
708 4180 874 4252 argumenti
898 4192 964 4236 sunt
987 4181 1085 4257 capita
1109 4178 1278 4255 (lli—leh
1302 4174 1408 4255 quibus
1431 4176 1468 4235 de
1492 4175 1590 4235 labore

345 4255 504 4315 libercmm
536 4270 566 4317 et
589 4260 764 4319 feminarum
800 4284 834 4321 uc
857 4263 894 4323 de
926 4268 1113 4324 matrimonio
1136 4268 1240 4344 agitur.
1284 4264 1471 4322 Tristissima
1494 4266 1590 4339 imago

347 4341 505 4402 exhibetur
528 4349 597 4403 novi
621 4347 715 4405 cultus
738 4348 869 4423 humani,
893 4352 991 4429 legum
1013 4355 1189 4431 ineptarum,
1213 4352 1338 4410 iniuriae
1362 4350 1594 4428 acerbitatisqne

346 4429 521 4489 liberalismi
544 4441 573 4489 et
596 4434 784 4511 capitalismi.

451 4517 628 4578 Ultimorum
652 4530 788 4598 quattuor
810 4528 939 4603 capitum
962 4536 1167 4603 argumentum
1195 4536 1262 4585 sunt
1285 4526 1473 4603 quaestiones
1496 4528 1589 4604 potim

345 4606 567 4664 oeconomicus:
598 4610 731 4685 quaestio
754 4614 878 4687 agraria,
902 4611 1037 4671 condicio
1060 4615 1258 4691 operariorum
1282 4612 1435 4689 (nonnulla
1459 4614 1589 4681 consilia,

346 4710 422 4767 quae
445 4689 483 4747 ad
506 4702 634 4751 mentem
658 4693 728 4753 dria.
768 4696 933 4756 libenhocb
957 4700 1124 4771 afferuntur,
1152 4702 1203 4758 vix
1228 4698 1265 4757 ad
1290 4701 1382 4757 vitam
1406 4719 1590 4760 communem
