3450 5342
707 492 897 547 -165—

176 698 239 735 non
265 680 361 736 mains
388 681 432 737 eis
459 678 677 737 incommodum
704 688 797 757 parat,
828 700 916 759 quam
941 680 1123 739 femellarum
1148 681 1228 740 color
1250 684 1358 741 varius.
1385 716 1424 727 -

178 765 317 842 Ineptum
339 775 475 825 conatum
499 766 686 825 harmonicas
708 770 837 845 picturas
860 767 1033 825 animalium
1057 766 1190 827 indidem
1213 768 1366 847 repetendi
1392 790 1426 827 ac

178 872 290 911 naevos
320 862 469 911 maternos
497 855 657 913 mittamus.
688 853 747 930 (cf.
776 854 918 924 Altum,
950 854 1012 912 Der
1040 854 1134 931 Vogel
1158 876 1184 913 u.
1207 857 1270 913 sein
1295 852 1425 929 hebent,

177 960 206 1017 p.
232 941 420 1012 rte-2743
443 940 539 997 Natnr
562 960 588 1000 u.
612 940 814 1017 Offenbaruug
837 940 914 1011 vlt,
939 943 1022 1021 383).

284 1050 344 1109 Sed
366 1072 429 1109 rem
451 1051 568 1131 longius
590 1074 808 1131 prosequamur.
831 1054 888 1112 Est
910 1052 1055 1133 quaedam
1079 1054 1237 1113 formarum
1261 1054 1424 1114 similitudo

176 1138 316 1197 omnibus
338 1139 499 1217 explorata.
522 1160 581 1219 qua
597 1140 636 1209 fit,
660 1150 691 1199 ut
707 1162 735 1197 v.
751 1162 778 1217 g.
795 1140 993 1219 Lepidoptera
1009 1160 1045 1199 ex
1062 1140 1166 1199 habitu
1185 1142 1284 1199 statim
1304 1162 1425 1219 cognos-

175 1235 291 1287 cantur.
314 1238 343 1283 et
361 1246 399 1283 ex
415 1225 518 1285 eodem
541 1226 742 1305 papilionidae
758 1248 776 1285 a
790 1226 959 1305 sphingidis
982 1236 1036 1285 etc.
1060 1229 1305 1289 internoscantur.
1331 1229 1424 1287 lrnmo

176 1313 362 1388 singulorum
384 1334 525 1390 generum
548 1316 661 1392 species
677 1334 765 1392 saepe
783 1334 903 1372 numero
920 1313 957 1372 ad
975 1334 1062 1373 unam
1080 1335 1181 1373 omnes
1198 1314 1271 1373 adeo
1288 1316 1425 1375 similiter

177 1398 329 1459 coloratae
351 1411 427 1465 sunt,
457 1410 497 1470 nt,
527 1403 552 1459 si
575 1411 668 1459 totum
692 1413 815 1479 spectes,
846 1400 925 1459 idem
948 1402 1027 1460 color
1050 1400 1289 1473 fundamentalis,
1320 1402 1424 1461 eudem

178 1488 295 1565 pictura
317 1489 348 1544 in
372 1485 506 1546 omnibus
530 1486 683 1565 speciebus
706 1486 875 1546 modificata
898 1487 1017 1567 quidem
1033 1486 1122 1566 idque
1146 1492 1365 1567 circumscripte
1391 1510 1426 1547 ac

176 1573 310 1637 definite.
333 1584 486 1634 cernatur:
510 1575 558 1633 vel
580 1573 630 1633 ubi
655 1596 713 1633 non
736 1575 833 1633 colore
855 1574 968 1646 codem,
992 1586 1090 1633 tamen
1112 1575 1216 1634 eadem
1240 1576 1334 1634 forma
1357 1584 1425 1635 sunt

178 1661 351 1737 insignitae.

285 1765 348 1822 Iam
379 1775 463 1822 tanta
494 1776 627 1824 notarum
660 1764 823 1824 similitudo
853 1774 931 1823 certe
960 1786 1019 1824 non
1042 1786 1159 1843 semper
1179 1787 1217 1823 ex
1241 1764 1352 1824 eisdem
1377 1766 1424 1824 vel

176 1850 327 1909 similibus
349 1853 429 1909 ritae
451 1851 681 1918 condicionibus,
711 1872 765 1910 nec
788 1873 826 1909 ex
849 1852 1014 1911 hereditate
1042 1852 1185 1930 explicari
1215 1864 1318 1931 potest.
1351 1857 1426 1911 Sunt

178 1936 381 2015 Lepidoptera
404 1938 539 2014 (Seciae),
563 1960 638 2017 quae
653 1938 818 2008 crabrones,
842 1940 1052 1999 ichneumones
1069 1939 1187 2018 aliaque
1203 1936 1426 2019 Hymenoptera

177 2024 338 2097 simulant3
361 2028 392 2083 in
413 2026 597 2104 Hemipteris
619 2026 731 2085 formae
753 2026 961 2104 Lepidopteris
985 2026 1097 2085 similes
1120 2028 1319 2095 inveniuntur,
1343 2026 1425 2085 velut

178 2112 268 2179 Akis,
298 2112 563 2193 llrepanoptery13
594 2112 834 2191 Hemipterorum
864 2112 988 2172 formam
1014 2114 1189 2192 Ooleoptera
1211 2112 1355 2192 quaedam
1379 2115 1425 2172 in-

178 2197 291 2269 duunt3
322 2198 423 2257 larvae
451 2199 678 2258 tenthredonum
702 2202 830 2278 speciem
853 2220 923 2279 prae
947 2222 978 2259 se
1001 2200 1099 2259 ferunt
1122 2220 1290 2273 erucarnmq
1321 2220 1425 2259 erucae

179 2285 365 2363 (Deilephila
389 2282 506 2366 nicaea)
533 2289 730 2365 serpentinm3
759 2289 848 2345 etiam
872 2298 950 2345 totae
974 2288 1083 2346 classes
1106 2288 1258 2365 analogias
1281 2286 1425 2366 quasdam

178 2372 335 2430 exhibent.

285 2476 506 2535 Dividebantur
527 2479 597 2536 olim
621 2478 755 2537 volatilia
777 2482 808 2537 in
832 2481 945 2538 maiora
967 2490 996 2538 et
1020 2482 1141 2550 minora,
1166 2500 1236 2539 aves
1254 2488 1282 2538 et
1302 2482 1426 2553 insecta3

180 2567 259 2622 inter
281 2585 356 2643 quae
380 2585 451 2623 sane
474 2565 673 2645 Lepidoptera
695 2564 890 2624 similitudine
906 2586 971 2625 cum
988 2567 1047 2625 illis
1064 2568 1212 2641 eminent3
1236 2566 1427 2646 Pterophori-

179 2650 285 2709 darum
308 2652 373 2709 alae
396 2672 434 2709 ex
457 2655 571 2730 pennis,
599 2652 741 2711 rbaohide
765 2674 830 2711 cnm
858 2654 971 2712 vexillo
999 2652 1138 2711 videntur
1164 2664 1307 2712 constare.
1338 2653 1425 2712 L'tro-

179 2758 304 2816 rumque
325 2738 490 2797 volatilium
513 2760 623 2815 genera
641 2760 757 2819 quoque
773 2740 913 2799 inferiora
929 2750 1028 2799 mutuo
1044 2743 1088 2799 sni
1105 2740 1229 2798 aderunt
1245 2742 1426 2799 memoriam.

180 2824 365 2903 Splringidas
387 2846 453 2883 cunr
475 2825 654 2898 Falconidis‚
679 2847 744 2885 curn
769 2826 908 2901 §trigidis
931 2826 1094 2885 Noctnidas
1114 2827 1247 2885 conferre
1262 2827 1339 2885 licet.
1362 2828 1426 2885 Nec

180 2911 384 2969 Mammalinm
416 2933 482 2970 cum
512 2913 695 2991 Coleoptcris
725 2916 905 2993 comparatio
934 2915 1021 2991 longe
1045 2918 1170 2992 repetita
1193 2923 1243 2973 aut
1266 2915 1427 2973 artificiosa

180 2996 355 3057 arbitranda
377 3010 429 3057 est.
461 3000 529 3077 lpsa
558 3000 672 3059 Lucani
703 3003 793 3073 cervi,
823 3000 1022 3080 Rhynchitae,
1054 3001 1262 3080 Otiorhynchi,
1294 3000 1425 3081 Oryctae

180 3088 345 3152 nasicornis
369 3088 490 3144 nomina
511 3107 577 3144 omn
601 3088 707 3165 amplis
731 3088 934 3147 blammalium
958 3088 1089 3158 laminis,
1112 3088 1181 3145 lieet
1205 3108 1242 3145 ex
1265 3102 1347 3165 parte
1371 3108 1425 3145 ex-

179 3175 308 3240 stinctis,
331 3172 564 3243 similitudinem,
588 3188 817 3253 propterquam
840 3176 883 3233 eis
906 3173 1002 3232 indita
1026 3184 1101 3246 sunt,
1126 3173 1269 3232 indicent.

286 3284 344 3343 sed
368 3287 458 3343 etiam
480 3287 560 3344 intra
582 3286 701 3345 eosdem
723 3286 841 3345 ordines
864 3286 976 3345 formae
1005 3306 1146 3363 generum
1174 3285 1346 3343 inferiorum
1375 3305 1426 3343 seu

180 3371 311 3430 tribuum
333 3381 433 3430 mutuo
456 3373 626 3432 transiliunt
639 3374 723 3432 lines.
747 3374 876 3432 Habitus
892 3372 1147 3451 Papilionidarum
1163 3374 1252 3430 etiam
1269 3374 1300 3429 in
1318 3371 1427 3449 Sphin-

179 3458 270 3537 gidis,
294 3458 493 3539 Bombycidis‚
517 3460 673 3519 Noctuidis
695 3462 854 3531 invenitur,
887 3460 1004 3519 habitus
1029 3459 1261 3539 Sphingidarum
1284 3460 1316 3516 in
1340 3460 1427 3516 Born-

179 3544 308 3626 bycidis‚
337 3545 544 3625 Papilionidis,
574 3546 729 3606 Noctuidis
751 3547 900 3606 interdum
923 3551 1048 3607 occurrit
1071 3556 1126 3605 etc.
1150 3544 1428 3625 Microlepidoptera

180 3632 243 3691 fere
266 3653 369 3691 omnes
391 3635 564 3712 praecipuos
583 3634 914 3713 Macrolepidpterorum
931 3648 1018 3713 typos
1034 3635 1183 3693 simulant.
1207 3636 1301 3713 Saepe
1317 3634 1428 3693 tenuia·

180 3722 258 3779 sima
280 3740 396 3798 quoque
419 3742 453 3779 ac
476 3722 675 3779 minutissima
697 3724 729 3779 in
752 3724 843 3779 variis
868 3722 989 3779 familiis
1013 3729 1192 3800 repetuntur.
1215 3720 1252 3778 In
1271 3719 1428 3797 Papilione

180 3806 348 3865 Machaone
377 3805 522 3885 quaedam
550 3828 588 3865 ex
616 3810 704 3867 costis
731 3829 783 3867 sen
811 3809 911 3866 nervis
939 3809 1052 3867 alarum
1082 3810 1260 3887 poeticarum
1290 3806 1428 3883 elongata

180 3906 234 3965 est,
266 3893 345 3971 quod
367 3893 406 3951 ad
428 3896 546 3971 generis
573 3894 668 3964 huius,
699 3916 718 3952 a
739 3896 838 3953 Linne
864 3896 1007 3973 Equitum
1035 3898 1155 3954 nomine
1183 3892 1292 3961 donati,
1323 3904 1428 3973 typum

180 3982 318 4059 pertinet.
352 3980 467 4040 Eadem
490 4002 536 4039 res
559 3984 591 4039 in
619 3982 685 4040 aliis
715 3981 914 4059 Papilionidis
945 3992 974 4040 et
1003 3984 1035 4041 in
1067 3979 1260 4061 Bombycidis
1290 3988 1320 4039 et
1350 3979 1429 4039 Geo-

180 4066 316 4126 metridis
347 4079 376 4125 et
405 4067 560 4126 Noctuidis
591 4071 778 4147 conspicitur.
810 4067 961 4141 Similiter,
993 4078 1024 4127 ut
1056 4070 1155 4127 avium
1186 4067 1355 4145 exemplum
1386 4067 1429 4123 al·

181 4154 320 4226 ieramus,
347 4154 460 4231 Lanius
482 4154 636 4214 excubitor
658 4155 727 4213 alba
750 4158 899 4233 nigrarum
924 4176 1087 4234 pennarum
1111 4150 1282 4235 (remigum)
1305 4155 1428 4233 pictura,

181 4251 269 4299 acute
291 4240 433 4300 distincta
455 4252 575 4300 ornatus
597 4256 658 4315 est3
690 4244 741 4321 qui
772 4252 890 4301 ornatus
921 4243 1045 4301 aliarum
1076 4262 1191 4320 quoque
1221 4242 1284 4299 eius
1311 4242 1429 4317 generis

180 4329 345 4407 specierum
369 4331 531 4387 communis
555 4339 607 4390 est.
638 4328 775 4387 Eundem
807 4350 877 4388 vero
907 4328 1080 4388 distinctum
1107 4330 1137 4387 in
1167 4325 1304 4386 Lestride
1336 4337 1430 4385 catar-

180 4415 285 4473 rhacte
307 4425 337 4473 et
359 4417 526 4493 parasitico,
557 4418 587 4473 in
610 4417 703 4494 Pipra
729 4418 872 4487 aurantia,
904 4416 1076 4496 Xipbolena
1106 4413 1288 4494 pompadura
1311 4424 1340 4471 ct
1364 4434 1431 4491 pur-

182 4522 283 4580 purea,
306 4501 461 4561 Dacuobio
484 4502 660 4573 brasiliensi‚
684 4503 791 4583 Betylo
815 4505 920 4582 picato,
944 4501 1127 4561 Dendrocita
1149 4501 1292 4569 chinensi‚
1316 4500 1429 4577 Lalage

182 4589 329 4660 orientali,
344 4589 468 4648 Pastore
484 4589 619 4649 abinensi
637 4592 762 4668 aliisque
778 4590 878 4649 multis
894 4592 1023 4648 inveniri
1037 4610 1134 4648 nonne
1148 4588 1283 4647 miraris?
1307 4588 1430 4645 Pennas

183 4676 342 4748 falconum,
365 4686 504 4748 asturum,
527 4676 733 4754 Strigidarnm‚
756 4676 881 4735 aliomm
905 4686 1093 4755 raptatorum,
1116 4674 1295 4744 Picidarum
1318 4674 1430 4753 Jyngi-

181 4761 295 4833 darum,
330 4761 549 4834 Cuculidarum,
583 4764 776 4842 complurium
806 4766 1005 4842 psittacorum,
1038 4763 1244 4821 nonnullarum
1276 4759 1431 4819 Alcodini-
