3450 5342
743 493 912 548 -33-

194 675 296 736 cende
318 687 410 750 erant,
434 679 485 738 alii
509 681 613 738 saltem
641 681 823 740 nominandi.
860 683 993 741 scientia
1022 681 1375 742 ecclesiastico-historica
1404 697 1462 740 ca-·

194 763 313 822 thelica
340 768 460 824 omnino
487 767 548 825 fere
580 768 717 846 neglecta
745 780 798 827 est.
828 769 875 826 De
898 767 1015 837 llofele,
1038 768 1262 844 Hergenrtlther
1283 765 1370 848 (quos
1392 769 1452 827 Le·
1517 804 1519 807 -

192 849 298 908 heder
330 853 361 910 in
388 852 525 930 operibus
560 856 619 914 suis
649 875 737 934 saepe
766 855 868 914 laudat
891 855 1055 934 quibusque
1077 854 1203 913 multum
1226 854 1338 936 utitur),
1361 855 1451 913 anlc

193 938 327 1016 aliisque
361 940 510 1000 nonnullis
540 950 617 1000 certe
651 941 781 1001 breviter
810 943 915 1001 saltem
938 942 994 1000 hoe
1017 944 1048 1000 in
1070 941 1146 1000 libro
1168 940 1355 1000 tractandum
1378 951 1451 1004 erat.

193 1025 403 1084 Nihilominus
433 1027 574 1086 Lebcdev
603 1039 758 1108 propterea
792 1029 829 1087 de
860 1032 988 1108 partiam
1023 1027 1119 1088 studio
1142 1049 1202 1087 non
1225 1039 1269 1086 est
1291 1027 1381 1086 valde
1404 1050 1450 1087 ar·

194 1111 343 1188 gnendns,
378 1113 454 1192 equod
489 1117 521 1173 in
551 1136 639 1193 opere
662 1117 810 1194 praesenti
834 1117 1063 1194 monographias
1084 1136 1137 1194 per
1159 1117 1258 1174 varias
1281 1117 1450 1174 occasiones

193 1201 381 1278 conscriptas
404 1210 518 1260 tantum
542 1203 669 1276 collegit,
693 1223 747 1261 nec.
768 1223 830 1261 rem
853 1205 1042 1283 systematicc
1065 1212 1180 1274 tractat,
1202 1211 1305 1260 contra
1327 1204 1359 1260 in
1381 1201 1449 1262 aliis

195 1285 338 1364 operibus
368 1291 496 1364 practice
525 1289 707 1348 demonstrat
737 1311 767 1348 se
798 1292 889 1348 ctiam
923 1299 1057 1349 auctores
1094 1289 1254 1348 catholicos
1286 1309 1324 1348 ex
1354 1309 1450 1367 aequo

193 1365 365 1442 aestimare,
399 1375 488 1434 immo
523 1396 553 1432 se
587 1386 720 1454 paratum
745 1397 816 1438 esse.
840 1376 890 1434 ubi
914 1379 1110 1436 necessarium
1134 1378 1181 1445 sit,
1201 1397 1253 1434 eos
1275 1375 1314 1435 ab
1336 1379 1449 1454 impetu

193 1459 360 1518 Russorum
384 1460 551 1519 detondere.
1041 1459 1103 1526 Dr.
1129 1458 1166 1524 F.
1188 1458 1232 1525 X.
1261 1457 1402 1526 Grivfltt.

300 1629 343 1694 A.
367 1629 404 1696 Ρ,
429 1629 604 1704 Lebedeo.
647 1635 804 1718 Messapis
828 1639 1153 1718 spero-nocnernoll
1175 1635 1326 1718 llcpamr
1347 1652 1445 1710 nonu

191 1719 352 1782 maerin
368 1718 544 1803 'saporat
560 1719 724 1798 tttistorta
740 1720 910 1790 ecclesiae
926 1720 1242 1807 graeco-ortaotatts
1259 1720 1290 1787 tn
1307 1720 1445 1804 lupario

190 1801 390 1886 lurcorum,
413 1821 503 1872 8800·
528 1805 729 1890 Χν.---ΧΙΧ.).
775 1810 939 1886 l’eterlrurg
964 1813 1055 1868 tarn.
1089 1811 1144 1887 l'g.
1167 1813 1242 1881 8563
1265 1809 1327 1868 rul).
1350 1813 1379 1866 l.
1403 1845 1443 1852 —

302 1891 336 1954 ln
359 1894 575 1954 introductione
599 1909 699 1956 auctor
722 1899 850 1972 ingenue
882 1908 911 1955 et
941 1896 1071 1975 perbelle
1093 1899 1217 1975 exponit
1246 1895 1283 1954 de
1307 1895 1437 1955 tontibus

193 1978 339 2038 historiae
370 1982 512 2040 eeclesiae
543 2005 666 2060 graecae
698 1993 726 2042 et
754 1983 790 2042 dc
821 1985 991 2043 charactere
1023 1985 1109 2042 huius
1136 1982 1259 2062 periodi.
1306 1983 1443 2041 Ecclesia

192 2087 305 2142 graeca
328 2069 386 2126 iam
410 2067 460 2127 diu
484 2083 552 2128 ante
576 2071 676 2130 urbem
691 2072 978 2150 Constantinopolim
995 2081 1113 2150 captam
1123 2089 1305 2130 marcescere
1322 2072 1439 2148 coepit3

193 2151 377 2212 Graecorum
410 2177 512 2232 mores,
541 2159 702 2236 ingenium,
733 2161 810 2216 vires
841 2161 900 2216 iam
928 2179 1002 2216 suec.
1028 2157 1187 2215 lx—XV.
1215 2157 1315 2236 lapsae
1346 2165 1439 2228 crant,

195 2240 391 2300 nihilominus
408 2253 545 2318 augustas
562 2245 714 2322 religiosas
731 2255 760 2301 et.
779 2246 995 2304 ecclesiasticas
1011 2246 1139 2302 rationes
1155 2246 1260 2302 aetatis
1273 2255 1342 2302 ante
1358 2252 1443 2303 actae

190 2343 340 2384 noverant
353 2331 506 2388 etiamtum
519 2335 677 2410 aragnique
690 2332 895 2395 aestimabant,
907 2334 961 2390 etsi
976 2332 1135 2390 theoretice
1148 2343 1262 2388 tantum
1277 2330 1440 2406 (le-19).

192 2412 258 2470 sab
283 2415 350 2490 ingo
374 2437 443 2473 vero
466 2418 626 2479 'l'urcorurn
651 2419 777 2478 ccclesia
800 2439 907 2494 graeca
929 2422 959 2476 in
983 2421 1181 2476 tristissimam
1210 2417 1315 2475 incidit
1337 2415 1441 2475 condi-

190 2501 334 2574 cionem3
358 2503 484 2562 ecclesia
508 2507 585 2562 l'actn
609 2515 651 2563 est
675 2506 792 2572 sterilis,
816 2509 912 2564 omnis
936 2509 998 2563 rita
1021 2505 1159 2580 religiosa
1183 2506 1295 2562 interiit
1318 2504 1439 2581 solaque

190 2587 290 2645 forma
313 2587 465 2666 religionis
489 2591 668 2650 christianae
701 2595 880 2672 permansit:
911 2595 935 2650 si
967 2591 1038 2670 (prid
1069 2592 1262 2651 christianum
1293 2600 1353 2649 tum
1376 2592 1441 2648 oxi-

189 2673 300 2742 stcbat,
331 2675 385 2734 hoo
409 2680 503 2752 magis
526 2679 685 2738 'l'ureornm
710 2682 814 2738 merito
847 2700 935 2758 quarn
958 2681 1138 2736 Graecorum
1166 2689 1371 2736 conservatum
1395 2685 1440 2736 est

190 2759 359 2838 (ml—25).
383 2763 585 2823 Nihilominus
609 2767 729 2824 historia
753 2767 897 2825 ecclesiae
920 2785 1044 2844 grrrecae
1067 2768 1155 2822 etiam
1179 2775 1240 2822 tum
1254 2763 1441 2842 lralrct,quae

192 2845 232 2904 ad
258 2851 372 2908 animos
397 2861 510 2910 nostros
533 2853 706 2911 alliciendos
730 2865 798 2932 repta
822 2871 898 2912 sunt.
922 2857 1032 2912 Sensus
1055 2853 1209 2928 religiosus
1225 2851 1324 2928 populi
1340 2853 1439 2926 graeei

190 2954 226 2990 co
258 2947 390 3013 tempore
415 2959 472 2996 uon
504 2955 547 2996 est
573 2942 744 3003 exstinctus,
773 2961 826 2998 nec
864 2941 1049 3018 patriarchae
1079 2948 1208 3017 potestas
1240 2940 1359 3008 interiit,
1386 2937 1439 2996 sed

195 3023 295 3098 potins
317 3025 421 3082 mirum
447 3025 476 3082 in
501 3025 618 3084 modum
643 3029 744 3091 erevit,
772 3029 813 3084 ita
843 3039 874 3084 nt
899 3027 1065 3104 patriarcha
1088 3025 1143 3083 liae
1167 3023 1286 3102 periodo
1309 3045 1441 3084 summas

193 3109 329 3184 pontifex
354 3123 382 3167 et
407 3113 564 3188 imperator
586 3114 684 3192 populi
709 3117 807 3188 graeci
830 3116 957 3172 evaserit
981 3111 1135 3193 (ae-31)

300 3196 481 3276 Conspectus
512 3199 634 3258 fontium
660 3200 798 3260 historiae
822 3201 891 3258 ecel.
921 3221 1045 3272 graecae
1074 3210 1137 3276 post
1166 3197 1267 3256 urbem
1292 3199 1440 3256 Constan-

198 3281 354 3360 tinopolim
387 3295 511 3362 cnptnnr.
543 3307 627 3365 qnem
660 3297 760 3345 auctor
788 3287 878 3344 tradit
908 3289 1069 3351 rac-rna
1099 3287 1200 3362 magni
1223 3287 1319 3362 pretii,
1349 3284 1438 3342 valde

196 3380 349 3428 accuratas
373 3383 401 3428 ct
433 3391 484 3430 suo
507 3395 615 3450 genere
639 3386 717 3432 certo
741 3374 899 3451 singularis
922 3384 975 3434 est.
1003 3375 1084 3448 Quia
1116 3373 1240 3429 ecelesia
1270 3390 1376 3448 graeca
1405 3373 1438 3429 in

193 3456 371 3515 tristissimis
395 3457 613 3520 conditionibus
636 3460 816 3523 versabatur.
840 3463 930 3518 ctiam
954 3462 1049 3519 l'ontes
1072 3461 1171 3537 graeei
1194 3458 1326 3515 historici
1350 3460 1436 3534 penei

194 3551 223 3598 et
253 3563 363 3619 parrae
398 3545 534 3602 utilitatis
566 3560 652 3606 sunt:
678 3551 830 3622 ingruere
856 3549 987 3626 plerique
1018 3547 1115 3605 fontes
1145 3544 1229 3603 inlidi
1260 3554 1336 3614 nrm,
1366 3563 1433 3602 cum

190 3627 337 3688 erroribus
372 3645 505 3690 scateant
544 3655 740 3712 niagnamqnc
771 3650 921 3694 tinctorum
946 3636 1142 3712 ignorantium
1172 3630 1329 3690 ostendant
1360 3630 1435 3709 (33).

190 3712 378 3794 Quapropter
401 3721 449 3795 qui
474 3719 505 3778 in
523 3719 676 3779 historiam
701 3723 769 3778 eccl.
781 3743 905 3796 graecae
931 3721 1010 3780 illius
1025 3719 1137 3799 periodi
1152 3720 1282 3796 inquirit,
1303 3717 1434 3776 laborem

193 3819 250 3858 non
274 3801 392 3862 facilem
417 3805 595 3882 aggreditur.
619 3807 757 3866 lielreder
782 3811 839 3866 iarn
864 3811 894 3866 in
919 3807 1135 3867 introductione
1158 3805 1317 3885 permultos
1337 3805 1434 3863 tontes

193 3887 289 3964 quoad
319 3890 448 3950 valorem
482 3893 651 3952 historicum
685 3905 786 3956 taxat:
818 3897 907 3954 etiam
936 3895 1060 3973 inferius
1091 3895 1176 3952 initio
1206 3893 1435 3969 uniuscuiusque

193 3973 253 4032 fere
288 3977 408 4055 capituli
451 3993 623 4057 conspectus
654 3982 777 4040 l'ontinm
810 3982 980 4059 specialium
1009 3981 1135 4038 traditur
1163 3999 1320 4056 corumque
1351 3978 1438 4036 valor

192 4058 346 4122 historicus
369 4067 534 4143 exponitur.

293 4149 394 4208 hledie
418 4171 492 4210 saec.
518 4145 593 4212 lll'.¹
608 4175 776 4231 graecorum
803 4157 985 4212 conscientia
999 4153 1160 4212 sationalis
1176 4152 1249 4210 adeo
1261 4151 1433 4209 confirmata

195 4232 256 4300 luit,
287 4247 318 4294 ot
340 4238 389 4296 rel
413 4238 479 4298 idco
507 4240 545 4298 ad
568 4244 745 4319 apostasiam
776 4263 791 4300 a
820 4241 878 4298 tide
907 4241 1068 4299 christiana
1097 4252 1126 4298 ct
1149 4242 1206 4297 ritu
1237 4259 1289 4296 suo
1312 4237 1433 4316 perduoi

195 4339 251 4378 non
285 4335 414 4400 possent.
448 4327 562 4384 ¹ldeirco
593 4328 690 4390 'l'urei
729 4331 777 4406 qui
814 4328 887 4386 hace
918 4327 993 4386 bene
1026 4335 1247 4406 perspexerunt,
1288 4324 1432 4382 ecclesiae

195 4425 315 4482 graecae
338 4413 518 4472 inimiciorcs
542 4435 605 4472 esse
630 4435 687 4472 non
712 4429 845 4492 putreant
870 4414 921 4472 sed
952 4414 1111 4492 prudenter
1140 4416 1167 4470 ei
1191 4410 1332 4470 favebant
1356 4407 1434 4490 (99).

189 4491 322 4556 Ecclesia
346 4517 450 4574 graeca
475 4519 582 4577 magna
605 4501 751 4578 gaudelnn
776 4501 920 4560 libertate.
944 4501 1122 4559 llierarclria
1144 4500 1288 4558 ecclcsiae
1309 4517 1434 4574 graecae

191 4584 304 4657 magnis
336 4585 486 4644 linclratnr
521 4587 631 4646 imitans
658 4609 692 4646 ao
715 4588 875 4646 beneficiis.
905 4590 1040 4646 Potestas
1071 4586 1257 4666 patriarchae
1286 4587 1317 4642 in
1347 4582 1436 4642 rebus

196 4666 338 4745 religiosis
363 4672 512 4732 illinritata
535 4689 596 4732 erat
620 4689 648 4733 ct
673 4696 759 4755 super
781 4677 921 4754 populum
944 4686 971 4732 et
996 4696 1082 4752 super
1104 4674 1222 4735 elerum,
1246 4673 1334 4728 etiam
1348 4689 1437 4748 snper

195 4755 351 4836 episcopos,
376 4762 464 4818 immo
488 4763 655 4839 patriarcha
680 4773 823 4840 potestate
850 4763 991 4820 saeculari
1015 4764 1046 4818 in
1066 4760 1168 4818 lidcles
1180 4757 1338 4816 (orientales
1350 4775 1436 4834 prae·

231 4885 288 4931 sno.
302 4889 343 4932 nn.
356 4890 426 4936 tneor.
1257 4873 1274 4926 3
