3450 5342
746 368 939 423 -2s5-

220 555 349 611 citantur
372 573 389 610 a
414 552 569 616 Patribus:
603 574 698 632 neque
721 576 790 629 ergo
814 554 899 613 nuliis
922 556 977 613 hoe
1000 569 1094 618 uocet,
1128 556 1198 634 quia
1222 557 1346 633 primum
1370 566 1399 612 et
1422 576 1467 612 se-

220 638 349 697 cuudum
372 659 389 697 a
413 660 526 697 catione
549 656 698 699 arcemus·
718 637 768 717 ⁶⁷).

324 726 370 783 llo
396 725 470 783 libro
493 727 621 786 Baruch:
653 728 710 797 ,Fr
735 748 786 785 nos
810 727 935 786 fatemur
958 732 1107 805 rrgreginm
1132 732 1271 806 scriptum
1295 748 1367 797 esse,
1391 730 1470 787 inter

220 814 364 871 canonica
387 822 488 871 tautcu
511 834 618 891 ponere
642 836 700 872 uon
724 814 882 873 audemus*
901 810 953 891 ⁶⁸).

325 900 422 957 simili
446 900 532 959 modo
555 900 684 979 loquitur
718 900 796 959 idem
819 915 920 959 auctor
950 900 1131 959 orthodoxus
1154 905 1244 959 etiam
1274 900 1311 959 de
1335 898 1467 977 partibus

220 984 492 1044 deuterocanouieis
530 986 668 1047 librorum
706 990 995 1065 protocanonicorum
1034 992 1130 1067 prouti
1166 989 1282 1058 Esther,
1320 986 1466 1048 Danielis.

220 1071 295 1130 Inde
318 1076 398 1150 pa'tet
422 1076 504 1131 iuxta
526 1074 740 1152 'llieophauem
764 1074 949 1152 Prokopovit'·
973 1075 1063 1133 libros
1082 1076 1116 1134 l'.
1138 1076 1174 1137 Τ.
1202 1073 1379 1133 dividendos
1401 1094 1467 1132 esse

222 1162 253 1217 ln
281 1162 439 1217 canonicos
473 1170 503 1217 et
525 1162 728 1240 apocryphos:
763 1164 920 1220 canonicos
950 1165 1101 1220 continere
1137 1164 1166 1220 iu
1190 1184 1221 1220 se
1247 1160 1375 1219 l'erbum
1398 1162 1467 1230 Dei,

221 1246 405 1325 apocryphos
428 1268 492 1304 esse
525 1251 633 1326 scripta
657 1269 734 1305 mere
760 1248 896 1317 humana,
930 1250 1015 1307 utilia
1038 1249 1156 1327 quidem
1191 1247 1410 1325 adlegandum
1434 1249 1466 1305 in

220 1332 346 1391 ecelesia
370 1354 403 1391 uc
427 1332 512 1391 laude
536 1334 719 1411 dignissima,
743 1338 864 1393 minime
887 1348 986 1393 tamen
1009 1334 1153 1394 divinitus
1176 1330 1385 1414 inspiratott).

324 1418 382 1477 b'cd
418 1442 454 1477 uc
478 1420 649 1479 hierarchae
687 1421 804 1499 quidem
829 1422 987 1481 servabant
1022 1421 1241 1480 distinctionem
1265 1421 1406 1479 librorum
1431 1419 1466 1479 Υ.

218 1506 263 1577 T,
298 1528 384 1584 quain
409 1507 593 1585 I'rolropovir'·
628 1512 657 1566 iu
682 1509 934 1568 I'racleetionibus
965 1508 1108 1567 tuebatur.
1153 1505 1322 1585 ttutlenw)
1346 1507 1467 1566 adducit

219 1592 326 1651 librum
349 1616 365 1651 c
392 1594 512 1653 llnssieo
536 1597 566 1653 in
586 1597 745 1671 Anglieuru
772 1618 887 1654 versum
911 1596 964 1653 suh
988 1595 1073 1653 titulo
1102 1596 1183 1664 ,The
1207 1596 1340 1654 doctrine
1362 1596 1396 1653 of
1414 1593 1466 1652 the

218 1680 347 1738 llussiau
372 1680 498 1751 (lliurch,
521 1680 562 1760 by
586 1682 635 1739 the
660 1682 731 1743 lter.
756 1684 789 1740 Il.
807 1684 854 1741 ll'.
879 1683 1126 1746 Blaekmore,
1151 1684 1183 1740 B.
1203 1686 1248 1750 A,
1271 1682 1411 1759 formerly
1435 1691 1466 1739 at

219 1768 336 1823 Mertou
360 1768 489 1843 Collega,
525 1767 649 1832 tlsfortl,
684 1770 831 1847 (shuplaiu
855 1786 886 1827 to
908 1770 958 1827 the
983 1771 1110 1827 llussian
1133 1772 1289 1849 t'otnpany
1319 1782 1348 1826 at
1372 1771 1466 1825 Ureu·

220 1852 307 1911 stadt.
331 1852 489 1911 Aberdccn
516 1858 628 1915 lsta‘.
656 1857 689 1914 In
714 1877 770 1933 quo
793 1856 868 1913 libro
892 1855 936 1913 ab
959 1857 1268 1934 archiepiscopo
1291 1856 1465 1930 (taorgio

219 1940 415 2016 Konickij
443 1941 559 2002 ittam,
584 1942 749 2000 membro
774 1946 802 2000 S.
826 1942 981 2021 synodi,
1005 1958 1050 2000 est
1069 1946 1235 2021 conscripta
1257 1942 1466 2000 commentatio

222 2026 278 2101 ,dc
295 2026 400 2085 ofliciis
418 2028 641 2105 parochorum,
658 2028 707 2087 ubi
724 2030 760 2087 ad
784 2028 1095 2088 confirmandam
1124 2029 1346 2088 doctrinam
1369 2038 1465 2106 proto·

219 2123 248 2171 et
272 2112 527 2173 dentcrocanonici
552 2115 621 2173 libri
637 2116 815 2175 udhilieutur
838 2117 901 2175 loco
917 2116 1019 2175 codem
1043 2128 1131 2195 atque
1148 2117 1224 2175 aliae
1248 2127 1345 2195 partes
1357 2118 1466 2172 Sacrae

218 2203 395 2278 Scriptnrae,
427 2204 490 2259 sinc
513 2202 684 2261 discrimine
708 2206 908 2266 auctoritatis:
943 2225 978 2261 ex
1004 2203 1275 2262 deuterocanonicis
1297 2203 1466 2279 allegantur

217 2288 445 2347 Ecclesiasticus
472 2293 497 2357 1,
522 2293 574 2349 ⁸23:
600 2294 627 2359 2,
653 2294 689 2349 11
715 2294 746 2349 in
770 2312 832 2369 cap.
857 2290 1011 2347 XXXIII.
1036 2291 1075 2368 ip.
1100 2294 1183 2370 220),
1206 2290 1317 2347 'I'obias
1340 2293 1368 2358 8,
1390 2292 1406 2345 i
1432 2290 1466 2346 in

217 2394 241 2432 c.
266 2374 387 2437 XXIX.
412 2374 450 2453 tsp.
474 2379 558 2445 2351„
585 2378 807 2436 Ecclesiasticus
832 2381 881 2447 25,
904 2381 939 2434 17
965 2380 996 2434 in
1019 2398 1034 2435 c
1064 2378 1151 2436 XIII.
1176 2378 1216 2455 (p.
1240 2379 1324 2452 209),
1348 2374 1465 2433 Baruch

217 2464 244 2529 3,
269 2464 297 2517 l.
322 2464 340 2517 a
364 2463 394 2519 in
418 2483 442 2519 c.
467 2463 551 2521 Xl'I.
575 2460 661 2543 (part.
687 2463 733 2528 ll..
758 2486 784 2543 p.
809 2467 893 2542 281),
919 2466 957 2525 II.
982 2465 1073 2521 llaec.
1101 2468 1147 2529 12,
1171 2466 1309 2523 41—46.

319 2548 465 2626 'l'emporc
503 2550 678 2626 procedente
724 2568 820 2610 autern
856 2552 1020 2629 praevaluit
1059 2553 1207 2609 sententia
1244 2550 1464 2628 protestantica.

214 2634 400 2693 Professores
436 2637 466 2693 iu
490 2635 649 2695 academiis
674 2638 763 2695 libros
786 2642 1012 2715 protestanticos
1046 2638 1232 2695 consulentes
1255 2635 1464 2695 imbuebantur

215 2742 315 2779 eorum
340 2721 473 2780 doctrina
496 2722 532 2780 de
556 2745 677 2790 catione,
712 2746 798 2801 quttm
823 2738 851 2781 et
875 2746 913 2782 ex
936 2724 1085 2782 cathedris
1113 2737 1140 2781 et
1163 2726 1196 2782 iu
1219 2716 1335 2802 scriptis
1359 2742 1465 2800 propu-

216 2807 338 2885 gabant.
1473 2872 1477 2879 ,

322 2894 434 2953 Eadem
459 2908 546 2975 atque
569 2897 755 2975 Prokoporid
778 2918 853 2955 saec.
877 2898 995 2959 Xl'lll.
1018 2900 1108 2955 etiarn
1135 2894 1368 2955 archimandrita
1390 2894 1466 2953 sil-

217 2994 352 3039 vester
383 2982 488 3046 docuit,
523 2986 574 3063 qui
601 2996 631 3043 ut
659 2984 725 3042 libri
753 2984 786 3041 l'.
809 2985 844 3046 Τ,
868 2996 953 3041 extra
983 3005 1126 3043 canonem
1150 2985 1237 3061 positi
1263 2982 1379 3041 facilius
1402 3000 1465 3038 mc·

215 3070 310 3125 moria
333 3072 560 3143 continerentur,
584 3085 739 3149 sequentes
764 3093 864 3129 uersus
889 3074 1051 3149 composuit
1065 3067 1121 3149 tl),

430 3173 563 3247 ,Juditlu
586 3174 705 3242 Tobiae,
729 3175 841 3242 Simeh,
865 3177 1027 3252 Sapientia,
1051 3174 1176 3243 Baruch,

425 3261 543 3319 'l'ettius
567 3275 596 3319 et
618 3272 738 3340 quartus
761 3260 862 3333 codes,
886 3264 937 3339 qni
959 3262 1081 3337 fingitur
1104 3259 1225 3332 Esdrae,

426 3348 464 3405 Et
488 3368 563 3426 quae
586 3360 671 3425 gesta
693 3350 781 3407 refert
805 3348 1006 3407 Machabaeae
1028 3348 1154 3405 historia
1175 3348 1281 3423 gentis,

427 3436 562 3513 Senaque
586 3436 679 3495 cauda
703 3436 818 3500 llsther,
843 3435 963 3494 Danieli
987 3434 1106 3493 subdita
1129 3433 1207 3505 bina,

429 3520 513 3579 Unde
536 3521 591 3581 nde
614 3523 749 3581 Psalmos
772 3543 891 3599 augens,
914 3522 1097 3601 supplexque
1120 3522 1274 3578 llIanasscs

426 3608 493 3666 Nou
517 3621 637 3687 possunt
660 3612 764 3667 merito
787 3608 891 3668 divina
914 3609 1032 3668 oracula
1053 3607 1145 3667 dici“.

321 3710 456 3769 Eandem
487 3712 650 3771 doctrinam
678 3712 812 3771 defendit
835 3716 953 3790 ignotus
984 3716 1107 3791 scriptor
1129 3713 1225 3791 operis
1251 3708 1461 3784 ,Orthodoxae

218 3793 380 3855 Orientalis
404 3798 554 3857 Ecclesiae
579 3801 743 3877 Dogmata²
762 3796 813 3877 7²).
836 3802 1007 3859 lloscoviae
1034 3802 1124 3858 1783.

322 3882 409 3959 Quod
433 3885 463 3942 hi
487 3890 644 3965 separatim
667 3886 820 3955 docebant,
852 3887 908 3945 hoc
931 3888 1121 3967 systematice
1153 3888 1184 3943 in
1206 3884 1295 3942 fidem
1319 3882 1463 3941 ecelesiae

218 3967 398 4029 orthodoxae
430 3972 467 4029 ad
495 3984 650 4051 praecepta
682 3987 848 4032 revocatam
873 3974 990 4031 demum
1020 3972 1189 4031 Philaretus
1216 3969 1379 4031 introduxit
1406 3968 1464 4027 hac

219 4098 423 4107 -.--.-,,-.,,.,.

271 4155 307 4227 ⁶⁷)
324 4156 411 4223 Idem,
429 4172 476 4226 op.
495 4174 526 4224 c,
547 4164 561 4221 ,t'
581 4162 639 4223 195,
659 4175 684 4226 p.
705 4160 763 4214 181.

271 4224 763 4297 681111011101).ο,0001,ῃ.200.

271 4293 296 4330 ⁶⁹
326 4294 409 4350 Alex.
427 4296 618 4352 Dombrovslri
637 4298 664 4351 in
683 4298 781 4351 Revue
799 4295 926 4363 biblique
945 4299 1021 4361 1901,
1040 4313 1067 4364 p.
1085 4296 1144 4349 271.

270 4364 295 4445 {⁰
324 4364 526 4447 Tob3llulleu,
545 4367 605 4422 The
626 4367 721 4422 Canon
741 4386 767 4437 p.
786 4367 932 4447 230-232.
1077 4432 1084 4445 .
1216 4432 1223 4444 .

273 4435 305 4501 ‘¹'
321 4430 1462 4569 tahtttttttttttt,ittartaIstatttttsttfflttttttt

320 4521 520 4643 bonibrovski,
539 4576 637 4631 Revue
657 4542 781 4643 biblique
802 4576 877 4639 1901,
896 4590 921 4641 p.
940 4575 1001 4630 272.
1027 4520 1044 4570 p
1151 4540 1174 4568 ι’
1210 4543 1216 4556 ⁸
1268 4545 1272 4554 .

270 4642 306 4709 ⁷¹)
324 4643 397 4698 Vide
416 4644 495 4700 iufra.
523 4644 578 4699 Cfr.
597 4646 678 4699 Alex.
699 4642 898 4710 Dombrovaki,
917 4642 1016 4698 Revue
1034 4640 1169 4709 biblique,
1189 4641 1265 4705 1901,
1284 4640 1335 4693 272
1354 4642 1461 4706 etseq.
