3450 5342
796 418 987 475 „peo-

270 616 344 656 num
365 599 483 655 licitum
506 599 546 655 sit
565 598 749 655 orthodoxis
770 600 986 655 sacerdotibus
1007 599 1195 655 militaribus
1214 615 1312 669 super
1330 616 1393 655 non
1413 601 1519 655 ortho-

271 669 360 725 doxis
384 669 526 737 mortuis,
554 668 635 724 ubi'
628 684 769 738 ipsorum
791 669 938 725 sacerdos
957 670 1046 732 desit
1069 669 1265 738 panichidam
1285 685 1387 751 agere,
1415 675 1520 724 aucto-
1552 682 1561 696 ·

272 739 362 795 ritate
383 738 589 795 ecelesiastica
602 738 764 793 definitive
784 739 934 793 solvatur.
953 712 1129 820 Akviionnov
1144 754 1233 793 suam
1253 738 1431 809 opinionem
1446 754 1521 808 pro-

269 808 337 875 fert,
367 807 527 889 prioribus
552 807 764 863 decisionibus
793 808 992 889 quorundam
1020 807 1240 893 episcoporum
1268 814 1300 863 et
1320 808 1518 877 synodorum

269 852 527 947 particularium
519 877 665 945 innixam,
685 878 765 932 hane
778 876 1069 947 participationem
1060 893 1091 933 ιιι
1106 878 1205 933 saeris
1220 893 1282 1001 ⁰3¹
1292 878 1504 1002 effingam.
1497 882 1519 944 .)

1273 963 1289 1001 r
1457 965 1474 999 r

374 1085 416 1152 Α.
429 1084 467 1151 Ρ.
484 1084 658 1164 Lebedec,
684 1088 842 1171 lleropia
863 1106 1115 1154 saonensem
1135 1093 1326 1173 accepera,
1350 1109 1451 1151 saera
1466 1086 1513 1151 ΙΙ.

265 1174 467 1239 Beeneucuic
489 1176 618 1259 codoper
644 1176 788 1242 l'1.,v11.
809 1177 930 1237 nl'sst
946 1180 1085 1238 abacue
1108 1173 1273 1257 (Historia
1295 1173 1514 1243 tantillorum

265 1260 561 1330 oecumenicorum.
585 1264 659 1322 Pars
683 1262 735 1340 11.)
758 1262 922 1342 Peter-burg
946 1266 1037 1329 1904.
1060 1264 1132 1341 Peg.
1156 1266 1228 1334 343,
1250 1263 1323 1321 rubi.
1348 1267 1428 1322 2·-.

370 1368 488 1427 Titulus
511 1371 603 1445 partis
619 1369 705 1427 liuius
721 1367 824 1427 eadem
841 1368 1087 1428 determinatione
1109 1366 1332 1445 restringendus
1355 1376 1408 1434 est,
1431 1387 1516 1446 quae

266 1458 378 1534 primae
409 1456 485 1533 parti
516 1458 650 1533 apposite
681 1468 732 1527 est,
764 1475 829 1513 cum
860 1465 961 1514 auctor
990 1455 1051 1514 fere
1082 1455 1234 1514 exclusive
1264 1455 1514 1532 haeresiologiam

267 1562 342 1601 saec.
366 1542 549 1602 lsi-vill.
571 1550 772 1620 prosequatur.
794 1542 947 1601 Tractatio
970 1544 1068 1621 reipsa
1090 1562 1142 1619 per
1163 1552 1223 1600 tres
1246 1552 1344 1620 partes
1367 1540 1515 1620 procedit.

267 1649 341 1707 quae
365 1640 424 1685 tras
447 1628 583 1686 haereses
607 1638 750 1707 spectant.

369 1714 500 1791 Quarum
536 1718 630 1793 prima
664 1713 700 1773 de
731 1715 998 1793 monophysitismo
1031 1728 1084 1774 est.
1118 1716 1209 1775 initio
1239 1713 1380 1773 describit
1412 1727 1516 1773 auctor

267 1802 527 1881 monophysitismi
539 1812 604 1880 post
617 1801 859 1860 Chalcedonense
876 1802 938 1860 fata
953 1800 1103 1879 sequendo
1115 1802 1247 1861 ordinem
1260 1802 1515 1880 patriarchatuum

268 1889 455 1947 orientalium
478 1889 604 1957 Hieros.
627 1889 715 1946 Alex.
738 1900 767 1947 et
790 1888 981 1947 Antiocheni.
1004 1888 1122 1948 Deinde
1142 1889 1180 1947 ad
1204 1889 1361 1948 ecclesiam
1384 1888 1515 1966 Oplnam

267 1978 381 2035 tmnsit
362 1974 449 2032 tde
478 1975 571 2034 tribus
605 1976 741 2052 capitulis
775 1974 903 2039 disserit
937 1978 1005 2053 sing
986 1976 1156 2033 r'ulorum
1149 1998 1180 2033 ιιι
1210 1987 1363 2054 utramque
1397 1984 1516 2053 partem

267 2036 531 2140 ιιιιιριιιιιιιιιιιιιιιιιιι
555 2064 676 2141 exponit
700 2072 728 2121 et
752 2060 805 2119 def
792 2061 894 2132 fendit,
917 2061 1045 2140 denique
1061 2082 1142 2121 conc.
1160 2063 1193 2122 V.
1209 2082 1269 2121 oec.
1285 2072 1370 2139 gesta
1384 2071 1514 2120 enarrat

265 2150 389 2207 ductori
420 2152 599 2227 propositum
633 2148 753 2227 quidem
783 2169 842 2207 non
873 2159 944 2221 erat,
975 2149 1129 2207 historiam
1162 2150 1395 2208 ecclesiasticam
1429 2149 1512 2207 illins

263 2237 368 2295 aetatis
399 2235 534 2305 seribere,
566 2256 640 2313 (luae
671 2236 806 2293 omnibus
837 2237 929 2313 gestis
959 2248 1157 2313 occuparetur.
1197 2236 1399 2293 Nihilominus
1432 2238 1514 2293 intra

263 2322 336 2380 fines
360 2324 456 2400 operis
488 2322 573 2381 huius
605 2322 750 2401 quaedam
775 2344 833 2381 nou
858 2332 942 2381 erant
976 2321 1148 2383 omittenda.
1174 2325 1223 2380 stc
1246 2343 1271 2383 e.
1294 2344 1337 2399 gr.
1360 2325 1391 2380 in
1415 2325 1513 2400 primo

261 2410 383 2467 articulo
416 2411 554 2467 sectionis
587 2410 671 2467 huius
703 2410 763 2467 fere
797 2412 884 2467 unice
917 2411 1125 2487 imperatomm
1149 2408 1296 2468 derebus
1328 2408 1397 2467 fidei
1430 2410 1514 2467 soili-

261 2494 421 2554 citudinem
446 2496 606 2555 secundum
630 2497 791 2571 Euagrium
824 2505 852 2553 el
875 2495 1064 2555 Theodorum
1087 2497 1226 2555 lectorem
1249 2507 1382 2555 recenset
1411 2497 1444 2555 in
1466 2516 1513 2568 ea,

263 2603 337 2660 quac
365 2576 554 2641 ecclesiarum
579 2583 736 2661 praesules,
766 2586 946 2661 quaesierint
979 2593 1009 2641 et
1028 2585 1206 2660 paraverint,
1230 2582 1361 2641 remedia
1383 2603 1443 2641 uon
1466 2585 1514 2641 in-

261 2671 380 2747 quirens
404 2670 462 2745 (Gt.
487 2690 530 2747 ep.
555 2668 851 2751 archimandritarum
876 2680 905 2727 at
927 2670 1137 2729 monachorum
1161 2671 1267 2749 Syriae
1301 2668 1448 2728 secundae
1471 2668 1512 2728 ad

261 2756 452 2813 Hormisdam
476 2778 520 2834 ep.
548 2758 584 2814 19
609 2756 654 2815 ed.
677 2756 779 2824 'l'hiel3
813 2758 981 2814 commonit.
1004 2756 1117 2816 Gelasii
1141 2758 1164 2814 Ι.
1188 2776 1282 2835 papae
1305 2756 1342 2815 ad
1367 2757 1512 2815 Faustum

261 2862 305 2921 cp.
333 2846 371 2900 10
395 2845 465 2901 item
489 2864 534 2921 ep.
559 2846 608 2904 26.
632 2842 710 2921 apud
733 2844 772 2903 Μ,
799 2840 883 2918 136.)
917 2844 953 2901 ln
976 2844 1174 2901 Iustinianum
1197 2852 1298 2902 auctor
1322 2846 1411 2902 nimis
1433 2842 1512 2901 bene

260 2931 381 2988 allectus
415 2928 540 2992 videtur,
574 2950 639 2988 cum
676 2932 921 3007 praesumtionem
956 2930 1045 2995 illam,
1080 2950 1138 3008 qua
1170 2930 1329 2988 anathema
1362 2932 1510 3008 episcopis

263 3015 391 3074 nondum
416 3016 453 3074 ab
476 3016 601 3075 ecclesia
622 3015 760 3075 iudicatis
782 3018 948 3095 impingere
970 3018 1137 3088 attentavit,
1165 3016 1247 3075 nulla
1268 3037 1393 3075 censura
1415 3028 1508 3092 notet3

263 3102 407 3180 Vigilium
422 3103 581 3161 violentiae
594 3103 746 3162 cedentem
760 3106 898 3162 continuo
911 3114 1060 3181 tamquam
1073 3104 1222 3162 hominem
1234 3106 1347 3181 ingenii
1360 3102 1510 3162 instabilis

261 3189 389 3266 sugillat.
435 3192 608 3249 Attentione
632 3189 723 3267 digna
756 3201 800 3248 est
824 3200 894 3248 uota
917 3188 1062 3267 quaedam
1091 3193 1218 3249 auctoris
1240 3189 1278 3248 dc
1303 3193 1506 3269 episcoporum

261 3276 446 3335 orientalium
471 3279 689 3355 protestatione.
721 3297 780 3355 qua
801 3276 963 3338 decimant.
986 3298 1018 3335 se
1040 3276 1270 3355 subscriptiones
1292 3276 1436 3351 exhibere
1458 3277 1509 3335 de-

260 3362 424 3443 pendenter
450 3386 468 3421 ιι
492 3366 525 3423 u.
550 3365 590 3427 P..
625 3384 713 3442 quarn
737 3365 911 3422 relationem
933 3373 1032 3422 monet
1067 3384 1098 3421 se
1120 3374 1235 3422 tanturn
1259 3364 1376 3435 referre,
1412 3373 1507 3422 utrum

260 3462 357 3510 autent
381 3453 436 3529 ipsi
453 3450 631 3511 credendum
656 3452 695 3509 sit
718 3470 771 3508 nec
786 3471 830 3513 ne.
856 3449 985 3509 iudicare
1000 3470 1031 3509 se
1055 3470 1114 3509 non
1129 3471 1223 3529 posse,
1246 3472 1313 3509 cum
1328 3450 1407 3530 apud
1431 3452 1507 3511 solos

260 3541 416 3616 scriptores
439 3537 637 3596 occidentales
661 3540 699 3595 sit
722 3549 906 3595 conservata.

362 3626 410 3682 Ex
435 3635 517 3702 parte
539 3626 632 3683 altera
655 3627 780 3682 auctoris
804 3622 841 3681 de
864 3624 998 3682 Honorio
1021 3626 1131 3681 mentio
1155 3626 1307 3701 praeteriri
1325 3646 1384 3683 non
1401 3636 1505 3705 potest.

261 3710 365 3788 ltaque
388 3710 529 3769 Lebedei·
562 3712 728 3770 Honorium
759 3710 889 3769 haeresis
913 3732 994 3769 rcum
1018 3732 1056 3768 ex
1078 3711 1186 3768 litteris
1217 3710 1349 3769 eiusdem
1374 3714 1506 3788 arguisse

261 3794 317 3855 sibi
351 3796 476 3855 videtur.
512 3798 636 3855 Honorii
668 3800 756 3856 etiarn
788 3797 847 3856 alio
877 3798 941 3856 loco
971 3800 1114 3856 meminit.
1152 3798 1231 3855 Dum
1266 3797 1303 3855 de
1341 3798 1505 3876 Sophronia

260 3882 358 3944 refert.
382 3885 433 3962 qui
448 3885 558 3942 ltomee
582 3886 725 3943 auxilium
750 3886 909 3956 invocavit,
932 3895 1031 3943 monet
1047 3884 1098 3942 diu
1114 3886 1271 3942 conamina
1285 3887 1349 3943 eius
1370 3905 1505 3944 successu

264 3990 402 4048 prospero
418 3973 547 4028 caruisse
575 3974 662 4049 ,cluis
678 3974 755 4029 inter
770 3991 862 4049 papas
877 3973 957 4050 ipsos
973 3971 1114 4029 haeretici
1130 3983 1216 4028 erant
1230 3992 1255 4029 e.
1271 3993 1314 4049 gr.
1329 3971 1506 4032 Honorius.“

264 4055 354 4116 Secus
377 4056 413 4114 de
437 4056 570 4115 Honorio
601 4060 632 4115 in
656 4058 730 4115 libro
753 4057 895 4115 liebedev
918 4078 1013 4115 sermo
1044 4078 1103 4115 non
1133 4060 1265 4116 recurrit.
1288 4058 1427 4116 Ceterum
1449 4059 1507 4116 Le·

262 4142 359 4201 bedev
388 4154 488 4201 monet
511 4144 676 4203 Honorium
699 4143 853 4223 deceptum
877 4165 949 4206 esse.
982 4144 1128 4221 „Sergius
1152 4146 1194 4202 ita
1217 4146 1251 4216 L,
1274 4154 1357 4203 tanto
1386 4146 1510 4203 artifieio

262 4250 322 4288 rem
348 4250 413 4288 cum
437 4230 570 4289 Honorio
593 4234 692 4307 gessit
716 4242 747 4289 ut
764 4234 818 4290 iste
835 4231 976 4290 facilem
1000 4230 1152 4289 haeretica
1174 4234 1247 4289 retia
1266 4252 1297 4289 se
1316 4234 1509 4301 intricarem„

263 4336 338 4395 quae
362 4320 389 4375 ei
413 4337 431 4375 a
452 4318 621 4395 patriarcha
644 4318 740 4396 Opino
763 4320 859 4396 posita
882 4321 992 4378 erantf‘

327 4422 427 4479 Iam
453 4442 522 4479 vero
553 4420 773 4479 assentiendum
802 4441 867 4480 esse
890 4421 1007 4479 ridetur
1030 4392 1180 4492 Lebedev,
1211 4432 1356 4524 quatenus
1382 4420 1509 4481 difficul-

261 4516 351 4565 tatem
375 4520 476 4566 contru
500 4508 664 4566 Honorium
688 4529 704 4566 e
727 4508 876 4567 litteris
850 4529 922 4581 eius,
945 4530 1005 4567 non
1028 4529 1044 4567 e
1067 4507 1287 4567 damnatione'
1280 4511 1373 4587 ipsius
1395 4530 1421 4567 a
1445 4511 1508 4568 860

260 4592 339 4651 facta
362 4594 520 4672 petendam
551 4615 615 4654 esse
645 4604 754 4653 censet.
779 4596 921 4653 Rationes
955 4603 1055 4654 tamen
1088 4616 1139 4653 seu
1171 4604 1277 4671 textus,
1310 4596 1417 4673 quibus
1447 4616 1508 4655 rem

261 4681 398 4739 evincere
422 4680 527 4753 studet,
552 4702 667 4759 prorsus
691 4692 760 4739 sunt
782 4680 959 4740 inefficaces.
982 4683 1084 4740 Prima
1106 4684 1186 4739 enirn
1210 4680 1320 4754 (mnus
1343 4679 1507 4763 operans“)
