3450 5342
862 379 1053 432 -112-

339 559 503 628 religiosae
531 559 721 622 excitandae,
746 558 883 621 alendae,
910 559 1071 628 augendae
1097 559 1183 626 (finis
1210 559 1351 620 ethicust
1372 559 1402 623 b)
1424 557 1594 612 strictiore

339 645 434 684 sensu
465 629 558 684 habet
585 628 679 683 fiiiciii
710 629 979 694 sanctificativam,
1009 629 1039 683 id
1065 635 1121 692 est,
1142 645 1197 698 per
1225 635 1419 682 sacramenta
1447 627 1594 696 gratiam

336 698 487 754 amissarii
509 697 611 752 reddit
630 699 679 752 vel
698 715 760 753 tion
775 698 924 753 amissam
945 703 1047 766 auget.
1061 706 1088 761 c)
1103 697 1176 753 finis
1197 698 1310 752 natissae
1330 695 1479 754 sacrificii
1500 696 1597 750 iuxta

333 783 418 822 conc.
439 767 587 822 Trident:
613 768 722 822 dior-et
741 774 848 822 sancta
868 768 1010 838 synodus
1030 767 1217 823 sacrificiunt
1239 768 1322 822 istud
1342 783 1416 821 vere
1437 766 1597 835 propitia·

334 837 449 892 toriuiii
470 851 549 905 esse,
569 853 626 906 per
644 837 812 907 ipsumque
836 837 914 902 fieri,
935 847 969 892 ut
989 838 1015 892 si
1035 853 1103 894 cum
1132 854 1206 893 vero
1232 837 1324 892 corde
1349 846 1377 890 et
1409 843 1498 890 recta
1518 835 1597 898 fide,

334 922 404 961 cuin
426 915 511 961 titetu
531 912 562 960 et
581 907 756 962 reverentia
786 908 909 962 contriti
930 923 965 962 ac
989 907 1183 977 poenitentes
1203 909 1241 962 nd
1263 908 1359 962 Deum
1386 906 1595 970 accedamus,

334 975 581 1030 misericordiam
602 991 833 1046 consequamur
851 983 882 1032 et
901 977 1033 1046 gratiani
1060 977 1265 1032 inveniamus.
1285 1019 1291 1030 .
1312 1018 1318 1031 .
1337 1019 1343 1030 .
1365 975 1471 1030 Huius
1499 973 1595 1044 quip-

335 1062 373 1116 pe
397 1044 554 1100 oblatione
578 1045 718 1114 placatus
746 1047 898 1102 Dominus
924 1047 1055 1116 gratiam
1082 1053 1111 1101 et
1131 1047 1246 1102 ιιιιιιιιιιι
1274 1045 1486 1115 poenitentiae
1519 1059 1595 1098 crin·

336 1116 450 1170 cedens
470 1113 600 1170 crimina
619 1123 649 1170 et
663 1124 786 1185 peccata
799 1116 890 1170 etiam
908 1117 1045 1183 ingentia
1059 1117 1210 1172 dimittit«
1236 1113 1519 1182 isoss.xxl1.cap
1552 1117 1591 1172 2.)

337 1185 428 1249 Quod
458 1184 540 1238 idem
570 1191 656 1251 patet
682 1202 720 1240 ex
749 1185 826 1239 actis
859 1186 998 1240 eiusdem
1028 1186 1146 1241 concilii
1182 1188 1220 1240 de
1248 1186 1310 1240 fine
1338 1184 1439 1240 ethico
1472 1185 1596 1238 missae

337 1251 489 1310 sacrificii.
499 1283 533 1292 -
544 1253 659 1308 Missae
670 1254 856 1309 sacrificium
870 1256 954 1310 nullo
966 1257 1058 1310 iiiodo
1069 1256 1209 1325 exposcit
1219 1256 1356 1322 linguam
1368 1253 1594 1312 domesticam,

336 1332 371 1378 ut
391 1323 462 1378 ltuic
482 1323 538 1377 litii
559 1339 617 1378 suo
637 1324 794 1379 essentiali
823 1325 1001 1388 satisfaciat,
1022 1326 1094 1394 quia
1117 1343 1192 1381 »una
1212 1325 1383 1393 cadentque
1402 1333 1453 1378 cst
1475 1323 1593 1379 lios-tia

334 1393 378 1460 tid
398 1398 447 1447 est
461 1392 609 1448 Christus
629 1392 732 1462 Iesus)
750 1394 832 1448 idein
847 1409 930 1448 nunc
949 1395 1088 1450 offerens
1108 1395 1303 1450 sacerdotum
1326 1392 1515 1452 ministeriu.
1534 1393 1594 1472 qui

338 1478 372 1516 se
390 1463 494 1532 ipsum
516 1469 589 1516 tunc
608 1462 639 1517 in
659 1477 751 1518 cruce
770 1464 891 1522 obtulit.
912 1464 976 1519 sola
997 1464 1149 1520 offerendi
1178 1465 1294 1520 ratione
1314 1463 1448 1518 diverse.
1492 1463 1594 1518 tTrid.

337 1547 402 1602 cap.
421 1533 457 1598 2)
486 1531 577 1595 Quod
607 1533 685 1586 bene
703 1533 852 1602 exprimit
873 1535 956 1588 card.
983 1534 1199 1600 Bellarminus,
1228 1549 1304 1588 »non
1330 1533 1427 1603 igitur
1457 1531 1594 1602 requiri,

335 1607 370 1656 ut
390 1601 526 1725 populus
546 1601 699 1669 intelligat
718 1603 748 1656 id
769 1603 854 1673 quod
870 1603 992 1670 dicitur,
1007 1605 1061 1660 sed
1078 1605 1153 1659 satis
1167 1621 1245 1665 esse,
1260 1604 1286 1658 si
1302 1604 1384 1658 Deus
1403 1601 1576 1670 intelligat.

455 1670 480 1724 lt
501 1671 612 1724 melius
631 1681 661 1724 ct
680 1672 857 1726 accuratius
877 1673 1014 1728 iudicare
1035 1674 1196 1744 possiiiius
1212 1675 1249 1728 de
1264 1689 1322 1728 usu
1343 1673 1467 1740 linguae
1484 1672 1596 1725 donic-

341 1740 436 1794 sticae
456 1739 485 1794 in
506 1739 642 1810 liturgia,
667 1741 893 1796 attendendum
914 1745 1019 1798 estad
1041 1744 1249 1798 characterem
1276 1743 1471 1812 singularum
1498 1740 1595 1795 aetii>-

336 1825 410 1864 ιιιιιιι
431 1809 658 1876 liturgicarum,
684 1827 781 1880 quae:
801 1812 832 1882 a)
853 1819 927 1867 sunt
946 1813 1071 1882 quidem
1097 1813 1233 1868 actiones
1260 1811 1465 1882 symbolicam
1487 1825 1594 1880 (quare

335 1885 578 1933 consentaneum
601 1886 657 1944 est,
677 1887 710 1934 ut
730 1881 835 1936 nativa
854 1881 961 1950 lingua
981 1898 1106 1952 semper
1125 1883 1333 1952 explicentur;
1353 1889 1383 1937 at
1403 1881 1536 1934 iiiiiiiiiie
1559 1879 1591 1933 id

336 1949 548 2004 necessatium
568 1958 624 2014 est,
644 1955 678 2004 ut
697 1950 804 2019 lingua
827 1951 998 2007 domestica
1022 1969 1097 2034 pera
1111 1959 1223 2017 rantur,
1243 1969 1311 2007 cunt
1333 1951 1470 2005 actiones
1498 1949 1591 2018 ipsae

338 2017 414 2072 satis
433 2017 515 2072 clare
529 2017 705 2087 loquantur.
728 2020 758 2080 b)
771 2020 907 2075 actiones
922 2021 1083 2092 liturgicae
1097 1971 1211 2078 debent
1225 2022 1350 2092 quidem
1372 2020 1490 2089 populo
1506 2021 1589 2074 bene

335 2087 541 2166 explicarint
560 2103 622 2142 non
641 2089 680 2141 ad
700 2089 731 2142 id
751 2097 825 2144 sunt
850 2091 1018 2161 institutae,
1038 2100 1071 2146 iit
1092 2092 1240 2162 populum
1261 2091 1413 2154 erudiant,
1438 2089 1494 2144 sed
1523 2089 1589 2144 iani

337 2157 478 2211 eruditos
497 2172 529 2210 ιιι
543 2156 605 2210 fide
620 2157 743 2212 elevant
761 2166 791 2212 et
810 2161 1013 2218 sanctificant.
1042 2163 1163 2225 Quodsi
1182 2161 1316 2216 obicitur
1336 2161 1443 2214 saltem
1466 2159 1589 2213 missae

342 2225 528 2280 sacrificium
549 2241 620 2282 esse
639 2227 670 2281 in
685 2227 791 2283 nativa
804 2229 911 2310 lingua
930 2231 1159 2292 celebrandum.
1179 2247 1247 2286 ruiti
1264 2231 1306 2286 ibi
1319 2229 1475 2299 imprimis
1489 2228 1589 2283 etiam

341 2306 476 2416 §opulus
490 2295 601 2350 debeat
615 2296 714 2350 active.
728 2299 972 2366 consae-nificare,
987 2302 1043 2356 lioc
1057 2301 1171 2356 falsuiii
1186 2317 1255 2356 esse
1268 2299 1432 2355 manifesto
1443 2311 1590 2368 apparet.

369 2378 419 2418 ant
448 2365 594 2420 ecelesiae
621 2381 737 2446 parrae
765 2383 834 2422 esse
863 2369 1014 2426 deberent
1041 2375 1071 2425 et
1102 2387 1253 2426 numerus
1281 2369 1472 2424 audientium
1504 2367 1589 2422 cii-ca

340 2432 437 2487 altare
456 2433 497 2488 ita
514 2434 696 2504 dispositus,
714 2443 747 2490 ut
761 2437 877 2506 singuli
896 2443 926 2493 et
940 2439 1048 2496 audire
1063 2446 1093 2494 et
1108 2441 1215 2496 videre
1228 2441 1333 2496 omitia
1346 2446 1375 2494 et
1391 2437 1589 2506 respondere

338 2509 478 2581 possent.
498 2503 588 2566 Quod
606 2505 754 2572 obstaret,
773 2508 943 2587 quominus
963 2524 1029 2564 com
1057 2509 1135 2565 iuria
1151 2525 1238 2566 sacra
1253 2509 1345 2565 simul
1360 2509 1426 2563 fieri
1444 2515 1590 2576 possent,

340 2571 389 2625 vel
415 2579 497 2626 inter
525 2588 649 2653 sacrani
679 2581 804 2630 cantari.
824 2577 1015 2640 mactiones
1035 2526 1196 2650 fiturgicae
1223 2595 1279 2635 sua
1308 2580 1446 2648 ipsarum
1478 2577 1592 2646 lingua

337 2641 518 2722 loquuntur,
548 2643 646 2722 idest
670 2643 805 2700 excitant
834 2648 916 2702 bona
945 2649 1107 2718 proposita
1135 2655 1165 2704 et
1185 2649 1349 2717 religiosos
1376 2661 1487 2702 seusus
1516 2647 1589 2715 ipsa

336 2711 487 2790 materiali
500 2716 627 2792 actione,
641 2715 813 2770 dummodo
825 2716 883 2772 rite
894 2717 1008 2773 fiantet
1021 2718 1052 2773 in
1063 2719 1308 2788 percipientibus
1317 2720 1428 2773 bonam
1440 2725 1586 2786 etaptani

339 2786 501 2837 inveniant
519 2781 766 2850 dispositionem.
786 2785 877 2849 Quod
897 2789 1011 2856 probat
1029 2789 1229 2857 experientia.
1248 2789 1343 2852 Actio,
1362 2786 1493 2842 elevatio
1513 2801 1586 2840 ocu-

339 2847 450 2929 lorum,
465 2849 570 2929 tunsio
584 2852 727 2932 pectoris
741 2853 907 2922 inclinatio,
926 2857 1106 2926 genuflexio
1121 2863 1185 2924 etc,
1200 2859 1259 2914 iam
1277 2861 1349 2927 apta
1365 2863 1436 2911 sunt
1451 2870 1583 2912 sensum

336 2917 521 2973 humilitatis
541 2920 733 2976 adorationis
746 2928 801 2978 cte.
815 2925 964 2981 excitare:
989 2927 1100 2982 »verba
1117 2933 1252 2994 movent,
1266 2925 1408 2996 exempla
1426 2926 1582 2980 ιιιιιιιιιιι.ι

350 3071 357 3082 ⁸
440 3004 639 3060 Catholicitas
667 3009 813 3065 ecclesiae
840 3013 987 3080 postulat,
1016 3021 1050 3068 ut
1078 3015 1190 3070 lrabeat
1217 3013 1376 3084 liturgiam
1409 3012 1583 3068 universali

338 3071 442 3141 lingua
469 3072 657 3155 loquentem,
688 3078 727 3133 ad
755 3095 866 3136 omnes
891 3083 1041 3150 nationes,
1072 3099 1152 3153 quae
1177 3083 1216 3138 ad
1245 3097 1298 3138 cor
1325 3083 1465 3138 oninium
1485 3081 1586 3136 lionii·

338 3155 412 3220 nutn
430 3141 581 3221 loiiitatur
607 3145 747 3226 illudque
774 3149 928 3220 disponat.
966 3153 1070 3216 Quare
1090 3155 1117 3208 si
1135 3153 1207 3223 quis
1228 3168 1320 3209 usum
1340 3151 1584 3222 protestantium

336 3210 410 3265 velit
428 3212 626 3292 iritroducere
643 3231 677 3294 .¹¹¹
691 3217 871 3274 catholicam
891 3221 1060 3292 liturgiam,
1080 3223 1238 3278 ecclesiam
1255 3223 1346 3278 etiaiti
1363 3221 1583 3278 territorialem

336 3285 367 3333 et
384 3281 576 3362 ιιιιιιοιιιιοιιιΙ
592 3283 691 3350 iaciat,
711 3301 839 3343 necesse
852 3295 908 3346 est.
929 3291 1006 3345 Nam
1023 3293 1089 3347 sola
1105 3292 1342 3362 praedicatione,
1358 3298 1393 3348 ut
1406 3290 1585 3348 Germanici

338 3354 549 3432 protestantes
569 3354 820 3434 introduxerunt,
845 3357 972 3430 liturgia
1000 3361 1128 3417 mininie
1154 3367 1283 3428 constat,
1304 3362 1358 3416 scd
1379 3359 1587 3430 praeprimis

338 3423 368 3472 et
387 3418 636 3502 substantialiter
660 3439 692 3477 in
718 3426 880 3496 sacrificio,
906 3429 956 3498 ita,
976 3435 1010 3485 ut
1031 3430 1097 3486 sine
1124 3431 1277 3486 sacrificio
1302 3431 1387 3486 nulla
1406 3431 1446 3485 sit
1467 3429 1586 3499 religio.

338 3487 446 3556 Neque
466 3488 653 3569 sacrificium
675 3493 769 3548 habet
786 3496 880 3551 finem
904 3500 1161 3562 exhortatorium.
1183 3502 1237 3556 sed
1260 3501 1478 3556 aladiatorium
1504 3500 1587 3554 inter

338 3556 437 3635 Deum
457 3563 487 3637 et
506 3558 659 3638 lioinincs,
678 3577 771 3644 quein
791 3564 887 3622 finem
908 3568 1035 3624 ecclesia
1055 3570 1204 3626 catholica
1229 3571 1335 3638 lingua
1362 3569 1534 3626 universali
1555 3575 1585 3623 et

339 3624 487 3705 uniformi
507 3633 624 3707 optime
642 3638 833 3712 exsequitur.
859 3637 962 3699 Quare
982 3653 1043 3692 non
1064 3640 1094 3693 iii
1115 3640 1263 3710 linguam,
1285 3641 1338 3694 sed
1361 3641 1461 3709 inagis
1481 3639 1511 3694 in
1532 3654 1586 3693 cair

339 3693 544 3776 sacrificantis
558 3699 730 3755 sacerdotis
743 3717 839 3771 opera
859 3713 907 3760 est
920 3707 1138 3776 impendenda,
1158 3710 1251 3779 quod,
1272 3711 1297 3764 si
1312 3715 1412 3766 totuin
1433 3709 1585 3776 flagrabit

340 3767 504 3843 totumque
535 3765 604 3820 idea
636 3774 925 3852 magnasacrificii
958 3778 1060 3832 crucis
1098 3779 1155 3833 erit
1188 3785 1394 3848 penetratum,
1428 3786 1462 3835 iit
1488 3778 1585 3834 Sallen

337 3835 399 3966 aasz
407 3845 621 3958 ῐὲιὲἒξιέιῃοέιειε
639 3842 729 3892 etiarn
750 3840 860 3898 fideles
880 3848 1084 3914 permovebit,
1098 3854 1131 3902 ut
1146 3849 1210 3903 Deo
1224 3865 1257 3904 se
1270 3852 1462 3920 coniungant
1486 3849 1586 3904 illum·

339 4032 345 4044 ¹
401 4035 407 4045 ·
442 3968 647 4052 veliementer
661 3975 812 4055 falluntur
825 3980 877 4048 illi,
897 3984 950 4051 qui
965 4001 1002 4040 ex
1017 3985 1248 4042 introductione
1258 3988 1383 4058 linguae
1396 3987 1585 4042 domesticae

336 4047 369 4086 in
388 4035 516 4117 liturgia
535 4042 603 4122 sibi·
615 4044 800 4164 pollicentur
820 4065 967 4120 magnum
989 4063 1194 4124 augmentant
1215 4057 1392 4113 devotionis
1411 4058 1443 4114 in
1461 4057 1585 4127 populo.

337 4101 415 4156 Nam
444 4113 567 4162 novitas
596 4111 647 4166 ila
671 4127 710 4193 ex
739 4132 800 4198 tina
823 4126 912 4187 parte
942 4122 980 4176 ad
1002 4129 1127 4194 tempus
1156 4128 1282 4197 quidem
1310 4129 1426 4183 inultos
1452 4128 1587 4183 alliceret

338 4184 619 4254 novariimlrerum
640 4185 771 4263 cupidos
790 4203 822 4241 m
838 4191 1008 4260 ecclesiam,
1028 4209 1066 4248 ex
1087 4195 1146 4250 alia
1165 4203 1253 4264 parte
1268 4213 1343 4252 vero
1358 4198 1475 4253 multos
1491 4197 1590 4253 offen·

337 4238 435 4316 deret,
455 4258 507 4310 qui
529 4245 607 4301 hanc
625 4257 794 4309 novitatem
814 4264 849 4313 ut
869 4267 1047 4330 suspectam
1069 4263 1213 4320 vitarent.
1251 4266 1343 4330 Quod
1369 4269 1484 4336 probat
1502 4267 1537 4322 cl.
1559 4267 1587 4323 S.

342 4305 505 4388 Baumei·
524 4313 559 4368 O.
579 4316 608 4371 S.
630 4319 661 4373 B.
681 4336 719 4400 ex
738 4323 835 4381 factis.
855 4327 893 4382 In
914 4331 1082 4387 Germania
1102 4334 1184 4388 enini
1205 4341 1417 4404 protestantes
1442 4337 1586 4392 ecclesias

341 4374 504 4434 derelictas
525 4383 639 4466 babent
657 4392 779 4474 etiamsi
798 4395 830 4450 in
850 4398 955 4454 nativa
975 4402 1080 4456 omnia
1100 4409 1256 4473 peragunt
1274 4404 1391 4474 lingua.
1412 4405 1586 4462 Catholicae

340 4449 447 4500 contra
465 4451 610 4532 ecclesiae
625 4523 631 4535 Ι
646 4457 700 4512 ubi
718 4459 827 4518 fideles
847 4467 947 4523 solum
973 4471 1100 4526 »limen«
1125 4474 1316 4542 respondent
1334 4475 1367 4529 in
1386 4475 1522 4537 lituroia.
1545 4491 1586 4530 re·

339 4511 436 4568 fertae
456 4524 529 4598 sunt
547 4495 702 4603 fidelibus.
1463 4519 1481 4545 ‘³

427 4584 575 4704 lEtiamsi
590 4607 705 4650 missac
720 4601 907 4684 sacrificium
923 4607 1095 4666 domestica
1105 4610 1212 4682 lingua
1222 4627 1279 4682 per
1302 4619 1467 4678 etraretur,
1480 4619 1583 4669 tamen

340 4663 425 4717 popu
438 4668 475 4706 us
495 4656 624 4714 adstans
643 4665 762 4722 nullum
789 4675 982 4733 mainsinde
1007 4679 1252 4736 emolumentum
1273 4628 1476 4752 gustumque
1495 4683 1584 4738 habe
