3450 5342
859 337 1029 394 ..70-

288 585 292 592 ,
316 526 360 583 ita
383 540 415 586 ut
438 535 561 603 uterque
590 545 642 602 pes
674 528 754 602 paris
784 525 980 602 longitudinis
1012 536 1099 584 esset.
1133 524 1221 602 Quod
1252 546 1328 584 anno
1355 527 1435 584 1899
1459 528 1552 582 itemm

315 612 543 691 comprobarunt
564 611 673 670 medici
692 613 772 670 tacta
791 613 1001 670 exhumatione
1018 621 1046 668 et
1063 613 1245 690 inspectione
1263 611 1415 670 cadaveris
1431 611 1552 670 eiusdem

315 700 398 758 Petri
415 695 636 778 quatuordecim
653 697 803 757 mensibus
818 711 887 757 ante
904 697 1044 758 defuncti.
1063 697 1266 756 Percelebrem
1286 699 1362 757 hauc
1379 701 1554 756 sanationem

316 785 424 844 obiecit
449 787 499 847 llr.
523 785 671 844 Boissarie
694 786 849 844 calumniis
882 788 942 844 uoti
976 788 1124 863 scriptoris
1156 785 1234 848 Zela.
1271 787 1301 844 Si
1325 787 1391 863 quis
1413 785 1555 844 desiderat

315 884 447 950 repetere
469 872 675 948 inquisitiones
698 875 729 929 in
755 875 909 930 veritatem
933 871 1018 930 huius
1043 873 1299 942 laert-convertat
1321 893 1351 930 se
1376 873 1423 930 vel
1447 871 1485 930 ad
1511 873 1555 930 llr.

315 959 475 1029 Boissarie‚
498 957 619 1035 (bureau
643 958 695 1016 des
718 961 931 1017 constatations
955 959 973 1016 it
998 958 1140 1035 Lourdes)
1165 959 1212 1016 rel
1232 961 1263 1017 iu
1280 961 1404 1038 patriam
1429 957 1555 1016 ltudderi

316 1067 391 1124 (puae
414 1060 459 1104 est
483 1044 612 1102 lebbeke
635 1045 740 1122 aupres
763 1045 799 1103 de
825 1047 937 1122 Bruges
961 1049 991 1103 in
1016 1045 1129 1122 Belgio.

421 1134 492 1190 Dixi
525 1135 556 1189 in
585 1131 638 1190 tali
670 1153 700 1190 re
730 1133 918 1190 manifestam
950 1153 1013 1189 esse
1038 1133 1172 1190 divinam
1194 1133 1444 1201 intercessionum,
1484 1132 1558 1210 qaod

316 1217 445 1278 breviter
468 1222 510 1277 sic
534 1219 650 1296 probari
673 1229 775 1296 potest.
802 1219 840 1276 th
865 1232 1029 1278 succrescat
1053 1239 1161 1278 novum
1184 1239 1216 1277 os
1240 1231 1290 1277 aut
1313 1227 1431 1277 sanetur
1456 1219 1560 1297 ruluns

316 1309 483 1365 necessaria
505 1320 550 1364 est
572 1325 650 1363 nora
673 1308 804 1376 materia
835 1327 913 1362 nora
938 1327 1013 1368 caro.
1047 1325 1105 1383 qna
1128 1325 1195 1384 pars
1219 1305 1359 1363 deficiens
1381 1307 1556 1367 restituatur.

316 1393 400 1468 Quae
424 1413 502 1450 nova
525 1413 591 1450 earo
616 1393 756 1450 formatur
778 1414 816 1450 ex
840 1394 992 1468 sanguine.
1040 1392 1186 1450 l'idelicet
1209 1413 1225 1448 e
1248 1392 1313 1450 cibo
1337 1393 1369 1449 fit
1392 1395 1514 1470 sanguis
1530 1401 1556 1448 et

315 1500 332 1536 e
355 1481 498 1555 sanguine
522 1499 624 1556 corpus
649 1514 687 1522 -
713 1479 767 1536 hoc
791 1495 835 1536 est
851 1492 971 1537 certum.
995 1477 1075 1540 Haec
1099 1489 1196 1537 antem
1222 1479 1356 1537 formatio
1380 1499 1438 1536 nou
1463 1491 1557 1556 potest

314 1566 380 1625 fieri
396 1569 452 1624 uisi
469 1566 619 1644 paulatim,
643 1585 710 1623 nam
728 1569 847 1642 sanguis
872 1569 977 1624 transit
994 1587 1045 1643 per
1068 1581 1170 1624 tenues
1194 1587 1286 1624 reurts
1309 1568 1417 1642 exigua
1441 1569 1558 1644 quanti-

315 1663 384 1716 tate,
421 1651 618 1731 Impossibilis
650 1654 740 1726 igitur
771 1664 815 1710 est
848 1653 974 1710 naturali
1009 1673 1105 1710 rerum
1139 1673 1224 1711 cursu
1258 1655 1561 1711 instantaneo

316 1741 440 1812 sanatio,
474 1760 548 1818 quae
579 1741 711 1816 exigeret
742 1739 946 1797 formationem
978 1741 1096 1797 maioris
1127 1739 1212 1797 molis
1245 1773 1284 1782 -
1316 1751 1347 1796 ut
1375 1741 1407 1797 in
1430 1739 1558 1796 adducto

316 1827 460 1905 exemplo.
484 1825 679 1904 Impossibile.
703 1828 832 1904 inquam,
857 1846 924 1884 nam
949 1847 1028 1883 nou
1060 1838 1134 1898 est,
1170 1825 1279 1884 unde
1311 1825 1416 1883 haee
1448 1846 1560 1883 nora

315 1933 423 1980 caro.
455 1932 606 1971 novum
633 1933 675 1971 os
703 1927 907 1974 sumatur.
940 1915 1014 1970 Cum
1039 1912 1069 1970 id
1092 1923 1191 1970 tamen
1222 1913 1280 1984 fiat,
1303 1911 1391 1990 idque
1421 1914 1561 1970 invocato

315 2001 373 2058 Dei
404 2014 455 2058 aut
485 2001 518 2057 B.
550 2001 583 2062 l'.
615 1999 726 2057 arixilio
756 2000 930 2058 manifestus
962 2013 1004 2057 est
1037 2003 1220 2058 interventus
1250 2001 1460 2077 omnipotentis
1493 2001 1559 2056 liei.

316 2086 401 2162 Quae
424 2088 639 2163 argumentatio
662 2085 743 2144 utilis
766 2084 883 2143 ridetur
905 2089 1076 2164 praesertim
1101 2107 1153 2164 pro
1175 2088 1307 2164 practica
1328 2085 1474 2164 apologia.

419 2175 548 2234 Ostensa
576 2175 736 2230 existentia
763 2174 825 2230 veri
853 2172 985 2230 miraculi
1018 2171 1190 2232 accedamus
1213 2172 1251 2230 ad
1275 2173 1442 2250 principale
1470 2177 1561 2250 quae-

315 2262 424 2319 situm:
460 2260 563 2318 lftrum
585 2280 685 2317 verum
710 2260 881 2317 miraculum
905 2258 1045 2336 possibile
1058 2261 1095 2318 sit
1108 2261 1139 2316 in
1152 2258 1349 2336 compluribus
1379 2257 1559 2329 diversis

316 2346 594 2424 religionibus.
608 2345 845 2404 Considerationi
858 2357 974 2404 nostrae
991 2347 1039 2404 hic
1055 2367 1113 2403 non
1130 2345 1255 2404 obicitur
1266 2345 1436 2404 miraculum
1448 2347 1558 2404 t'actum

315 2455 343 2490 v.
366 2454 393 2512 g.
417 2455 435 2490 a
457 2433 492 2493 B.
518 2433 563 2500 V..
596 2436 678 2490 cuius
707 2432 933 2509 possibilitatem
964 2453 1065 2490 omnes
1095 2431 1266 2504 concedunt„
1301 2432 1353 2491 sed
1384 2434 1557 2492 miraculum

316 2521 426 2578 factum
450 2519 487 2577 ab
511 2519 630 2578 homine
654 2518 833 2577 heterodoxo
856 2520 919 2576 sire
945 2521 1012 2577 viro
1036 2521 1100 2578 sire
1123 2530 1245 2580 mortuo.
1269 2589 1272 2593 ,

419 2606 630 2683 Quaestionem
653 2606 730 2664 hanc
752 2605 939 2664 dissimulare
963 2626 1021 2664 nou
1044 2605 1174 2684 expedit.
1196 2606 1316 2664 Etenim
1340 2627 1378 2664 ex
1399 2627 1459 2664 una
1474 2622 1558 2684 parte

315 2692 435 2770 quidem
458 2707 569 2751 certum
592 2704 635 2750 est
657 2695 737 2750 inter
766 2692 936 2751 Catholieos
967 2695 1055 2750 etiam
1080 2711 1156 2750 nunc
1179 2695 1299 2752 evenire
1323 2713 1392 2751 vera
1416 2693 1559 2751 miracula

314 2779 353 2836 ad
375 2781 592 2837 invocationem
615 2791 781 2837 sanctornm
805 2801 822 2838 a
844 2789 937 2838 morte
961 2782 1129 2838 recentium.
1152 2781 1194 2839 At
1208 2800 1246 2838 ex
1263 2779 1356 2838 altera
1375 2789 1458 2858 parte
1478 2779 1557 2838 idem

314 2865 544 2944 deprehenditur
566 2869 655 2924 etiam
679 2865 757 2944 apud
776 2865 972 2926 tirthodoxes.
996 2865 1170 2926 Arldueatur
1184 2887 1208 2925 e.
1224 2887 1267 2943 gr.
1283 2869 1406 2924 eremita
1423 2867 1555 2928 Serulim.

314 2967 365 3010 aut
387 2953 572 3030 metropolita
596 2953 715 3021 hilaret,
749 2956 798 3031 qui
830 2954 989 3012 floruerunt
1018 2955 1176 3032 praeterite
1207 2955 1330 3011 saeculo.
1368 2954 1435 3012 Hoc
1458 2965 1557 3012 autem

313 3051 443 3117 temporo
467 3041 532 3116 quis
555 3041 671 3114 ignorat
687 3040 829 3098 loannem
845 3039 882 3097 de
899 3039 1079 3098 Croustadt'?
1103 3041 1206 3117 ltaque
1229 3042 1386 3118 quaeritur,
1408 3039 1556 3118 quomodo

313 3125 344 3182 id
368 3127 539 3204 explicetur.
574 3126 741 3187 Difficultas
764 3136 809 3185 est
831 3125 932 3184 obvia:
957 3127 1030 3184 Cum
1054 3129 1134 3185 enim
1158 3126 1238 3184 licus
1262 3127 1300 3186 sit
1323 3147 1423 3198 verax,
1453 3130 1557 3206 nequit

313 3213 476 3291 approbare
498 3214 605 3271 falsum
628 3215 745 3272 cultum.
780 3215 872 3291 Atqui
897 3214 1046 3271 miraculis
1070 3214 1099 3270 id
1124 3215 1239 3274 taceret.
1274 3213 1351 3270 Nam
1382 3215 1555 3272 miraculum

313 3299 443 3358 ostendit
465 3311 576 3358 rectum
599 3310 628 3358 et
650 3321 752 3358 verum
782 3321 847 3358 csse
878 3299 1004 3358 modum.
1029 3319 1085 3377 quo
1116 3299 1269 3358 deiirnctus
1292 3301 1357 3358 Deo
1381 3303 1502 3359 servivit
1526 3313 1556 3358 et

314 3386 352 3444 ad
376 3387 499 3445 salutem
523 3388 666 3465 pervenit.
703 3385 830 3444 Accedit
860 3385 937 3464 qnod
968 3387 1139 3444 miraculum
1170 3394 1284 3443 attenta
1314 3389 1473 3444 veracitate
1495 3388 1555 3445 Dei

314 3483 393 3530 certe
416 3486 460 3532 est
484 3475 600 3550 signum
633 3473 804 3531 obiecti
818 3495 836 3530 r
848 3484 893 3530 ae
925 3484 953 3530 et
978 3495 1035 3530 uon
1059 3473 1150 3530 solum
1175 3471 1356 3530 subiectisae
1379 3475 1555 3532 sanctitatis.

313 3561 407 3638 Atqui
431 3559 468 3618 ad
491 3559 667 3617 obiectiram
691 3562 878 3618 sanctitatem
901 3561 1028 3638 pertinet
1053 3573 1130 3616 certe
1153 3561 1242 3616 etiam
1266 3567 1345 3618 recta
1367 3558 1449 3622 fides.

415 3646 530 3704 'l'auten
554 3646 672 3704 videtur
693 3650 764 3705 satis
795 3659 856 3705 tuto
887 3645 1008 3704 concedi
1034 3667 1117 3724 posse
1140 3659 1203 3711 non
1228 3645 1445 3728 rapuqnanlla
1467 3649 1557 3705 mira·

312 3730 442 3789 eulorum
466 3733 544 3811 apud
567 3732 761 3790 heterodoxos
784 3742 814 3791 et
836 3748 905 3810 puto
928 3733 1004 3790 hanc
1032 3734 1149 3790 unicam
1181 3753 1243 3790 esse
1276 3731 1445 3810 [sessibilem
1477 3735 1552 3792 solu-

311 3819 431 3876 tionem.
999 3871 1000 3874 ,

417 3905 642 3964 Consideremus
666 3907 755 3982 igitur
777 3905 855 3963 hunc
878 3904 1025 3982 duplicem
1050 3925 1161 3963 cresum:

419 3997 444 4049 l.
468 3993 517 4050 ad
540 3995 634 4067 vigum
658 4005 791 4050 sanetum
820 3991 873 4050 sed
906 3991 1116 4050 heterodoxum
1148 3991 1298 4052 adducunt
1329 3993 1484 4062 infirmnm,
1519 4003 1551 4051 ut

313 4092 376 4134 oret
391 4098 478 4156 snper
493 4100 567 4136 eum.
591 4078 649 4154 Qui
675 4099 734 4136 rem
750 4079 926 4158 postulatam
944 4080 1015 4136 tacit
1040 4094 1068 4134 et
1092 4079 1240 4136 homiuem
1264 4088 1357 4139 sanat.
1380 4079 1499 4138 lt'ieriue
1521 4079 1551 4136 id

308 4163 425 4241 potest?
450 4160 578 4226 Potest.

416 4254 443 4309 2.
467 4251 515 4308 Ad
539 4251 682 4309 tumulum
705 4251 877 4309 heterodoxi
902 4253 996 4308 sancti
1020 4251 1127 4328 aliquis
1150 4263 1212 4309 orat
1227 4267 1257 4308 et
1273 4253 1410 4310 continuo
1433 4263 1554 4311 sanatur

310 4357 328 4393 a
351 4340 526 4412 gravissimo
550 4338 679 4396 vulnere.
703 4337 843 4395 Potestne
868 4335 897 4395 id
920 4335 1005 4395 lieri?
1029 4331 1161 4398 Poieai.

415 4425 501 4484 ilatio
533 4426 682 4502 utriusque
711 4426 753 4481 rei
783 4437 828 4482 est
857 4423 935 4503 quod
958 4424 1039 4482 Deus
1070 4425 1113 4481 sie
1145 4421 1287 4501 approbat
1315 4422 1421 4482 bonam
1451 4427 1550 4496 vitam,

309 4531 496 4589 nequaquam
516 4511 605 4570 fidem
630 4546 668 4554 --
693 4511 797 4568 saltem
821 4531 880 4569 nou
909 4509 1054 4588 dogmata,
1086 4509 1192 4588 quihus
1216 4509 1388 4568 heterodoxi
1419 4533 1437 4568 a
1467 4511 1552 4570 nobis

308 4595 455 4657 differunt.
479 4599 566 4675 Quod
590 4594 706 4680 probo:
