3450 5342
878 324 1066 381 -224-

348 521 434 560 onere
452 510 635 573 peccatorum
654 509 811 577 hominem,
835 510 1012 577 pondere,
1039 524 1096 577 qno
1123 526 1154 562 se
1173 510 1223 563 ille
1240 510 1415 578 expediri
1434 512 1590 578 desiderat,

347 576 478 630 liberare.
497 578 572 646 Quid
590 578 653 644 hoc,
670 593 749 647 rogo,
767 578 848 632 aliud
867 582 920 646 est,
939 594 1025 645 qnam
1044 580 1180 633 morienti
1197 584 1321 633 mortem
1347 580 1455 633 addere
1472 582 1593 647 eiusque

346 646 509 700 animam
529 662 582 700 sua
599 648 778 717 crudelitate,
797 664 834 701 ne
851 650 986 702 absoluta
1013 664 1078 703 esse
1103 650 1204 718 possit,
1228 648 1398 703 occidere
1416 690 1422 702 .
1442 691 1448 703 .
1468 691 1474 701 .
1495 650 1594 703 Salu-

345 718 419 768 tem
437 731 507 799 ergo
525 716 636 769 homini
654 717 768 784 adimit,
786 718 919 783 quisquis
938 719 1040 771 mortis
1057 722 1188 785 tempere
1211 718 1359 785 praeteriti
1382 720 1593 787 poenitentiam

345 786 507 854 denegant
526 787 563 839 Et
580 786 802 853 desperavit
820 788 857 840 de
876 788 1030 841 clementia
1050 788 1111 855 Dei,
1135 789 1184 855 qui
1209 804 1275 841 eum
1299 789 1337 843 ad
1362 790 1594 842 subveniendum

344 855 481 909 morienti
501 855 634 909 sulficere
652 858 698 909 vel
717 861 863 910 momento
883 872 968 924 posse
987 874 1043 911 nou
1063 857 1180 911 credit.“

451 940 485 995 B.
505 959 540 995 ex
559 942 691 997 Leonis
709 944 755 1010 M,
773 944 825 1009 Ep.
839 943 891 997 108
908 945 946 997 ad
965 945 1144 997 Theodorum
1164 944 1251 1011 episc.
1272 944 1393 999 Foroiul.
1408 961 1431 997 c.
1446 944 1473 997 l:
1492 945 1598 1013 „Quid,

346 1011 383 1064 de
395 1011 604 1078 poenitentium
618 1016 696 1066 statu
708 1014 906 1067 ecclesiastica
918 1014 1025 1067 habeat
1038 1016 1140 1083 regula
1161 1028 1218 1067 non
1232 1013 1359 1067 tacebo.“
1374 1030 1395 1066 c.
1409 1015 1442 1066 4:
1462 1014 1516 1067 His
1535 1054 1541 1067 .
1561 1056 1567 1066 .
1589 1054 1595 1066 .

346 1080 444 1147 quiin
471 1086 601 1149 tempore
627 1086 657 1135 et
682 1082 712 1135 in
732 1082 849 1149 periculi
879 1082 1009 1153 urgentis
1028 1054 1168 1137 instantia
1196 1082 1373 1149 praesidinm
1398 1083 1596 1150 poenitentiae

346 1154 375 1204 et
393 1166 460 1204 mox
478 1152 719 1206 reconciliationis
738 1152 903 1221 implorant,
931 1168 984 1206 nec
1003 1152 1164 1207 satisfactio
1181 1153 1380 1207 interdicenda
1398 1156 1451 1212 est.
1479 1168 1532 1205 nec
1550 1168 1595 1206 re-

345 1221 508 1274 conciliatio
527 1221 708 1290 deneganda,
738 1222 806 1288 quia
824 1222 1040 1275 misericordiae
1059 1222 1111 1275 Dei
1129 1238 1183 1275 nec
1201 1238 1353 1275 mensuras
1370 1237 1525 1289 possumus
1543 1236 1596 1289 po-

345 1305 422 1357 nere,
449 1306 503 1343 nec
520 1295 652 1358 tempora
671 1291 799 1359 delinire,
826 1293 905 1357 apud
923 1307 1009 1358 quern
1037 1292 1133 1345 nullas
1151 1292 1260 1359 patitur
1286 1292 1388 1345 veniae
1406 1306 1502 1345 moras
1528 1308 1595 1345 con·

345 1360 464 1413 versio“.
492 1376 515 1413 c.
534 1359 563 1412 5:
590 1360 724 1426 „Verum,
750 1366 784 1413 ut
800 1360 870 1427 dixi,
898 1361 986 1414 etiam
1005 1362 1108 1415 talium
1128 1360 1188 1428 {qui
1208 1362 1262 1426 „ad
1280 1376 1437 1428 paucarum
1455 1362 1594 1414 horarum

344 1444 376 1482 se
403 1434 553 1484 reservant
577 1429 748 1512 incertum“]
776 1430 944 1484 necessitati
962 1431 1003 1484 ita
1029 1431 1229 1484 auxiliandum
1255 1434 1309 1497 est,
1336 1434 1415 1484 utet
1440 1430 1516 1483 actio
1534 1431 1596 1485 illis

343 1499 540 1565 poenitentiae
558 1502 588 1552 et
605 1500 816 1553 communionis
834 1501 938 1569 gratia,
963 1501 986 1553 si
1006 1516 1071 1553 eam
1090 1500 1179 1553 etiarn
1198 1500 1307 1554 amisso
1324 1500 1403 1553 vocis
1421 1499 1524 1567 cilicio,
1542 1515 1596 1567 per

344 1568 453 1622 indicia
471 1569 577 1638 integri
597 1584 700 1621 sensus
718 1570 876 1637 postulant,
894 1586 951 1623 non
970 1570 1116 1639 uegetum.

451 1652 479 1707 0.
499 1670 534 1709 ex
554 1654 744 1721 Dionysii
762 1656 854 1722 Alex,
872 1657 922 1724 Ep.
942 1657 980 1709 ad
1000 1656 1153 1725 Cononem,
1173 1672 1199 1709 n.
1218 1656 1247 1707 2:
1275 1656 1327 1707 Kal
1343 1657 1402 1719 τοὺς
1420 1659 1484 1720 πρὸς
1501 1661 1533 1720 τῇ
1552 1658 1596 1718 ἐξ·

343 1728 394 1790 cap
412 1728 560 1793 poemata
577 1730 622 1775 τοῦ
641 1726 702 1789 βίοο,
723 1728 747 1776 εί
762 1727 861 1777 &aare
879 1730 926 1776 καί
944 1728 1083 1777 tumetceu
1102 1728 1221 1791 ἀφέσεως
1238 1732 1327 1790 τυχιίν
1345 1760 1352 1775 .
1371 1763 1377 1773 .
1397 1760 1404 1775 .
1423 1730 1470 1775 καί
1487 1728 1595 1790 rebmag

343 1797 501 1860 ίλοοθίροος
510 1797 691 1860 aspectamus
708 1799 754 1858 τῆς
772 1795 935 1859 &masuic
948 1798 1002 1847 terr
1017 1798 1150 1859 πολιτείας
1168 1798 1214 1846 καί
1223 1796 1428 1859 φιλανθρωπίας.
1448 1794 1488 1847 Cf.
1502 1794 1594 1849 etiam

342 1864 565 1933 Augustin,
583 1864 626 1916 lle
643 1864 733 1916 adult.
752 1864 874 1932 coning,
893 1866 911 1917 1.
931 1866 955 1931 1,
974 1882 997 1917 c.
1014 1863 1057 1917 28.
1118 1903 1123 1912 .
1181 1933 1189 1947 .

447 1947 484 2003 D.
504 1966 540 2003 ex
558 1950 673 2003 decreto
701 1950 810 2003 Cone.
836 1950 1017 2019 Nicaeni,
1045 1966 1068 2003 c.
1087 1950 1133 2003 13:
1161 1951 1289 2019 Καθόλου
1307 1952 1335 2001 δὲ
1353 1954 1400 2000 καί
1419 1953 1595 2015 περίπαπὸς

342 2016 485 2083 οὔτινοςοον
503 2021 673 2083 ίξοδείονιος,
691 2023 822 2083 cicadam
839 2026 885 2073 τοῦ
903 2028 1042 2087 paradysus
1055 2022 1228 2085 εὐχαριστίας,
1247 2022 1261 2070 d
1279 2022 1419 2083 ἐπίσκοπος
1438 2022 1503 2085 μετὰ
1520 2023 1593 2071 δοκι-

342 2096 436 2156 μασίας
445 2092 572 2213 {gffi
590 2160 650 2212 ulla
668 2162 840 2229 argumenta
857 2158 993 2212 videntur
1011 2159 1125 2226 adesse,
1157 2174 1231 2225 quae
1250 2158 1354 2211 saltem
1373 2156 1478 2211 alicubi
1498 2160 1591 2211 talem

341 2244 426 2282 usum
445 2229 574 2299 viguisse
591 2230 722 2295 probent.

443 2317 518 2369 Nam
537 2315 567 2382 c)
586 2315 747 2382 Cyprianus
765 2316 783 2367 l.
796 2330 819 2368 c.
829 2315 955 2381 loquitur
974 2314 1117 2381 imprimis
1135 2318 1249 2367 tantum
1269 2314 1305 2365 de
1323 2314 1422 2381 lapsis.
1440 2314 1594 2381 Quomodo

339 2401 408 2439 vero
426 2385 474 2438 hic
491 2386 571 2438 locus
589 2385 727 2451 explicari
745 2385 846 2451 possit,
865 2384 923 2437 iam
942 2384 1107 2437 monuimus
1126 2384 1156 2437 in
1174 2398 1313 2449 responso
1330 2384 1368 2435 ad
1387 2384 1453 2435 dub.
1472 2383 1497 2449 9,
1510 2382 1547 2451 c),
1566 2400 1590 2437 a

445 2452 473 2521 b)
491 2454 659 2521 Respondet
677 2454 743 2507 Col
754 2455 762 2505 l
773 2458 811 2508 et
829 2453 948 2523 (ltigne,
962 2452 990 2506 C.
1000 2454 1040 2507 th.
1051 2453 1149 2521 XXII,
1162 2454 1213 2506 rol.
1223 2450 1299 2517 543):
1318 2450 1405 2518 „eum
1419 2453 1457 2505 ad
1476 2468 1593 2506 sacram

341 2526 474 2593 synaxim
493 2524 575 2593 digni
593 2524 682 2576 etiam
695 2525 879 2589 requiruntur
897 2522 1092 2589 poenitentiae
1107 2523 1225 2589 fructus,
1243 2537 1300 2575 non
1312 2522 1410 2574 minus
1428 2522 1465 2574 de
1477 2522 1594 2576 Eucha-

339 2594 432 2662 ristia,
450 2609 538 2660 quam
557 2594 594 2645 de
611 2593 802 2659 absolutione,
823 2593 949 2662 intelligi
967 2596 1063 2659 potest
1081 2592 1246 2659 praedictus
1264 2591 1382 2645 canon“.

444 2662 470 2729 c)
488 2663 717 2745 Respondemus,
736 2663 761 2714 si
772 2662 955 2716 innocentius
973 2678 1043 2715 voce
1062 2662 1275 2715 communionis
1292 2660 1484 2714 intellexisset
1503 2662 1591 2714 abso-

340 2733 480 2786 lutionem
499 2749 516 2785 a
534 2732 670 2800 peccatis,
689 2732 746 2784 rusi
764 2733 801 2785 de
816 2731 910 2798 priore
928 2732 1130 2785 observatione
1149 2731 1257 2784 erravit
1273 2730 1432 2797 (Heinrich,
1451 2730 1589 2799 Dogmat

340 2802 435 2856 Theoi.
446 2804 481 2855 X.
493 2802 553 2867 Bu,
573 2802 597 2853 S.
608 2801 644 2854 43
660 2800 677 2867 θ
695 2801 758 2867 562)
778 2802 870 2868 potuit
887 2805 1002 2855 tantum
1022 2800 1147 2867 aliquem
1158 2800 1361 2867 particularem
1379 2815 1465 2852 usum
1484 2800 1591 2853 veniae

340 2874 518 2924 recusandae
528 2871 639 2923 clinicis
648 2872 799 2938 respicere.
813 2873 852 2924 st
861 2886 963 2937 reapse
973 2871 1116 2923 intellexit
1128 2870 1348 2923 Eucharistiam.
1363 2870 1437 2922 Nam
1448 2869 1478 2935 α)
1488 2870 1591 2935 poeni-

339 2942 460 2995 tentiam
486 2941 604 2994 concedi
623 2940 686 2993 sine
704 2941 886 2994 absolutione
904 2941 1129 2995 Novatianorum
1149 2943 1219 3007 erat,
1245 2954 1302 2991 non
1321 2940 1461 2991 ecclesiae
1487 2939 1590 2992 catho-

339 3013 431 3076 licae,
454 3012 477 3073 β)
497 3026 568 3062 sane
586 3011 701 3075 „durior
719 3011 869 3063 remissi0“
888 3011 976 3063 etiam
995 3015 1041 3064 est
1064 3010 1215 3063 remissio:
1236 3007 1270 3077 q)
1289 3008 1323 3061 cf.
1342 3010 1410 3061 Pius
1428 3008 1484 3075 Vl,
1511 3010 1587 3063 Bull.

340 3082 493 3132 Auctorem
512 3079 588 3132 fidei.
617 3110 651 3117 -·
668 3080 714 3132 Ad
733 3080 934 3133 difficultatem
954 3096 989 3133 ex
1008 3081 1096 3132 verbo
1115 3078 1265 3145 „securos“
1284 3078 1439 3145 respondet
1464 3078 1589 3131 Collet

339 3150 450 3218 (hligne
475 3150 526 3201 col.
545 3148 627 3215 eloy:
653 3150 732 3216 „Etsi
756 3166 814 3202 non
832 3150 950 3202 omnino
975 3150 1076 3202 deerat
1093 3150 1233 3201 securitas
1251 3146 1493 3201 reconciliationis
1518 3163 1585 3200 cum

339 3220 408 3284 Deo,
434 3219 529 3284 qualis
548 3235 587 3271 sc.
605 3235 658 3285 per
680 3220 892 3273 absolutionem
911 3224 940 3272 et
958 3218 1158 3271 contritionem
1185 3218 1285 3270 haberi
1305 3218 1408 3283 potest,
1435 3220 1466 3268 at
1484 3216 1586 3271 deerat

339 3288 479 3343 securitas
497 3288 632 3355 publicae
650 3305 715 3341 curn
733 3289 856 3341 ecclesia
875 3288 1122 3341 reconciliationis.
1143 3286 1225 3341 Unde
1244 3303 1309 3339 cum
1328 3286 1357 3354 ii,
1376 3286 1425 3353 qui
1443 3286 1586 3339 hactenus

339 3362 479 3412 steterant
499 3358 612 3423 infide,
639 3359 773 3411 viderent
797 3360 895 3425 lapsos
913 3358 1032 3425 perinde
1056 3361 1088 3410 ut
1106 3357 1369 3411 excommunicatos
1387 3356 1497 3423 haberi,
1526 3371 1584 3409 non

338 3428 458 3481 dubium
477 3432 530 3494 est,
559 3428 628 3493 quin
646 3428 799 3480 elabendi
824 3428 984 3481 tentatione
1003 3430 1135 3493 potenter
1152 3427 1374 3479 retraherentur.
1410 3426 1525 3492 Ecquis,
1552 3428 1587 3479 ut

337 3498 501 3565 composita
519 3502 587 3550 sunt
604 3498 754 3549 hominum
774 3497 900 3565 ingenia,
927 3512 984 3549 non
1003 3497 1099 3565 magis
1117 3498 1154 3549 ab
1174 3496 1316 3549 adulterio
1334 3495 1478 3547 abstineat
1504 3496 1585 3548 metu

337 3568 644 3621 excommunicationis
663 3567 889 3635 denuntiandae,
914 3582 1000 3631 quam
1021 3567 1076 3618 sibi
1096 3565 1286 3635 denegandae
1304 3580 1321 3617 a
1340 3564 1514 3617 confessario
1532 3564 1585 3616 ab·

337 3637 505 3690 solutionis?
541 3637 633 3704 Adde,
652 3636 728 3702 quod
748 3638 833 3705 longe
851 3636 980 3689 securius
1000 3638 1123 3689 salutem
1144 3650 1259 3701 sperare
1278 3636 1385 3701 posset,
1403 3634 1451 3699 qui
1471 3634 1534 3685 eius
1553 3633 1584 3685 in

336 3706 519 3759 Eucharistia
538 3706 643 3774 pignus
662 3706 828 3773 recipiebat,
847 3709 877 3758 et
894 3705 1073 3758 sollemniter
1091 3705 1230 3758 ecclesiae
1248 3702 1450 3756 reconciliatus
1468 3703 1583 3769 perim-

336 3777 510 3842 positionem
534 3791 682 3843 manuum,
714 3775 861 3843 suffragiis
890 3776 952 3827 eius
979 3774 1180 3841 adiuvabatur,
1210 3788 1297 3839 (quam
1322 3773 1380 3840 qui,
1407 3776 1439 3825 ut
1463 3773 1582 3840 grauius

336 3846 420 3912 lapsi,
440 3846 519 3897 hisce
529 3845 683 3911 praesidiis
702 3843 859 3898 destitutus
878 3846 964 3897 erat“.
984 3844 1104 3910 Deinde,
1122 3844 1198 3909 quod
1211 3842 1581 3896 communiciltaconcessa

336 3922 382 3967 est
400 3914 430 3966 in
448 3914 628 3980 oppositione
646 3914 879 3981 adNovatianos,
898 3914 1066 3967 attendatur
1082 3915 1196 3980 oportet
1212 3928 1269 3965 non
1280 3912 1350 3965 dici:
1368 3927 1405 3964 ne
1418 3926 1581 3979 sequamur,

337 3984 388 4036 sed
405 3999 441 4035 ne
460 3984 541 4049 sequi
559 3984 717 4036 videamur.
737 3984 852 4036 Scilicet
870 3999 952 4050 „curn
961 3984 1115 4036 Novatiani
1135 3999 1170 4036 ex
1189 3997 1240 4034 sna
1260 3980 1404 4035 sententia
1422 3985 1451 4033 et
1462 3980 1580 4033 veniam

336 4056 366 4106 et
384 4052 645 4106 reconciliationem
669 4068 734 4105 cum
753 4054 875 4106 ecclesia
894 4068 1063 4119 sacramque
1082 4051 1313 4105 communionem
1331 4050 1496 4119 negandam
1515 4066 1581 4103 esse

336 4123 427 4189 lapsis
452 4123 665 4187 contenderent,
694 4123 742 4189 qui
762 4124 863 4190 primo,
891 4122 967 4188 quod
991 4123 1156 4188 frequenter
1180 4126 1289 4173 secreto
1312 4119 1409 4188 tiebat,
1436 4135 1581 4187 concesso,

335 4195 467 4258 alterum,
492 4192 568 4257 quod
586 4192 721 4245 omnihus
739 4197 839 4245 notum
858 4208 923 4245 esse
941 4194 1062 4259 poterat,
1090 4192 1225 4260 negabat,
1252 4193 1367 4256 poterat
1383 4189 1470 4258 vulgo
1487 4188 1580 4251 videri

336 4261 474 4327 subsequi
492 4261 629 4313 duritiam
648 4260 828 4315 Novatiani“.
846 4261 1034 4327 Palmieri,
1069 4261 1110 4313 De
1128 4276 1209 4327 poen.
1229 4260 1269 4313 th.
1287 4259 1313 4327 9,
1332 4259 1387 4327 111,
1405 4275 1431 4311 a.
1450 4258 1581 4324 Denique

334 4331 411 4399 quod
440 4331 545 4384 dicitur
564 4334 613 4396 „ut
636 4348 654 4384 a
672 4335 811 4398 perpetuo
835 4332 923 4384 exitio
948 4330 1156 4397 vindiceatum,
1184 4329 1231 4381 hic
1255 4328 1374 4381 effectus
1401 4328 1529 4381 intentus
1554 4326 1579 4379 ai

333 4401 470 4455 tribuitur
479 4400 567 4453 etiarn
587 4401 780 4454 communioni
799 4400 1018 4468 eucharisticae,
1037 4399 1113 4467 quod
1133 4400 1166 4465 is,
1185 4398 1233 4465 qui
1252 4399 1314 4451 eius
1332 4412 1435 4465 expers
1451 4400 1503 4463 est,
1523 4410 1579 4449 non

333 4471 455 4524 habebit
480 4470 572 4523 vitam
597 4475 755 4537 aeternam,
782 4473 882 4523 nostra
905 4470 935 4522 in
960 4485 1099 4536 praesens
1124 4484 1180 4521 non
1209 4466 1338 4534 interest,
1365 4466 1521 4519 dummodo
1548 4466 1576 4518 id

333 4542 523 4607 componatur
540 4555 605 4592 cum
624 4539 721 4592 verbis
742 4555 795 4604 „ne
813 4542 906 4593 totum
925 4539 1040 4605 penitus
1060 4537 1231 4609 negaretud‘
1250 4540 1281 4591 et
1297 4536 1458 4603 „duriorem
1477 4536 1577 4589 remis-

334 4611 444 4664 sionem
463 4610 531 4662 lecit
548 4610 688 4676 temporis
705 4610 805 4662 ratio“.
