3450 5342
660 506 849 564 -203-

238 689 290 746 IX.
320 688 437 746 Licebit
465 687 583 759 pariter
612 687 836 756 sacerdotibus,
868 686 982 743 latini
1014 686 1127 757 eloquii
1156 686 1300 744 ecclesiae
1332 685 1376 741 in·

128 759 445 886 ⁸tltlr·ll.⁰.¹l¹l
460 756 1042 899 tutinus.attitulatis.
1078 755 1379 882 imbibisti

128 847 263 957 gotes'
285 913 387 966 vero,
424 896 589 970 linguae
630 897 954 968 palaeoslavicae
990 895 1175 952 ecclesiis
1215 893 1378 961 addicti,

127 969 267 1026 eodem
295 969 367 1023 hoc
393 968 580 1024 idiomate
609 967 870 1050 uepriratum
899 965 1229 1038 quidemSacrum
1250 965 1380 1020 iacere

130 1043 331 1109 poterunt
349 1038 388 1093 in
407 1036 598 1106 ecclesiis,
617 1038 683 1092 ubi
703 1036 824 1092 latinu
843 1036 978 1118 lingua
996 1035 1217 1092 adhibetur.

240 1107 276 1164 X.
296 1107 356 1165 Ubi
375 1123 454 1164 usus
472 1105 604 1162 invaluit
623 1106 655 1162 in
668 1106 765 1162 Missa
785 1106 917 1162 solemni
932 1104 1103 1176 Epistolam
1124 1109 1155 1161 et
1169 1103 1373 1175 Evangelium

129 1177 284 1234 slavica
313 1176 451 1243 canendi,
482 1180 555 1246 post
582 1176 765 1232 eorumdem
794 1179 918 1232 cantum
952 1175 1075 1231 latino
1102 1174 1248 1231 ecclesiae
1274 1172 1375 1244 ipsius
1407 1215 1412 1224 .

131 1247 285 1304 idiomate
310 1247 500 1311 absolutum,
528 1245 758 1302 huiusmodi
790 1243 930 1316 praxis
960 1245 1113 1300 servari
1141 1243 1299 1316 poterit.
1330 1242 1373 1298 In

131 1317 241 1372 Missis
260 1321 363 1372 autem
389 1314 621 1387 paochialibue
639 1315 688 1370 ias
707 1316 767 1372 erit
785 1319 857 1386 post
878 1315 966 1372 Euan
991 1315 1040 1371 elii
1066 1313 1276 1370 recitationem
1296 1311 1373 1367 illud

130 1387 295 1512 uiua
314 1384 469 1511 riam
488 1331 1374 1511 timatricenariamictarius.-

131 1525 343 1598 privilegium‚
374 1471 493 1596 siqui)
518 1497 632 1585 fidelis'
649 1471 823 1580 oswadegrit
850 1539 884 1580 se
902 1469 1017 1596 cgpere
1047 1469 1101 1580 utut
1128 1523 1206 1580 velle
1225 1527 1260 1578 ut
1286 1521 1334 1576 Ba
1342 1536 1376 1591 p-

132 1596 279 1652 tismus
307 1594 368 1651 vel
397 1599 647 1650 sacramenta
666 1600 799 1661 cetera,
828 1593 1080 1650 Matrimonio
1107 1607 1181 1649 non
1204 1597 1376 1662 excepto,

132 1665 196 1722 sibi
225 1665 333 1722 suisve
359 1663 621 1720 administrentur
648 1663 819 1720 secuudum
846 1662 968 1720 Rituale
997 1663 1171 1720 Romanum
1200 1661 1376 1728 latinum,

131 1740 164 1791 et
189 1734 316 1806 quidem
346 1732 518 1804 publice,
549 1732 764 1805 eademque
790 1732 924 1803 lingua
952 1732 1174 1788 habeantur
1202 1730 1377 1788 rituales

163 1819 274 1862 reces
301 1805 340 1861 in
359 1802 571 1874 sepultura
599 1808 853 1871 mortuorum,
882 1801 974 1858 huic
998 1801 1210 1858 desiderio
1237 1805 1302 1858 aut
1322 1815 1379 1856 vo·

132 1821 280 1999 funttati
302 1871 495 1939 districte
522 1871 791 1942 probibentur
813 1871 1045 1928 sacerdotes
1073 1872 1153 1927 ullo
1173 1875 1288 1942 pacto
1316 1869 1379 1926 ob·

134 1959 193 1999 sis
221 1959 297 1999 ere.

238 2011 309 2068 xn.
340 2011 383 2066 Iu
414 2011 732 2080 praedicatione
769 2011 883 2068 verbi
922 2009 1002 2072 Dei.
1039 2009 1198 2082 aliisve
1234 2010 1375 2066 cultus

133 2081 386 2138 actionibus
417 2094 520 2151 quae
555 2079 710 2136 stricte
739 2079 966 2152 liturgicae
993 2095 1070 2136 non
1099 2085 1198 2148 sunt,
1232 2077 1376 2150 lingua

134 2150 297 2208 slavica
327 2149 528 2222 vulgaris
559 2149 747 2206 adbiberi
782 2149 1072 2221 permittittur
1098 2151 1145 2205 ad
1179 2147 1373 2206 iidelium

133 2237 216 2277 com
229 2220 388 2277 modum
408 2223 445 2275 et
464 2219 702 2287 utilitatem,
729 2219 863 2276 servatis
883 2225 986 2276 tamen
1014 2218 1213 2291 generalibus
1235 2217 1374 2275 Decretis

134 2291 229 2347 buius
249 2290 360 2346 Sacrae
380 2288 507 2345 Rituum
529 2289 790 2360 congregationis

236 2358 326 2416 xm.
349 2358 496 2430 Episcopi
518 2359 642 2416 illarum
662 2358 836 2430 regionum,
861 2359 915 2416 ubi
934 2359 1042 2416 eadem
1067 2359 1098 2415 iu
1119 2375 1179 2415 usu
1198 2363 1247 2414 est
1265 2357 1372 2429 lingna

134 2430 308 2494 vernacula.
327 2428 475 2485 studeant
493 2429 689 2484 uniformi
709 2431 916 2486 curandae
939 2429 1126 2485 versioni
1146 2443 1318 2499 precum
1338 2431 1375 2483 et

134 2501 391 2570 hymnorum,
440 2498 533 2554 uibus
553 2498 689 2568 populus
716 2499 858 2568 indulget
877 2499 908 2554 in
929 2499 1057 2569 propria
1081 2498 1225 2556 ecclesia:
1251 2498 1291 2554 ad
1317 2497 1375 2552 hoc

134 2575 169 2624 ut
186 2569 241 2639 qui
259 2584 298 2625 ex
317 2583 378 2624 una
396 2515 437 2624 ag
454 2567 545 2624 mam
565 2574 730 2624 transeunt
748 2567 914 2625 dioecesim
936 2569 986 2624 vel
1002 2568 1185 2640 paroeciam,
1205 2568 1236 2623 in
1256 2567 1373 2624 nullam

136 2638 299 2696 oiieudant
317 2637 531 2708 precationum
550 2644 605 2694 aut
623 2638 813 2694 canticorum
834 2637 1059 2694 diversitatem.

238 2706 317 2763 XIV.
343 2707 369 2762 Ii
394 2705 475 2775 libri,
499 2707 532 2762 iu
557 2707 674 2778 quibus
693 2707 870 2764 continetur
888 2707 992 2764 versio
1013 2708 1141 2778 vulgata
1160 2707 1236 2763 litur
1258 2705 1378 2763 icarum
1472 2731 1475 2740 ·

136 2793 273 2848 precum,
291 2775 341 2850 ad
359 2791 477 2832 usum
499 2780 650 2832 tantum
663 2778 778 2832 modo
800 2777 1011 2848 privatum
1033 2724 1378 2834 christifidelium

136 2848 175 2901 ab
195 2846 361 2917 Episcopis
382 2845 440 2902 rite
460 2845 611 2918 recogniti
631 2845 695 2902 siut
712 2853 743 2902 et
761 2846 935 2918 approbati.

240 2933 352 2988 Datum
373 2932 498 2998 Romae,
517 2948 556 2988 ex
575 2933 748 2990 secretaria
767 2933 933 2990 Sacrorum
957 2933 1083 2989 Rituum
1107 2931 1377 3003 Congregationis

138 3003 187 3058 die
206 3005 240 3058 18
258 3000 441 3058 Decembris
460 3017 542 3058 anno
560 3004 637 3060 1906.

447 3098 478 3154 S.
498 3092 589 3155 Card.
609 3097 802 3164 CRETONI,
826 3098 1047 3154 Praefectu
1060 3114 1083 3155 s.

529 3195 548 3262 †
569 3193 604 3248 D.
624 3194 738 3262 Panici‚
757 3193 902 3263 Archiep.
923 3194 1094 3260 Laodicen..
1114 3195 1378 3250 secretarius.

139 3430 1379 3440 *m

375 3551 713 3710 leidradi
760 3561 820 3711 in
867 3551 1145 3712 donalia

140 3771 242 3848 unde
268 3792 344 3869 per
370 3793 426 3848 ss.
444 3771 656 3869 apostolos
676 3767 882 3871 Cyrillum
909 3779 952 3849 et
969 3771 1224 3850 Methodium
1243 3769 1377 3848 Slavis

270 3893 344 3970 lux
372 3901 518 3970 exorta
544 3899 621 3988 est,
646 3894 697 3969 ad
724 3896 959 3993 sepulcrum
987 3915 1019 3970 s.
1046 3894 1248 3971 Methodii

180 4024 345 4106 tempore
367 4019 547 4087 feriarum
571 4021 714 4104 (mense
738 4021 834 4090 Iulio
857 4021 918 4089 vel
943 4022 1131 4110 Augusto)
1163 4019 1332 4106 proxime

497 4134 707 4201 accuratius
730 4135 1016 4202 determinando

649 4253 867 4344 triduum

141 4395 334 4500 paratur
378 4392 680 4502 exponendis
722 4394 931 4483 nexibus
963 4396 1091 4483 inter
1123 4393 1382 4482 ecclesiam

326 4529 600 4620 Romanam
634 4539 681 4620 et
712 4532 1197 4624 Graeco-Russicam.

239 4664 404 4779 ut'quam
435 4701 565 4782 plurimi
595 4722 635 4769 eo
657 4704 864 4784 conveniant,
898 4704 951 4789 qui
978 4671 1251 4790 praelectionibus
1278 4701 1378 4771 inter-

141 4811 207 4892 sint,
228 4826 391 4894 rogamus.
761 4800 769 4820 ⁸
