3450 5342
834 404 1001 456 -tts-

285 594 460 671 promotoris
475 591 562 650 fider
586 591 637 651 sol.
660 591 797 670 Prosperi
810 590 1004 655 Lambertini.
1029 605 1130 669 postea
1153 611 1246 668 papae
1271 589 1424 649 Benedicti
1440 589 1532 662 XIV,

285 701 348 738 rem
363 680 452 738 aliam
476 677 613 738 ostendit.
647 677 732 756 Quae
754 680 882 757 paginae
906 679 930 734 V
934 727 941 742 ‚
963 677 1078 736 'l'omek
1108 679 1263 754 ingerunt:
1287 675 1339 736 sed
1362 677 1425 754 hoc,
1458 675 1534 755 qnod

288 768 449 836 continent,
472 769 535 826 eius
550 767 835 844 argumentationem
857 765 946 842 plane
974 767 1088 823 evenit.

392 852 528 912 Postulat
539 855 618 912 enirn
629 851 741 910 ibidem
753 851 892 910 defensor
905 851 973 910 lidei
1003 855 1175 930 ,scriptores
1197 865 1457 929 contemporaneos
1472 850 1534 923 (sel.

286 961 308 998 s.
332 939 450 999 Ioannit
485 943 660 1019 martyrium
687 942 856 1004 relerentes,
888 949 919 996 ut
947 939 1080 1016 probatio
1108 939 1284 996 subsidiaria
1308 940 1346 996 sit
1368 941 1401 996 in
1423 957 1531 1014 genere

286 1026 436 1104 perfecta;
467 1036 580 1085 ceteras
618 1027 692 1084 alias
722 1025 911 1104 probationes
941 1047 978 1082 ex
1001 1025 1247 1104 subsequentilms
1278 1024 1468 1104 scriptoribus
1499 1045 1533 1082 aa

287 1112 412 1171 testibus
435 1112 623 1192 desumptas“
660 1123 811 1191 tamquam
835 1113 944 1171 nullius
975 1115 1114 1172 momenti
1152 1116 1234 1170 reicit
1259 1113 1440 1170 omnes.le
1465 1111 1533 1183 illis,

285 1200 336 1259 acl.
359 1199 484 1260 testibus
506 1203 770 1278 contemporaneis,
784 1199 857 1258 duos
873 1207 988 1258 tanturn
1012 1201 1134 1276 agnovit
1157 1202 1331 1278 martyrium
1363 1199 1533 1270 referentes,

287 1285 325 1346 de
348 1286 454 1365 quibus
476 1296 566 1346 testes
589 1289 754 1346 iuramento
776 1289 978 1346 testimonium
1001 1287 1142 1346 lecerunt.
1165 1287 1252 1345 Prior
1275 1285 1395 1364 quidem
1419 1287 1532 1354 horum,

285 1376 336 1452 qui
360 1384 528 1433 asservatur
550 1376 582 1433 in
605 1373 726 1432 archivo
760 1373 881 1451 capituli
906 1377 935 1430 8.
962 1374 1021 1431 l'iti
1050 1375 1152 1446 ,1383
1185 1373 1314 1432 Iohanco
1345 1373 1382 1430 de
1415 1371 1532 1430 Pomulr

284 1459 452 1520 submersus
475 1459 512 1518 de
535 1470 624 1539 ponte
646 1464 759 1538 primus
782 1459 966 1519 decretorum
990 1459 1117 1529 doctor,“
1145 1481 1240 1539 neque
1268 1471 1532 1538 contemporaneus

284 1559 330 1606 est
360 1567 456 1626 neque
489 1568 598 1607 annum
631 1549 766 1628 martyrii
791 1569 894 1606 verum
928 1549 1071 1620 enurrtiat,
1095 1547 1147 1606 sed
1170 1545 1249 1626 quod
1273 1545 1309 1604 ad
1333 1567 1394 1605 rem
1426 1549 1533 1605 attinet

284 1634 380 1693 nihilo
403 1637 500 1692 minus
524 1655 610 1694 verus
643 1646 696 1694 est.
721 1637 842 1692 Certum
866 1645 911 1692 est
935 1655 1012 1692 nuno
1035 1635 1146 1692 sontem
1171 1655 1235 1692 esse
1259 1655 1296 1692 ex
1320 1654 1398 1692 anno
1425 1635 1531 1698 1483:

285 1722 341 1780 hoe
374 1724 434 1780 iam
468 1722 687 1800 Berghauer
717 1723 905 1787 (Protomart.
940 1725 1139 1799 poenitentiae
1175 1721 1225 1798 11.)
1261 1723 1300 1779 35
1336 1741 1429 1780 annos
1464 1729 1531 1798 post

285 1811 540 1868 canonizationem
564 1819 694 1867 novarat.
718 1807 777 1867 e'ed
799 1808 897 1888 quoad
921 1829 991 1880 rem,
1014 1810 1090 1868 sicut
1109 1807 1219 1867 dictum
1243 1817 1295 1880 est,
1317 1807 1383 1866 fons
1406 1811 1532 1866 veritate

287 1894 405 1973 gaudet.
439 1898 551 1954 Auctor
583 1893 688 1974 probat
722 1897 845 1954 formam
885 1895 1052 1968 ,lolianco“
1089 1895 1195 1953 ducere
1228 1915 1280 1954 nos
1314 1895 1352 1954 ad
1387 1897 1530 1953 vicarium

286 1983 456 2060 generalem
478 1978 565 2062 (voce
580 1981 759 2040 diminutiva
773 2003 840 2042 eum
854 1992 972 2061 propter
995 1991 1125 2041 staturae
1148 1985 1325 2062 parvitatem
1350 1982 1532 2061 appellatum

285 2089 350 2128 esse
372 2072 436 2148 ipse
463 2069 579 2127 Tomek
602 2068 707 2146 dicit):
732 2072 801 2126 item
833 2068 1014 2140 attributum,
1042 2069 1242 2143 ,decretorum
1265 2069 1383 2128 doctor“
1409 2069 1453 2126 illi
1476 2068 1531 2127 soli

283 2156 374 2215 tribui
398 2177 492 2235 posse.

385 2270 472 2327 Alter
486 2269 552 2327 fons
567 2278 838 2346 contemporaneus,
853 2267 945 2326 verba
960 2269 1174 2346 archiepiscopi
1187 2269 1354 2346 Moguntini
1366 2263 1527 2348 (Raynald.

287 2356 422 2414 Annales
448 2358 539 2426 1400,
562 2377 590 2414 n.
609 2354 669 2433 13),
693 2375 758 2414 cum
780 2365 895 2414 tantum
919 2357 1098 2432 generaliter
1119 2377 1181 2414 rem
1197 2355 1312 2424 referat,
1328 2374 1389 2412 non
1404 2354 1527 2412 multum

283 2441 322 2500 ad
354 2441 558 2521 probationem
592 2443 699 2503 attulit.
733 2441 793 2502 sed
826 2442 912 2502 nobis
946 2465 980 2500 oo
1014 2453 1058 2500 est
1092 2445 1244 2521 pretiosus,
1279 2443 1350 2520 quia
1387 2440 1525 2510 ostendit,

285 2528 450 2601 ,doctorem
474 2529 635 2603 Iohanco“,
658 2533 740 2588 euius
762 2529 925 2588 submersio
948 2532 980 2587 in
996 2530 1158 2588 (1111111111
1173 2529 1248 2588 bene
1265 2537 1334 2586 nota
1351 2537 1422 2600 crat,
1438 2547 1527 2607 quam

281 2618 519 2693 contemporanei
550 2617 706 2694 scriptores
739 2617 875 2694 Hagen
906 2617 1082 2688 (Debitor,
1109 2615 1264 2674 Vindiciae
1297 2614 1359 2689 32),
1391 2614 1530 2674 Ludol·

278 2702 385 2780 phus,
409 2701 500 2760 abbas
518 2703 710 2773 Zahanensis,
733 2701 898 2782 (lrosertt
919 2703 1009 2760 Arclr.
1033 2705 1052 2763 t'.
1065 2713 1090 2760 o.
1108 2703 1312 2762 1111111111
1328 2701 1365 2760 dc
1385 2703 1528 2780 longaevo

281 2789 441 2848 schismate
463 2811 491 2867 p.
514 2787 599 2870 419),
636 2791 806 2848 Ioannes
836 2791 1086 2866 Posilgcnsis
1125 2789 1448 2869 (Scriptrenssoruss.
1471 2789 1527 2846 Ill.

283 2875 357 2954 181)
388 2877 531 2954 multique
562 2877 614 2934 alii
638 2877 674 2934 ad
698 2899 808 2936 annum
841 2879 923 2935 1303
956 2889 1067 2944 notant,
1091 2899 1157 2936 cnm
1180 2877 1217 2936 de
1240 2879 1352 2936 Ioanne
1384 2879 1525 2936 canonico

281 2983 360 3021 anno
387 2964 467 3020 1383
492 2965 669 3041 interempto
693 2985 777 3022 nemo
793 2966 923 3036 sciverit,
947 2975 1080 3023 sanctum
1103 2964 1284 3023 declaratum
1309 2985 1382 3024 esse.
1403 2965 1528 3040 Insuper

281 3048 445 3108 notandum
475 3061 520 3108 est
549 3054 806 3126 congregationem
830 3051 877 3109 his
908 3051 1032 3110 testibus
1056 3072 1115 3109 non
1138 3053 1227 3110 fuisse
1251 3061 1428 3110 contentam.
1462 3049 1527 3108 Nisi

282 3136 361 3195 facta
390 3145 490 3196 essent
512 3138 662 3205 miracula,
697 3158 762 3195 cum
796 3138 1007 3196 exhumaretur
1041 3159 1145 3216 eorpus
1176 3161 1197 3196 1.
1223 3139 1244 3195 l.
1271 3139 1347 3216 Nep.
1370 3140 1402 3195 in
1425 3137 1526 3214 lingua

285 3225 355 3294 eius,
379 3225 564 3282 canonisatio
587 3245 647 3282 non
669 3224 848 3301 profecisset.

384 3311 433 3368 Ex
456 3331 513 3388 quo
536 3320 625 3388 patet.
648 3331 706 3368 non
730 3310 813 3369 illum
837 3313 979 3371 Ioannem
1004 3314 1209 3370 canonicatum
1243 3313 1341 3377 fnisse,
1365 3331 1453 3388 quem
1476 3312 1527 3387 pia

279 3399 379 3477 opinio
409 3397 520 3456 saeculi
546 3400 593 3455 18.
617 3419 634 3455 a
657 3400 768 3456 vicario
798 3399 928 3474 generali
961 3397 1111 3456 diversum
1145 3398 1274 3476 putabat.
1298 3397 1350 3455 sed
1372 3397 1464 3464 illum,
1488 3395 1526 3453 ds

279 3504 336 3563 quo
352 3487 511 3562 loquuntur
525 3482 645 3543 adducti
662 3484 766 3553 fontes,
782 3487 833 3562 qui
848 3484 958 3542 ducunt
975 3483 1013 3542 sd
1029 3486 1170 3543 loannem
1187 3487 1329 3543 ricarium
1346 3483 1524 3561 generalem.

282 3572 339 3630 Pia
363 3574 462 3650 opinio
485 3571 537 3630 illa
561 3591 620 3628 non
642 3571 698 3629 snit
720 3570 945 3630 fundamentum
968 3575 1209 3633 canonizationis.
1232 3607 1275 3614 —

385 3659 431 3717 De
455 3661 574 3716 nomine
604 3658 691 3716 huius
725 3681 747 3718 s.
771 3659 911 3718 loannis:
942 3659 1069 3716 fueritne
1101 3657 1138 3717 de
1172 3659 1289 3718 I'omuk
1323 3679 1361 3716 an
1393 3657 1430 3716 de
1464 3657 1525 3715 Ne-

279 3745 390 3823 pomnk
412 3780 452 3788 --
478 3726 511 3807 S'.
535 3743 620 3802 docet
654 3746 770 3804 collatis
804 3748 871 3804 aliis
902 3745 1046 3824 exemplis
1079 3767 1185 3805 nomen
1209 3745 1324 3804 l’omnk
1356 3746 1525 3803 monasterii

281 3831 487 3893 Cistsreiensis
510 3841 539 3889 et
562 3831 662 3910 oppidi
686 3835 836 3910 antiquius
859 3853 942 3904 esser
975 3853 1051 3890 nune
1074 3845 1171 3890 autem
1197 3835 1361 3892 evanuisse.
1385 3865 1426 3873 -
1449 3831 1525 3889 Tum

281 3899 315 3980 dl.
338 3921 400 3995 agit
423 3917 460 3976 de
483 3919 620 3996 opinione
643 3921 674 3978 J.
697 3919 821 3998 Lippert
844 3919 955 3995 (1111111.
980 3919 998 3976 l'.
1023 3919 1050 3977 11.
1073 3919 1109 3982 G.
1134 3925 1162 3977 8.
1187 3921 1223 3978 l).
1247 3924 1265 3977 i.
1290 3921 1323 3979 B.
1349 3921 1440 3982 1901.
1473 3917 1523 3992 28)

278 4006 422 4064 Ioannem
450 4005 691 4082 Nepomucenum
719 4028 779 4064 non
809 4027 825 4063 e
855 4005 970 4064 l'omulr
1005 4015 1098 4063 ortum
1129 4027 1210 4065 esse:
1242 4009 1323 4065 cuins
1353 4013 1525 4083 argumenta

280 4093 364 4150 nulla
385 4111 450 4150 esse
473 4090 610 4149 ostendit.

274 4178 278 4184 ’
381 4179 522 4236 Fueritne
545 4179 665 4236 natione
688 4180 854 4236 Germanus
878 4199 915 4236 an
940 4179 1246 4251 Bohemus,nondu1n
1270 4191 1314 4238 111
1337 4178 1520 4256 exploratum

280 4264 320 4342 ln·
346 4265 408 4339 13).

378 4349 467 4428 Quod
488 4350 609 4429 quidam
632 4373 654 4410 s.
680 4353 781 4410 loanni
807 4353 843 4410 N.
868 4353 1065 4430 exprobravit,
1098 4353 1175 4431 quod
1199 4355 1354 4431 pecuniam
1386 4363 1516 4410 mutuam

273 4437 405 4496 dedisset
427 4437 513 4497 modo
537 4437 738 4517 improbando,
762 4420 795 4501 S.
819 4439 948 4498 ostendit
965 4440 1144 4498 calumniam
1156 4461 1236 4507 esse:
1258 4461 1331 4512 eum,
1348 4458 1414 4497 cum
1428 4435 1524 4496 scriba

275 4535 360 4585 esset.
395 4528 549 4604 pecuniam
584 4528 649 4584 sine
679 4529 773 4584 usuris
804 4525 965 4584 credidisse
998 4548 1051 4586 nee
1082 4549 1177 4605 poena
1208 4527 1520 4586 excommunicationis

277 4611 380 4671 addita
403 4611 550 4670 duriorem
573 4633 605 4670 se
628 4611 806 4690 praebuisse.

379 4698 592 4774 Quaestionem
634 4700 773 4757 fuerit-ne
804 4722 825 4757 s.
856 4703 985 4760 loannes
1016 4700 1083 4758 ideo
1116 4703 1200 4778 aquis
1232 4699 1408 4770 submersus,
1447 4700 1519 4776 quia
