3450 5342
813 496 1008 554 -184—

290 688 491 765 episcoporum
515 683 683 763 pendebat3
707 688 757 765 qui
781 705 846 743 cum
871 684 967 743 feudis
990 685 1159 763 imperatori
1184 682 1305 741 obnoxii
1329 682 1399 741 facti
1426 692 1528 751 essent,

289 772 415 832 liberare
438 792 469 831 se
492 793 552 831 non
574 782 718 851 poteraut.
743 775 771 830 2.
794 770 982 850 Quapropter
1004 770 1077 829 haec
1100 771 1242 829 ecclesiae
1259 770 1354 827 forma
1368 767 1529 829 rationibus

287 863 351 919 eius
367 880 427 919 non
450 859 589 917 conducit
604 869 634 916 et
649 862 808 918 auctoritas
823 880 846 919 a.
862 858 942 917 sedis
964 858 1129 916 efflorescit.
1155 857 1249 916 Simul
1269 876 1334 914 cum
1360 859 1530 914 auctoritate

289 948 474 1025 religiosas.
497 945 576 1004 sedis
599 944 720 1004 libertas
743 947 841 1004 civilis
863 945 943 1004 laeta
966 948 1149 1003 incrementa
1171 947 1258 1023 capit.
1281 942 1361 1020 Ergo
1384 964 1428 1015 ea,
1458 962 1530 1022 quae

289 1033 328 1093 ad
351 1045 486 1092 naturam
510 1032 686 1111 aptitudinis
708 1032 747 1091 ad
769 1036 815 1091 ius
838 1033 1068 1091 internetionale
1090 1034 1240 1111 pertinent
1271 1031 1481 1109 (principatum
1502 1040 1530 1088 et

291 1119 458 1179 libertatem
489 1130 518 1177 et
548 1119 810 1197 independentiam
846 1119 1003 1197 [,ruzvitie
1037 1120 1245 1189 suvercuiteta,
1275 1116 1409 1197 svobody
1439 1118 1450 1175 i
1482 1137 1530 1175 ne·

289 1206 517 1285 uarisimosti“])
541 1205 649 1265 bonum
673 1207 815 1265 ecclesiae
839 1205 1015 1283 postulabat.
1040 1208 1066 1263 3.
1089 1204 1148 1264 Ubi
1174 1224 1288 1265 summa
1310 1206 1426 1283 imperii
1455 1202 1529 1282 apud

288 1314 377 1353 uuum
400 1304 453 1365 est,
472 1314 594 1370 regnum
610 1315 628 1351 a
644 1314 712 1370 rege
728 1314 787 1351 uon
803 1291 909 1351 differt.
932 1294 998 1350 Rex
1018 1292 1196 1351 christianus
1220 1290 1354 1349 subditus
1369 1302 1414 1349 est
1429 1312 1529 1369 papae,

287 1401 340 1460 per
361 1400 461 1458 regem
485 1400 615 1457 reguum.
639 1381 686 1438 lta
707 1389 837 1457 potestas
860 1382 1046 1458 imperatoris
1062 1388 1212 1437 coercetur
1233 1380 1406 1437 auctoritate
1429 1398 1529 1457 papae.

287 1469 368 1545 Ergo
401 1478 525 1545 papatus
566 1477 711 1545 potestate
746 1468 827 1525 civili
872 1469 1003 1545 superior
1032 1467 1126 1524 factus
1154 1476 1199 1524 est
1230 1474 1348 1543 propter
1377 1466 1529 1523 civitatum

287 1554 574 1613 administrationem
606 1556 726 1630 regiam.
751 1556 779 1614 4,
803 1554 959 1612 Persuasio
990 1553 1145 1611 ecclesiam
1180 1550 1365 1610 liberandam
1396 1572 1461 1611 esse
1484 1572 1530 1610 ec·

287 1642 407 1700 clesiam
431 1643 556 1699 mutavit
579 1642 611 1698 in
634 1642 785 1699 civitatem
818 1640 1010 1718 spiritualem,
1041 1660 1115 1717 quae
1146 1641 1232 1698 unius
1263 1648 1335 1698 nutu
1358 1642 1477 1716 regitur.
1501 1641 1528 1698 S.

285 1727 365 1787 sedis
388 1737 518 1806 potestas
540 1726 627 1785 rebus
650 1726 777 1805 publicis
800 1729 928 1787 exitiosa
950 1748 1014 1785 esse
1037 1730 1103 1785 visa
1118 1736 1170 1797 est,
1187 1724 1265 1785 unde
1281 1736 1430 1784 certamen
1454 1728 1530 1784 inter

285 1824 460 1893 potestatem
484 1814 653 1891 religiosam
677 1814 837 1893 (papalem)
854 1825 884 1872 et
900 1815 1018 1872 civilem
1041 1811 1204 1893 (gallicana
1214 1815 1288 1871 ratio
1303 1823 1333 1871 et
1348 1812 1528 1891 germanica)

286 1911 381 1961 ortum
411 1911 464 1959 est.
498 1900 581 1979 Papa
612 1900 780 1959 libertatem
810 1920 891 1959 suam
924 1898 1090 1979 (ecclesiae)
1124 1900 1276 1959 muniebat
1306 1910 1335 1957 et
1358 1898 1437 1958 sedis
1460 1918 1529 1958 suae

284 1990 452 2067 principatu
476 1988 613 2065 religioso
628 1999 811 2065 propugnato
827 1999 857 2046 et
872 1996 1017 2066 potestate
1033 1988 1175 2045 saeculari
1199 1990 1350 2066 supposita
1372 1987 1526 2065 spirituali.

285 2074 463 2135 Universale
487 2076 641 2153 imperium
665 2075 771 2152 papale
788 2076 969 2153 propositum
985 2084 1038 2133 est.
1062 2076 1142 2151 Ergo
1165 2076 1196 2132 in
1220 2086 1297 2132 statu
1320 2074 1526 2152 patriarchalis

285 2161 454 2221 dominatus
485 2161 516 2237 (r
546 2160 695 2238 uslovijab
729 2160 918 2237 absoljutnoj,
949 2162 1170 2241 patriarbalnoj
1203 2160 1363 2239 monorbii)
1397 2160 1526 2220 evolutio

280 2268 389 2316 eorum,
420 2268 496 2325 quae
519 2246 556 2306 ad
587 2258 723 2307 naturam
753 2247 928 2325 aptitudinis
960 2247 996 2306 ad
1032 2250 1077 2307 ius
1109 2248 1338 2306 internatiouale
1369 2248 1527 2326 pertinent

279 2336 403 2412 imperio
418 2337 572 2412 potestatis
589 2336 751 2412 spiritualis
770 2338 800 2392 in
817 2336 997 2393 saecularem
1010 2334 1225 2396 continebatur.
1243 2338 1270 2393 5.
1287 2335 1353 2393 Hoc
1372 2337 1527 2413 imperinm

280 2442 339 2480 uon
371 2420 541 2479 continebat
564 2442 607 2492 ea,
637 2442 712 2499 quae
735 2421 774 2479 ad
797 2433 932 2479 naturam
956 2422 1134 2481 theocratiae
1164 2424 1321 2499 pertinent,
1355 2424 1432 2500 quia,
1460 2422 1528 2481 licet

278 2528 356 2586 papa
368 2510 406 2565 sit
417 2528 507 2566 uuum
524 2507 687 2566 subiectum
700 2508 779 2566 reale
794 2511 946 2586 utriusque
958 2512 1121 2586 potestatis,
1137 2508 1271 2567 subiecta
1282 2508 1392 2567 idealia
1405 2522 1527 2568 manent

278 2594 416 2653 diversa:
451 2594 577 2653 ecclesia
599 2605 628 2652 et
651 2597 815 2673 imperium.
848 2598 875 2653 ti.
899 2596 1059 2654 Crescente
1082 2615 1177 2674 papae
1211 2605 1355 2674 potestate
1378 2597 1527 2675 spirituali

278 2682 378 2760 populi
402 2679 441 2738 ad
456 2702 518 2738 rem
534 2680 682 2758 publicam
706 2680 831 2741 consilia
847 2691 877 2739 et
893 2684 1088 2759 cogitationes
1113 2682 1221 2739 referre
1245 2692 1423 2761 coeperunt3
1446 2682 1528 2743 unde
1602 2696 1604 2699 ’

219 2784 224 2795 ·
278 2767 400 2827 libertas
433 2770 549 2846 imperii
573 2788 591 2826 a
613 2771 694 2826 curia
716 2778 780 2827 tuta
802 2768 920 2827 reddita
942 2780 995 2827 est.
1027 2768 1216 2846 Quapropter
1238 2790 1312 2848 spes,
1348 2789 1406 2848 qua
1429 2791 1527 2853 papae

279 2854 357 2913 orbis
380 2865 523 2913 terrarum
546 2856 702 2933 imperium
725 2854 1004 2933 complectebantur,
1029 2858 1112 2914 irrita
1136 2855 1252 2914 cecidit.
1487 2854 1490 2859 ’

383 2943 476 3000 Aetas
499 2944 616 3000 tertia
639 2940 769 3018 (Arenio
784 2978 821 2984 —
839 2944 933 3020 1789)
949 2963 977 3020 p.
995 2944 1154 3001 87-1‘20.
1171 2943 1201 3020 1)
1219 2944 1347 3021 Imperia
1362 2943 1527 3001 saecularia

279 3048 315 3087 ea
337 3030 500 3105 acquirunt,
523 3048 598 3107 quae
621 3028 659 3086 ad
682 3030 727 3087 ius
750 3030 980 3087 internetionalc
1003 3032 1161 3107 pertinent.
1189 3064 1227 3072 —
1251 3030 1383 3107 Papatus
1418 3050 1524 3101 mores,

279 3135 344 3173 cum
374 3113 475 3173 orbem
509 3125 650 3173 terrarum
683 3116 841 3185 affectaret,
873 3116 948 3194 lapsi
981 3127 1067 3191 sunt,
1101 3116 1244 3193 religione
1275 3116 1410 3192 neglecta
1433 3115 1470 3174 de
1494 3138 1524 3175 rc

278 3201 397 3282 publica
420 3200 563 3279 agebatur
585 3202 624 3279 (p.
641 3203 800 3278 87-91):
818 3203 912 3268 simul
928 3224 993 3261 cnm
1010 3203 1122 3269 morali,
1139 3206 1228 3261 etiam
1246 3204 1422 3280 religiosas.
1439 3202 1525 3263 Sedis

279 3290 446 3359 auctoritas,
476 3292 608 3346 maxima
638 3288 771 3347 defensio
801 3311 819 3348 a
847 3300 994 3367 potestate
1025 3290 1116 3360 civili,
1151 3289 1276 3369 ideoque
1307 3288 1428 3348 libertas
1461 3292 1526 3368 ipsa

278 3375 473 3435 minuebatur.
496 3377 680 3434 Auctoritatc
704 3376 961 3453 religioso-morali
985 3376 1109 3436 cudente
1133 3376 1261 3437 concilia
1293 3377 1525 3436 Constantiense
1580 3434 1585 3443 ,

281 3473 310 3521 et
333 3464 506 3521 Basilecnse
528 3472 703 3540 potestatem
734 3484 829 3541 papae
863 3462 989 3522 decretis
1013 3462 1049 3521 de
1073 3465 1232 3543 episcopali
1269 3464 1363 3522 formu
1397 3462 1525 3523 admini-

279 3552 430 3609 strationis
440 3549 582 3608 ecclesiae
592 3549 891 3623 circumscribebaut3
909 3570 967 3627 qua
979 3550 1073 3609 forma
1087 3554 1222 3610 restituta
1238 3552 1363 3628 imperia
1378 3550 1525 3609 catholica

276 3636 370 3695 tuteli
392 3646 517 3714 papatus
540 3639 602 3713 regi
626 3635 786 3704 desinunt,
811 3656 886 3715 quac
902 3636 1047 3709 liberatio,
1065 3636 1177 3697 abires
1193 3638 1373 3697 christianae
1396 3650 1523 3696 novatae

277 3732 345 3782 suut
368 3744 420 3800 per
442 3732 646 3800 protestantes,
669 3724 827 3801 perficitur.

382 3813 409 3866 2.
440 3809 555 3885 Quibus
586 3809 719 3887 aptitudo
743 3810 780 3867 ad
803 3813 849 3868 ius
873 3810 1100 3868 internetionalc
1132 3813 1305 3881 continetur,
1338 3820 1438 3869 tumen
1461 3830 1477 3869 a
1500 3834 1523 3869 s.

278 3895 355 3955 Sede
378 3905 493 3954 retenta
522 3907 590 3955 sunt
613 3894 821 3977 (rtis—1145).
846 3932 884 3939 -
909 3898 1067 3968 'Perminis
1102 3897 1207 3974 quibus
1238 3900 1397 3955 auctoritas
1427 3918 1521 3976 papae

276 4003 329 4061 per
351 3983 478 4040 concilio
501 3984 729 4041 Constantiensc
752 3993 781 4041 et
797 3984 969 4043 Basileense
992 3984 1077 4041 finita
1092 3994 1163 4053 erat,
1179 4004 1197 4041 a
1212 3982 1389 4042 ll'ridcntino
1405 3984 1521 4057 ablatis,

279 4071 461 4148 principatus
484 4070 639 4145 religiosus
662 4093 684 4128 s.
708 4068 793 4128 b'edis
817 4072 967 4129 restitutus
991 4080 1054 4145 cst3
1079 4072 1285 4148 importunitas
1313 4070 1429 4129 illorum
1454 4092 1523 4129 con·

276 4157 408 4215 ciliorum
433 4167 462 4214 et
485 4154 606 4214 libertus
635 4159 789 4235 potestatis
817 4158 987 4235 spiritualis,
1011 4158 1105 4215 forma
1135 4157 1277 4216 ccclesiae
1305 4159 1464 4236 episcopali
1488 4160 1521 4217 in

275 4243 436 4321 periculum
450 4242 584 4315 adducta,
597 4264 692 4301 rerum
706 4246 895 4321 pristinarum
908 4243 1036 4302 studium
1049 4246 1224 4303 excitarunt.
1237 4244 1342 4321 Neque
1354 4244 1520 4303 libertatem

276 4352 294 4389 a
316 4339 460 4408 potestate
485 4330 566 4387 cirili
591 4343 716 4408 papatus
739 4332 846 4389 amisit.

343 4431 346 4435 ⁴
380 4418 407 4473 3.
449 4418 495 4474 Ne
533 4429 630 4475 tumen
670 4419 908 4477 internetionalis
944 4417 1068 4477 iuridica
1106 4418 1318 4489 „constructio“
1357 4427 1522 4476 mutuarum

274 4503 451 4561 relationum
467 4504 544 4562 iuter
560 4504 716 4563 ecclesiam
733 4514 763 4563 et
778 4516 954 4583 potestatem
979 4505 1097 4563 civilem
1117 4513 1255 4574 oreretur,
1278 4503 1373 4562 forma
1396 4504 1522 4561 admini-

277 4592 428 4649 strationis
451 4591 556 4661 civilis,
581 4612 639 4670 qua
661 4612 776 4651 summa
800 4594 914 4669 imperii
940 4594 990 4650 uni
1013 4589 1162 4661 manebat,
1186 4588 1351 4668 impedivit.

379 4679 472 4735 Aetas
496 4689 639 4755 quarta
662 4678 701 4756 (a.
727 4680 953 4753 1789—1870)
970 4698 997 4755 p.
1016 4680 1194 4737 120-152.
1211 4678 1320 4735 Rerum
1336 4675 1521 4755 publicarum

276 4767 464 4823 commutatio
488 4764 618 4824 libertati
641 4765 797 4824 consulens
820 4786 913 4841 regna
928 4764 1074 4823 catholica
1089 4786 1107 4822 a
1122 4775 1246 4842 papatus
1262 4764 1355 4823 tutela
1372 4762 1512 4822 liberavit
