3450 5342
852 324 1046 379 -136-

325 513 430 593 ἡὰγίυ
443 510 464 571 I
468 510 558 593 ’ραιρὴ
574 512 735 593 lironem:
763 513 961 593 lilecmosynu
978 517 1056 571 cuim
1081 536 1100 572 a
1118 524 1210 571 morte
1226 511 1330 571 liberat
1354 514 1466 589 etipsa
1490 528 1576 567 omne

323 611 475 679 peccatum
501 602 602 677 expiat
636 603 737 677 etqui
770 600 975 678 eleemosynas
1009 620 1043 658 ac
1068 601 1193 659 iustitias
1223 598 1356 659 faciunt:
1392 597 1439 655 illi
1462 609 1575 655 satura·

324 685 433 747 buntur
469 688 532 745 vita
568 683 656 767 (Tol).
696 692 744 754 12,
782 688 823 754 9).
868 687 907 745 Et
946 688 976 745 iu
1015 688 1132 745 Novo
1175 686 1452 745 Testamenta
1499 683 1576 740 hunt.

324 775 356 832 in
400 771 519 831 modurn
563 773 782 853 eleemosynam
827 771 1014 833 commendat
1060 774 1227 851 Scriptura·
1266 819 1272 830 .
1307 818 1313 831 .
1348 818 1354 830 .
1386 818 1392 829 .
1428 771 1576 847 allegatur

326 860 431 920 hlatth.
457 862 504 929 19,
529 863 578 917 21.
601 860 637 918 In
660 862 841 935 Quaestione
866 860 984 921 xxlt'.
1007 860 1105 918 Partis
1125 856 1237 939 111.⁵¹)
1261 862 1430 937 scripturae
1453 860 1576 915 nomine

323 947 468 1025 allegatur
491 948 546 1005 δὶα.
561 949 608 1017 10,
622 949 649 1005 7.
672 947 721 1005 Ex
743 945 880 1007 adductis
902 947 1047 1024 exemplis
1070 957 1150 1025 patet
1173 946 1251 1007 locos
1274 946 1418 1014 librorum?
1437 943 1577 1003 deutero-

323 1035 531 1093 canonicorum
554 1036 662 1092 Sacrae
685 1036 853 1113 Scripturas
880 1036 1049 1093 testimonia
1073 1032 1175 1093 habita
1207 1054 1272 1092 esse
1292 1052 1387 1111 neque
1410 1032 1576 1089 discrimen

324 1122 402 1178 inter
423 1122 663 1198 protocanonicos
685 1133 715 1177 et
737 1120 1016 1181 deuterocanonicos
1040 1119 1129 1179 libros
1160 1122 1268 1179 lactum
1297 1141 1371 1179 esse.
1402 1120 1438 1176 E.
1466 1140 1514 1194 gr.
1545 1120 1576 1174 in

324 1206 554 1283 quaestionibus
568 1208 608 1265 X.
621 1222 659 1265 et.
673 1206 757 1265 ΧΠ.
776 1208 875 1265 Partis
887 1207 910 1264 I.
922 1206 1012 1265 verbo
1028 1210 1196 1285 scripturae
1209 1206 1357 1265 inducitur
1368 1208 1576 1265 testimouium

323 1296 379 1352 h'ir.
391 1297 419 1362 3,
433 1295 560 1351 22-24
576 1294 739 1372 cademque
762 1296 808 1351 vis
823 1296 850 1352 ei
868 1292 1004 1353 tribuitur
1027 1315 1062 1353 ac
1078 1296 1254 1353 testimoniis
1270 1293 1345 1353 Gen.
1365 1298 1391 1365 1,
1405 1294 1454 1351 26.
1480 1293 1576 1369 Apoc.

324 1384 352 1452 2,
377 1384 426 1450 23,
454 1380 532 1439 Dan.
560 1384 588 1456 2,
618 1385 666 1450 22,
694 1382 734 1441 ll.
761 1382 835 1459 Reg.
866 1384 893 1445 5,
922 1383 971 1451 26,
999 1382 1066 1439 Act.
1094 1384 1121 1439 ι’).
1152 1380 1300 1457 Quoniam
1327 1382 1357 1439 iu
1389 1379 1576 1439 catechismo

326 1466 466 1545 dogmata
496 1479 684 1546 exponuntur
705 1478 735 1527 et
757 1469 968 1527 confirmantur
981 1464 1032 1545 θ’),
1057 1456 1268 1545 cognoscimus.
1291 1467 1574 1525 Protestantismum

322 1574 425 1632 sapere
447 1553 539 1613 rerba
562 1555 587 1613 C
599 1576 619 1633 y
631 1576 646 1612 r
658 1556 667 1611 i
679 1555 689 1611 l
702 1555 713 1612 l
724 1558 735 1613 i
758 1555 784 1613 L
796 1575 813 1613 υ
826 1576 841 1614 c
854 1576 873 1613 a
885 1576 899 1613 r
911 1556 920 1612 i
933 1576 946 1613 s
969 1553 1106 1634 discipuli
1131 1554 1333 1632 Metrophanis
1353 1552 1513 1631 Critopuli‚
1537 1550 1573 1609 ad

323 1661 410 1719 quem
441 1641 571 1715 theologi
602 1642 761 1701 llussotum
796 1662 884 1721 saepe
908 1656 1067 1721 provocant
1082 1638 1143 1718 Μ);
1182 1641 1355 1719 „Reliquos¹
1371 1662 1442 1699 vero
1472 1638 1576 1708 libros,

322 1749 394 1807 quoe
418 1728 552 1787 nonnulli
585 1727 777 1787 adnumerare
805 1732 913 1787 Sacrae
937 1731 1105 1806 Scripturas
1127 1730 1257 1807 cupiunt,
1286 1738 1317 1786 ut
1340 1726 1448 1785 libmm
1470 1723 1574 1795 'l'obit

321 1814 429 1875 librum
458 1815 568 1882 Iudith,
602 1817 785 1893 Sapientiam
811 1816 876 1874 lesu
900 1815 954 1874 filii
978 1815 1090 1887 sirach,
1125 1816 1240 1873 Baruch
1263 1825 1293 1874 et
1329 1812 1572 1874 Maccahaeorum

321 1902 412 1961 libros
436 1924 494 1962 non
517 1899 688 1961 abiciendos
712 1901 832 1980 quidem
855 1905 1068 1971 existimamus,
1103 1922 1169 1961 cum
1193 1902 1284 1961 multa
1306 1901 1414 1971 ethica,
1444 1900 1573 1978 plurima

321 1988 408 2047 laude
442 1988 593 2065 dignatis
624 1988 919 2067 comprehendantur.
964 1990 1004 2047 l't
1027 1991 1184 2047 canonicos
1208 2000 1305 2047 autem
1329 2002 1359 2046 et
1382 1988 1572 2045 authenticos

319 2075 410 2133 libros
434 2096 593 2153 numquam
616 2096 666 2133 eos
689 2077 851 2135 christiana
874 2076 997 2135 ecclesia
1022 2078 1130 2154 recepit
1154 2078 1229 2135 sicut
1252 2096 1317 2135 cum
1335 2076 1418 2135 multi
1438 2074 1490 2133 alii
1508 2090 1571 2131 tum

317 2163 463 2239 imprimis
479 2171 508 2218 et
531 2182 553 2220 s.
566 2160 726 2238 Gregorius
737 2163 907 2240 Theologus
930 2176 958 2221 et
976 2184 998 2221 s.
1011 2162 1239 2241 Amphilochius
1258 2174 1287 2221 et
1303 2162 1422 2221 ultimus
1437 2163 1570 2219 omnium

317 2270 340 2307 s.
362 2249 491 2306 loannes
514 2248 716 2309 Damascenus
739 2260 893 2309 testantur.
919 2248 1035 2308 l'nde
1064 2270 1138 2308 nec
1172 2246 1389 2327 dogmata
1416 2263 1571 2307 nostra

315 2356 361 2393 ex
385 2335 447 2393 his
470 2334 682 2394 adstruere
704 2357 852 2405 conamur,
886 2335 937 2395 sed
961 2358 997 2395 ex
1021 2338 1144 2413 triginta
1167 2336 1260 2395 trihus
1283 2336 1343 2393 illis
1366 2337 1519 2393 canonicis
1543 2344 1571 2390 et

314 2421 493 2481 authenticis
507 2422 607 2497 libris.
631 2442 705 2500 quos
726 2425 816 2481 ctiam
839 2422 984 2482 divinitus
1006 2425 1179 2501 inspiratam
1203 2433 1232 2481 et
1256 2428 1329 2480 hac
1342 2442 1419 2480 ram
1443 2424 1571 2496 h'crip·

313 2518 439 2567 turam
463 2510 678 2587 appellamus³.

419 2632 554 2688 'l'ometsi
577 2633 656 2689 enim
691 2630 821 2707 Mogilae
855 2632 1036 2689 catechismo
1059 2652 1076 2689 a
1099 2634 1212 2689 cunctis
1246 2630 1370 2689 Graecis
1407 2628 1570 2708 approbato

315 2738 349 2775 ac
371 2731 497 2795 recepto,
520 2737 596 2795 quae
619 2716 799 2776 Graecorum
814 2728 892 2776 essct
908 2716 989 2783 fides,
1013 2720 1085 2775 satis
1101 2718 1179 2777 clare
1195 2729 1257 2775 erat
1274 2720 1451 2795 expositam,
1466 2726 1567 2774 tumen

316 2824 375 2863 non
398 2804 490 2862 solum
515 2806 592 2861 intra
624 2804 768 2863 ecclesiae
790 2826 915 2882 graecae
946 2806 1087 2863 terminos
1111 2812 1282 2863 manserunt
1306 2802 1492 2883 Cyrillianae
1515 2804 1569 2880 (sc.

317 2891 351 2949 O.
374 2889 510 2967 Lucanis)
532 2891 664 2948 familiae
687 2891 804 2969 aliquae
828 2893 983 2971 reliquiae;
1009 2891 1060 2949 sed
1084 2894 1172 2950 etiarn
1197 2908 1283 2949 cntra
1305 2890 1372 2949 illos
1396 2911 1454 2949 non
1477 2889 1567 2948 desti·

316 2989 414 3036 terunt
448 2978 565 3055 plurimi
594 2998 630 3035 ex
663 2978 896 3038 Reformatorem
926 2981 1109 3058 potissimum
1140 2978 1277 3037 sodalitio
1305 2975 1342 3035 dc
1374 2980 1568 3035 consensione

318 3063 448 3123 Graecos
470 3067 548 3123 inter
570 3077 599 3123 et
626 3065 808 3123 ltefonnatos
831 3066 1033 3125 intercedente
1056 3077 1167 3124 temere
1183 3066 1312 3142 gloriari,
1336 3084 1514 3143 quamquam
1531 3062 1566 3120 de

318 3154 431 3229 ingenti
455 3150 641 3211 dissensione
664 3151 753 3209 facilc
777 3162 805 3209 et
829 3153 948 3211 Lucarii
973 3174 1019 3210 res
1042 3162 1070 3209 et
1094 3154 1245 3229 utriusque
1268 3152 1412 3210 ecclesiae
1428 3150 1567 3228 dogmata

316 3248 472 3318 potuerunt
503 3236 687 3316 persuadere.
723 3239 871 3297 Catholici
895 3260 964 3297 vero
988 3239 1120 3297 doctores
1144 3238 1248 3297 eadem
1272 3239 1322 3297 via
1352 3239 1487 3314 ingressi,
1510 3236 1565 3295 sihi

367 3425 390 3462 ⁵¹
424 3424 537 3488 ibidem,
556 3439 583 3491 p.
602 3424 663 3477 275.

368 3424 405 3562 ⁶²l
423 3494 503 3548 Hunc
521 3491 720 3548 catechismum
739 3492 832 3562 magni
852 3494 983 3547 aestimat
1008 3500 1037 3547 et
1055 3494 1198 3563 exemplar
1218 3493 1379 3549 catechismi
1398 3494 1427 3545 in
1447 3493 1564 3547 ecclesis

452 3561 642 3617 acco-russica
671 3568 755 3616 vocat
781 3562 866 3616 etiam
892 3562 1054 3617 Philaretus
1081 3564 1261 3631 metropolita
1285 3563 1456 3618 Moscoviae.
1492 3561 1563 3617 Vide

431 3633 588 3701 looap'hnie
614 3632 857 3685 oon-oenoncnnx'o
886 3650 983 3701 trayn'u
1011 3651 1050 3685 υἰ
1079 3635 1247 3687 osnotueuin
1275 3651 1315 3685 nn,
1341 3632 1563 3703 npenosaaanho

420 3719 480 3754 uss
500 3720 581 3756 mutu.
600 3718 722 3763 s'xonn.
742 3719 926 3771 yunnunmxu,
946 3719 1058 3757 cocras.
1079 3703 1321 3772 Borcosoupeoca.
1357 3704 1448 3772 hinsp.
1469 3704 1563 3757 ψιιιιυ-

441 3787 540 3824 υτυυι.
567 3772 595 3824 in
619 3718 731 3839 lconija
758 3788 776 3823 v
804 3770 953 3825 obscestvh
981 3771 1119 3842 ljubitelej
1147 3771 1319 3843 duhovnago
1347 3772 1562 3842 proevessenija.

451 3840 543 3894 oskva
560 3842 629 3896 1872
647 3839 696 3895 111.
716 3840 797 3895 tttdel
816 3841 874 3905 ΙΙΙ.,
894 3844 941 3895 atr.
959 3842 1001 3895 38.

370 3908 406 3978 ὃ3)
426 3908 664 3980 Rimmon-op.
676 3910 722 3963 cit.
741 3910 810 3965 Pars
822 3909 866 3976 ll.‚
886 3926 912 3979 p.
936 3912 992 3965 106:
1018 3914 1162 3981 Ὁμολογία
1179 3918 1226 3976 τῆς
1244 3914 1403 3976 ἀνατολικῆς
1420 3914 1561 3978 ἐκκλησίας

419 3986 466 4044 τῆς
484 3982 634 4047 καίολικής
653 3985 699 4033 καί
717 3983 906 4046 ἁποπολικῆς·
935 3984 990 4048 ,Τὰ
1009 3984 1089 4034 λοιπὰ
1105 3985 1134 4033 οὶ
1153 3982 1243 4045 βιβλία,
1262 3984 1328 4047 ἅπερ
1347 3985 1413 4045 τινὲς,
1430 3984 1563 4045 βουλονιαι

419 4052 628 4119 συγκαταλίγσιν
646 4057 677 4117 τῇ
702 4054 764 4118 ἁγία
782 4057 880 4117 γραφῇ,
907 4048 964 4103 οῐον
981 4055 1010 4103 τὸ
1034 4057 1079 4103 τοῦ
1097 4053 1185 4116 Τωβία,
1212 4054 1242 4103 τὸ
1266 4056 1312 4115 τῆς
1329 4052 1441 4113 lachah,
1469 4054 1561 4116 Σοφίαν

418 4124 463 4171 σου
475 4121 654 4185 Σαλομῶντος,
673 4123 769 4184 Συρίαν
782 4122 868 4187 Ἰησοῦ
887 4126 942 4172 υίοῦ
954 4123 1044 4186 Σίροίχ,
1063 4122 1176 4187 Βαροίυχ,
1195 4126 1242 4172 καί
1259 4123 1305 4184 τὰς
1323 4125 1374 4173 τῶν
1387 4121 1561 4185 Μακκαβαίων

417 4190 579 4255 ἀποβλήσους
597 4195 644 4255 μὲν
670 4194 720 4254 οὐχ
737 4190 888 4256 ἡγοίμεθα·
920 4193 1009 4243 πολλοὶ
1026 4194 1079 4259 γὰρ
1096 4188 1189 4255 ἠθικαί,
1220 4193 1342 4242 πλείστου
1362 4193 1467 4242 ἐπαίνου
1497 4193 1562 4253 dha,

417 4262 599 4326 ἐμπιριίχεται
616 4264 729 4322 ταὺταις.
765 4261 807 4322 Ὠς
825 4264 967 4324 κανονικὰς
989 4263 1018 4312 δὲ
1036 4264 1082 4311 καί
1103 4262 1260 4325 αὐθιντικας
1279 4262 1396 4311 οὐδέποτ’
1422 4262 1561 4323 ἀπεδέξατο

417 4331 498 4393 huon
516 4332 626 4394 Χριστοῦ
644 4331 784 4393 ἐκκλησία,
817 4330 852 4391 ὡς
871 4336 1025 4393 μαρτυροῦσι
1042 4331 1139 4382 πολλοὶ
1157 4334 1202 4395 μὲν
1227 4334 1274 4381 καί
1292 4332 1380 4391 ἄλλοι,
1408 4334 1518 4395 μάλιστα
1535 4332 1562 4381 bt

417 4400 472 4449 ὅτε
491 4401 564 4467 ἅγιος
578 4400 718 4467 Γρηγόριος
736 4399 897 4466 ὁθοολογος
916 4403 962 4450 καί
980 4402 1081 4468 ὀᾶγας
1094 4402 1257 4466 ’Δμφιλίχιος
1275 4404 1321 4451 καί
1332 4402 1483 4463 misacam
1501 4403 1561 4451 παν-

417 4482 467 4518 usa
486 4470 501 4518 ὁ
521 4471 596 4535 ἅγιος
613 4470 735 4533 Ἰωάννης
753 4470 768 4517 ὁ
786 4470 964 4534 Δαμασκηνός.
1001 4472 1043 4519 nm
1062 4472 1120 4521 ουδὲ
1139 4473 1172 4521 τὰ
1189 4472 1306 4539 δόγματα
1324 4470 1396 4535 ἡμῶν
1414 4471 1561 4534 πεισοίμεθα

420 4539 452 4587 ἐκ
470 4540 567 4589 τουτων
587 4544 760 4603 παραστῆσαι,
791 4539 855 4588 ἀλλ’
873 4540 905 4589 ἐκ
923 4543 973 4589 τῶν
991 4542 1131 4603 τριάκοντα
1149 4543 1224 4603 τριῶν
1241 4544 1388 4591 κανονικῶν
1406 4544 1451 4589 καί
1470 4541 1559 4590 αὐθεν-

419 4612 497 4657 τικιῖνν
515 4608 627 4671 βιβλίων·
647 4610 665 4659 ἃ
683 4611 713 4673 δὴ
732 4609 779 4657 καὶ
797 4608 970 4659 hethaeos-rav
990 4614 1036 4659 καί
1055 4611 1132 4677 ἁγίαν
1150 4612 1255 4677 γραφὴν
1272 4608 1431 4675 καλοίμιν’“’.
