3450 5342
655 475 690 482 -
718 443 779 498 ‘20ss
807 474 843 482 -

116 632 233 689 cuins
257 639 385 688 notam
415 630 517 706 ipsis
545 641 583 687 nt
606 629 816 689 Photianis
839 631 969 710 aliqui
999 632 1161 690 inurere
1192 631 1368 690 vallanti

119 717 260 775 Pontifex
284 715 383 774 verbis
398 718 493 774 sancti
514 715 673 794 Augustini
697 717 918 795 (De'l'rinitate
943 717 1010 791 XV,
1033 719 1083 775 27.
1106 718 1161 794 48)
1177 738 1247 778 usus
1261 715 1367 778 docmi-

118 825 188 862 num
209 803 387 862 catholicam
413 802 449 860 de
462 803 714 862 SSma'l'rinitate
729 804 847 882 profert.
870 801 1033 885 („Spiritus
1049 815 1147 863 autem
1165 817 1283 864 sanctus
1307 826 1366 864 non

113 889 156 948 de
188 891 276 948 Patre
299 889 430 968 procedit
462 893 493 948 in
524 890 633 948 Filium
657 901 686 948 et
712 889 749 949 de
783 891 861 950 l'ilio
892 889 1075 970 procedit
1105 889 1151 950 ad
1181 891 1369 950 sanctifi·

114 976 280 1035 eandam
305 987 541 1036 creaturam:
566 975 617 1035 sed
641 977 727 1036 simul
744 977 781 1036 de
804 987 927 1057 utroque
947 977 1079 1058 procedit
1103 1028 1110 1038 .
1132 1028 1138 1040 .
1162 1029 1168 1039 .
1193 977 1250 1055 .“);
1275 978 1366 1038 rerba

114 1074 218 1122 antem
250 1067 379 1142 ,quasi
415 1063 648 1142 quibusdam
685 1063 903 1141 gradibus,“
941 1065 1111 1144 pontificem
1145 1068 1176 1125 in
1209 1067 1365 1144 epistolam

118 1151 243 1209 fortasse
275 1150 342 1209 ideo
378 1153 535 1210 inseruisse
570 1144 603 1213 S.
637 1149 756 1218 iudicat,
790 1151 869 1230 qnod
901 1151 1072 1222 adversarii,
1105 1173 1171 1211 cum
1207 1153 1249 1211 nil
1283 1152 1365 1212 aliud

116 1238 271 1306 haberent,
294 1239 348 1296 hoc
371 1239 475 1296 saltem
498 1237 708 1316 discipulorum
731 1237 884 1297 doctrinae
905 1238 1082 1298 obiciebant.

227 1325 327 1384 Minus
357 1323 441 1383 nobis
472 1324 610 1400 probatur
641 1326 725 1384 salva
753 1329 922 1384 reverentia
951 1335 1035 1385 tanto
1064 1327 1130 1386 viro
1151 1324 1261 1398 debita,
1284 1327 1363 1405 quod

113 1421 219 1471 auctor
247 1412 376 1470 affirmat
398 1433 464 1490 pag.
491 1415 568 1479 120,
598 1414 739 1474 Ioannem
771 1413 854 1474 Vlll.
877 1433 971 1491 aequa
1001 1423 1090 1491 atque
1113 1411 1300 1474 Hadrianum
1324 1415 1363 1473 ll.

117 1501 364 1558 inconsultis
413 1499 476 1557 vel
518 1502 672 1557 omnino
716 1501 862 1558 insciis
911 1500 1114 1578 episcopis
1153 1499 1367 1578 liturgiam

114 1586 317 1644 &larisam
349 1589 579 1664 permisisse
603 1587 664 1644 vel
688 1586 968 1660 confirmass03
1000 1588 1163 1646 nonenim
1189 1587 1366 1668 hypothesis

113 1673 219 1752 aliqua
241 1687 394 1751 propteroa
417 1683 461 1731 est
483 1673 687 1744 verosimilior,
710 1673 789 1752 quod
810 1676 846 1731 ea
869 1693 916 1732 res
937 1674 1055 1734 facilius
1078 1673 1272 1752 explicantur.

227 1761 267 1819 Ut
302 1781 359 1819 non
391 1781 493 1818 omnes
522 1763 651 1818 rationes
685 1781 703 1818 a
737 1761 773 1820 cl.
800 1771 917 1819 auctore
948 1761 1057 1819 allatae
1087 1763 1147 1818 iam
1188 1781 1227 1819 ex
1261 1771 1367 1821 natura

116 1849 160 1904 rei
176 1847 250 1906 tales
273 1869 345 1918 esse,
362 1860 393 1927 ut
416 1847 518 1906 nihil
541 1845 651 1906 dubii
670 1849 846 1926 relinquant,
869 1847 929 1906 dici
944 1851 1066 1926 possint,
1085 1857 1185 1906 tamen
1204 1848 1365 1908 nonnullae

115 1955 187 1992 vero
215 1955 357 2011 graves
385 1935 544 2012 firmaeque
574 1944 658 2006 sunt3
684 1934 752 1993 lrinc
775 1936 907 1993 maxima
929 1937 975 1994 vis
1005 1935 1135 2013 opusculi
1167 1937 1200 1994 in
1222 1955 1256 1995 eo
1280 1933 1365 1994 nobis

116 2020 235 2080 videtur
257 2043 329 2092 esse,
353 2020 430 2099 quod
454 2023 618 2080 sententiae
642 2043 660 2080 a
676 2015 709 2084 S.
731 2021 863 2100 prolatae
886 2021 1064 2082 indirectum
1082 2023 1167 2100 quasi
1189 2041 1365 2102 responsum

114 2121 185 2166 siunt
209 2107 247 2166 ud
274 2129 317 2180 ea,
348 2128 422 2186 (purae
454 2107 491 2166 de
522 2108 656 2184 legendis
688 2109 878 2178 Pannonicis,
909 2128 1067 2187 earumque
1098 2119 1270 2186 argumento
1292 2108 1366 2188 prof.

118 2195 272 2254 Brttckner
294 2215 423 2253 asserere
458 2215 517 2254 non
540 2193 695 2254 dubitavit.
717 2197 860 2254 Rationes
883 2216 901 2253 a
923 2195 959 2254 cl.
983 2195 1104 2275 Snopelr
1125 2195 1234 2254 allatae
1256 2194 1367 2255 admit·

117 2291 184 2340 tunt
207 2291 353 2340 auctorem
376 2283 505 2360 ipsarum
529 2301 625 2340 errore
648 2283 827 2341 Graecomm
850 2281 888 2340 de
905 2284 1031 2361 Spiritus
1054 2285 1156 2342 Sancti
1179 2285 1366 2361 processione

114 2369 259 2427 infectum
284 2369 426 2427 fautorem
451 2369 661 2437 fnissePhotii,
684 2367 811 2448 produnt
834 2369 933 2428 studia
954 2371 1017 2429 eins
1033 2369 1260 2429 commendandi
1283 2369 1366 2430 litur-

116 2458 198 2532 giam
211 2457 369 2528 b‘lavicam,
392 2456 578 2534 simulque
602 2455 701 2514 fidei
725 2454 946 2514 orthodoxae
968 2456 1363 2516 beatorumFratrum

117 2563 328 2620 eorumque
364 2541 653 2621 discipulorum
691 2543 914 2619 consulitur3
948 2543 1043 2622 quod
1082 2543 1254 2614 ultimum,
1289 2565 1366 2603 cum

118 2629 343 2702 authenticis
367 2629 624 2708 diplomatibus
655 2631 862 2708 pontificiis
886 2651 954 2690 non
977 2631 1086 2690 semel
1113 2630 1306 2705 roboretur,
1329 2641 1365 2689 ut

120 2719 188 2774 iam
217 2716 309 2776 alias
338 2719 599 2776 annotavimus
632 2713 706 2798 (cn.
735 2699 858 2796 (¹asopis
881 2717 981 2776 Katol.
1012 2717 1108 2776 Duch.
1141 2719 1223 2776 1907
1247 2719 1317 2778 fasc.
1341 2717 1365 2776 l.

118 2825 184 2881 pag.
209 2805 271 2880 36).
306 2825 550 2882 quaecumque
573 2803 706 2862 demum
731 2803 977 2862 difficultates
999 2825 1042 2863 ex
1064 2803 1226 2864 textibus
1248 2806 1366 2882 legeu-

116 2889 234 2948 dariis
247 2902 392 2950 exortae
408 2890 595 2949 obfuscare
611 2890 847 2970 proculdubio
860 2891 1366 2969 nequeunt299Arlmtttitrar

118 2979 246 3054 ressa,
271 2979 510 3042 ercteutttur
532 2977 700 3042 lco.stfs.“

223 3160 276 3218 Dr.
299 3157 383 3222 Ant.
407 3154 584 3222 Podlalta
608 3171 637 3219 et
661 3155 793 3222 Kamif
816 3155 975 3232 Hilberf,
1003 3155 1226 3242 ”altopulllnl
1251 3157 1365 3226 curta

117 3259 167 3310 av.
184 3241 257 3311 Vlla
268 3263 287 3310 ν
301 3244 412 3312 Praze.
427 3247 545 3326 (Soupis
558 3246 696 3324 pamatelr
713 3247 917 3326 historickyoh
930 3267 948 3306 a
959 3247 1157 3326 umtlscky'ch
1167 3269 1188 3304 v
1199 3246 1364 3306 krdlorstri

116 3332 236 3391 ceskfm
253 3333 290 3391 od
306 3333 437 3411 pruvdlru
454 3331 491 3391 dc
508 3334 633 3413 potiitlrn
651 3333 729 3392 xlx
747 3334 866 3410 stoleti.)
884 3335 910 3392 V
926 3334 1028 3404 Praze,
1046 3335 1138 3393 1906.
1154 3328 1199 3406 4⁰,
1216 3335 1278 3392 296
1294 3341 1364 3405 str.;

118 3439 133 3476 s
157 3423 219 3478 titt
243 3419 465 3500 vyobrazentmi
489 3423 562 3479 aaa
582 3421 755 3480 ubutkami.
778 3416 950 3501 (Ecctsslu
973 3417 1232 3503 metropolitana
1254 3416 1362 3486 aunt

121 3502 310 3590 Pfaflomlss.
347 3508 462 3586 Pragae
489 3508 600 3584 moe).

223 3595 259 3652 In
283 3598 422 3653 Austriae
446 3596 568 3674 imperio
592 3597 678 3654 unius
694 3595 855 3653 Bohemiae
872 3597 955 3672 regni
978 3597 1050 3654 artis
1065 3602 1257 3654 monumenta
1271 3594 1364 3653 fusius

119 3681 329 3760 topograplrice
359 3681 509 3760 descripta
531 3695 598 3740 snut
629 3717 671 3725 —
702 3681 777 3740 liber
806 3684 887 3740 enim
910 3680 947 3740 de
970 3681 1127 3741 (larinthia
1156 3680 1253 3740 editus
1276 3683 1365 3740 nimis

118 3771 277 3826 summarie
306 3771 431 3848 scriptus
458 3779 502 3826 est
536 3803 576 3812 -·-
608 3789 701 3846 eaque
731 3767 840 3848 duplici
873 3769 984 3846 lingna,
1018 3768 1187 3840 Bobemica
1217 3788 1277 3845 qun
1306 3769 1365 3826 iam

120 3857 161 3911 24
185 3855 337 3914 volumina
359 3855 440 3914 edita
463 3865 537 3925 sunt,
561 3865 590 3912 et
613 3854 792 3912 Germanica
817 3858 860 3916 lio
879 3855 1087 3914 voluminibus.
1111 3855 1258 3914 Velamen
1280 3855 1362 3914 cuius

119 3941 235 3998 titulum
267 3941 473 4010 indicavimus,
503 3943 675 4000 vicesimum
707 3941 868 4000 secundum
900 3943 1004 4019 prioris
1034 3945 1121 4002 seriei
1143 3953 1188 4001 est
1219 3951 1249 4000 et
1271 3949 1364 4002 totum

118 4027 309 4106 descriptioni
334 4028 541 4087 celeberrimae
557 4028 699 4087 ecclesiae
722 4027 902 4088 cathedralis
925 4050 946 4087 s.
963 4029 1025 4086 Viti
1042 4027 1220 4088 dedicatum.
1243 4029 1366 4099 Certe,

120 4134 194 4173 non
217 4127 275 4174 est
303 4119 342 4174 in
365 4117 544 4193 Europae
575 4115 758 4195 partibus
789 4117 974 4184 ecelesia,
997 4137 1093 4193 qnae
1124 4115 1270 4174 habeat
1292 4125 1366 4174 tam

119 4205 366 4262 succinctum
405 4217 442 4261 et
480 4203 717 4262 scientifice
755 4205 1002 4283 propositam
1040 4202 1367 4282 descriptionem,

120 4299 177 4347 tot
211 4291 250 4347 in
285 4299 399 4348 textu
432 4291 639 4368 impressis
674 4289 920 4366 imaginibus
955 4302 1145 4360 ornatam,
1187 4308 1368 4367 quaeque

121 4395 241 4453 parvo
271 4379 400 4456 pretio
432 4376 476 4434 ab
500 4375 688 4448 omnibus,
720 4397 879 4455 quorum
910 4379 1092 4448 interest,
1124 4375 1250 4434 facile
1273 4394 1367 4434 com·

119 4466 255 4538 parari
285 4466 423 4542 possit.

225 4551 422 4629 Conspectum
453 4552 549 4628 operis
572 4548 702 4608 breviter
732 4571 801 4627 prae
824 4551 916 4608 oculis
946 4569 1097 4627 ponemus.
1128 4548 1250 4606 Initium
1273 4545 1306 4604 fit
1329 4542 1367 4602 ab

120 4635 316 4696 architectura
332 4637 573 4714 illustranturqne
590 4635 778 4695 venerandae
794 4637 864 4694 illae
881 4635 1023 4714 reliquiae
1037 4634 1172 4693 binarum
1189 4639 1367 4712 cryptarum,

119 4742 195 4799 quae
218 4745 255 4783 ex
279 4724 405 4784 ecclesia
428 4725 589 4782 Romanico
620 4733 781 4782 structurae
812 4743 921 4800 genere
951 4733 1093 4798 concepta
1122 4727 1294 4799 supersunt3
1323 4739 1370 4776 se·
