3450 5342
656 453 696 460 -
721 421 779 475 aar
797 451 849 480 ,-

116 611 214 679 tales
237 629 272 669 ac
296 609 381 668 uobis
404 611 591 687 explanatier
615 612 664 668 ria
686 617 729 668 est
754 608 891 666 adeunda
910 613 1002 686 eaque
1027 611 1125 666 omnia
1148 608 1377 685 diligentissime

116 711 197 754 sunt
221 696 383 766 tractanda,
418 707 447 753 ut
480 697 660 774 praeiudicia
683 695 941 774 dubiaitionesquc
974 696 1115 754 tollantur
1138 708 1167 754 et
1191 699 1310 754 veritati
1333 717 1378 754 re-

119 781 289 861 periendae
313 782 510 860 provideatur.

232 871 343 928 Putant
375 869 494 948 quidam
525 872 665 946 optimam
691 869 860 926 methodum
884 869 923 926 ad
945 867 1123 926 retello-udos
1146 870 1298 945 theologos
1328 891 1375 926 or-

118 955 274 1014 thodoxos
297 977 346 1014 eos
370 961 460 1035 sequi,
484 961 535 1035 qui
557 957 698 1034 graphice
721 955 917 1035 depingentes
940 956 1130 1014 condiciones
1153 959 1216 1013 sire
1241 957 1374 1026 nioralcs,

120 1046 192 1102 sire
217 1044 431 1102 intellectuales
447 1043 634 1102 orientalium
658 1043 857 1114 eeclesiarum,
881 1044 1038 1121 omniaque
1062 1045 1093 1099 in
1109 1063 1233 1120 pravum
1257 1064 1373 1101 sensum

120 1121 280 1188 vertentes
308 1141 411 1190 eruant
441 1129 607 1190 huiusmodi
640 1131 778 1189 ecclesias
810 1140 930 1209 propter
952 1131 1168 1207 separationem
1192 1129 1229 1187 ab
1252 1132 1376 1187 unitatis

121 1229 231 1275 centro
255 1220 371 1295 penitus
393 1237 509 1296 pessum
533 1220 584 1278 ire.
608 1217 667 1292 Qui
690 1218 759 1274 hnic
781 1216 920 1275 methodo
943 1217 1107 1284 inhaerent,
1131 1215 1232 1275 sedulo
1255 1219 1376 1275 notitias

122 1304 274 1378 colligunt
290 1302 327 1361 ad
344 1324 425 1362 stram
442 1305 549 1362 thesim
565 1303 838 1369 demonstrandan1;
863 1307 984 1361 nomina
996 1316 1148 1362 recensent
1164 1307 1375 1382 episcoporum,

125 1393 179 1468 qui
205 1393 278 1450 casti
303 1411 340 1449 ex
362 1391 523 1450 canonibus
547 1394 712 1449 castitatem
737 1411 795 1448 non
818 1389 997 1449 observant:
1031 1390 1172 1465 gravibus
1195 1393 1311 1448 iniuriis
1334 1391 1377 1447 of-

124 1479 233 1536 ficiunt
259 1479 442 1536 Athenianos
466 1477 632 1542 monachos,
657 1480 705 1556 qni
729 1479 851 1536 novitiis
875 1480 999 1555 turpiter
1022 1477 1192 1535 abutuntur:
1222 1478 1376 1534 cachinnis

124 1564 253 1622 irrident
276 1565 401 1623 Ilnssica
423 1567 608 1629 monasteria.
640 1585 714 1642 qnae
734 1567 838 1622 mirum
862 1567 893 1622 in
918 1563 1035 1622 modum
1059 1563 1246 1622 contribuant
1270 1563 1307 1621 nd
1332 1566 1376 1622 in-

126 1651 210 1710 colas
234 1671 303 1708 suao
328 1654 439 1729 patriae
462 1651 629 1727 tingendos:
653 1651 753 1709 dolent
778 1654 936 1709 maximam
961 1654 1158 1729 ignorantiam
1184 1651 1254 1708 cleri
1278 1651 1376 1708 orthe-

125 1737 209 1806 doxi,
234 1740 354 1816 eiusque
378 1739 514 1796 servilem
538 1737 591 1796 sub
615 1749 759 1815 potestate
782 1739 863 1795 cirili
882 1738 1102 1796 subiectionem.
1126 1739 1258 1795 Plurnna
1282 1739 1376 1795 tatem

127 1845 201 1882 vera
224 1846 287 1882 esse
311 1827 341 1883 in
366 1825 413 1882 his
437 1823 697 1901 obiurgationihus.
739 1825 817 1882 Num
842 1829 981 1903 sequitur.
1015 1825 1145 1883 ohieinnt
1170 1825 1254 1882 nohis
1279 1825 1375 1881 ortho-

128 1911 209 1980 doxi,
244 1925 273 1969 nt
299 1924 397 1970 nostra
428 1912 553 1970 eeclesia
582 1911 656 1968 falsa
688 1921 787 1969 teneat
810 1914 841 1969 in
865 1913 1019 1989 provincio
1043 1912 1273 1988 theologicarum
1299 1914 1375 1967 νοτὶ-

127 1999 239 2056 tatnm‘?
264 2045 269 2055 .
294 2049 299 2060 .
324 2045 329 2056 .
354 2002 385 2055 s'i
417 2020 453 2056 ex
484 2001 591 2057 misera
623 2008 722 2056 nestra
752 1999 925 2056 condicione
957 1999 1118 2056 desumatis
1150 1999 1254 2056 tirlsam
1295 2001 1375 2055 riam

130 2106 182 2143 uos
207 2095 308 2156 terere,
333 2085 416 2144 nohis
440 2087 508 2143 licet
531 2106 661 2162 arguere,
684 2087 809 2144 saeculis
833 2087 889 2145 lx.
906 2097 935 2144 et
959 2087 997 2143 X.
1018 2086 1174 2144 ecetesiam
1200 2087 1374 2156 ltnmanarn,

127 2193 204 2250 (lirae
228 2185 288 2230 tum
318 2175 487 2248 ignorantia
516 2188 545 2230 et
569 2172 704 2230 nefandis
737 2173 866 2232 moribus
890 2172 1050 2234 lahorahat.
1086 2193 1185 2231 veram
1218 2172 1375 2229 ecelesiam

129 2281 188 2316 non
219 2258 397 2318 exhibuisse.
446 2260 521 2317 llum
546 2263 652 2317 thiens
683 2270 760 2317 totus
783 2260 980 2319 severioribus
1003 2259 1170 2337 disciplinis
1194 2262 1310 2316 uariter
1340 2279 1376 2314 ea

129 2357 226 2402 aetate
243 2367 360 2422 ripernrn
385 2346 435 2404 dat
460 2367 493 2404 ae
506 2347 670 2424 praeclaros
687 2349 765 2404 viros
790 2350 819 2404 in
838 2349 1022 2404 monasteriis
1039 2351 1098 2404 suis
1116 2347 1233 2404 excolit.
1251 2345 1377 2403 ecclesia

130 2433 271 2495 ltenmna.
296 2443 324 2490 nt
349 2436 389 2490 ait
413 2434 566 2500 Batonius,
590 2435 789 2510 turpissimam
814 2433 919 2491 faciem
943 2444 1080 2494 ostentat.
1128 2433 1214 2508 Quod
1238 2454 1308 2489 rere
1339 2432 1377 2488 ad

132 2519 256 2576 morales
280 2535 309 2576 et
324 2520 538 2578 intellectuales
558 2520 747 2578 condiciones
763 2519 831 2576 cleri
850 2530 970 2598 spectat.
994 2520 1026 2577 id
1041 2522 1212 2598 praesertim
1237 2541 1275 2577 ex
1298 2531 1377 2576 statu

132 2606 230 2662 cirilis
246 2610 394 2665 societatis
410 2606 530 2685 pendet:
554 2611 577 2666 si
595 2608 689 2665 clerus
706 2607 884 2664 orthodoxus
901 2609 1068 2683 ignorantia
1084 2607 1205 2667 laborat,
1231 2606 1314 2662 nohis
1339 2609 1377 2660 si-

82 2759 85 2765 ,
132 2692 223 2750 lentio
240 2693 482 2770 praetereundum
509 2715 566 2752 non
590 2709 642 2762 est,
658 2696 689 2752 in
703 2695 840 2750 almerico
858 2693 1044 2751 meridionali
1068 2694 1177 2751 elerum
1199 2692 1376 2749 catholicum

134 2799 197 2836 raro
209 2781 355 2837 excultum
369 2801 432 2838 sese
446 2781 593 2858 praehere.
607 2783 636 2836 si
651 2781 775 2838 morales
787 2779 920 2837 delectus
932 2779 1009 2858 apud
1023 2779 1199 2836 orthodoxos
1213 2779 1378 2856 deprehen·

131 2865 245 2936 dnntnr,
277 2888 335 2924 nen
358 2867 428 2925 latet
454 2889 514 2937 nos,
545 2870 613 2924 licet
636 2870 815 2944 cernpamtio
839 2889 904 2924 enm
928 2866 1100 2924 orthodoxis
1124 2867 1264 2923 moralem
1290 2888 1372 2944 prae-

133 2956 321 3011 eminentiam
347 2957 438 3012 nestri
462 2954 531 3013 cleri
558 2956 720 3013 luculenter
742 2953 933 3012 demonstret.
954 2955 1062 3010 elerum
1087 2969 1115 3010 er
1139 2954 1318 3010 saecularem
1342 2962 1378 3009 et

133 3041 292 3116 regularem
317 3043 406 3098 etiarn
430 3041 508 3119 apud
536 3064 588 3099 nas
612 3044 716 3098 mereri
748 3041 904 3114 interdum,
940 3053 969 3098 ut
1003 3044 1087 3112 nigre
1111 3041 1212 3116 lapillo
1248 3050 1371 3098 notetur.

136 3127 260 3184 Humani
287 3127 326 3184 nil
351 3150 368 3186 a
400 3150 446 3185 me
470 3128 598 3186 alienum
623 3140 699 3205 pute.
724 3139 752 3184 et
775 3127 844 3184 dnm
870 3128 946 3184 hane
970 3130 1061 3184 vitam
1086 3129 1209 3203 aginrus.
1245 3125 1373 3203 pondere

133 3216 227 3270 earnis
250 3235 412 3272 oneramur.
438 3216 471 3272 ln
497 3217 608 3284 hessia,
634 3215 680 3272 uhi
707 3218 867 3272 immensus
888 3215 1011 3292 populns
1035 3213 1164 3271 tenehris
1187 3215 1374 3285 ignorantias

134 3299 321 3376 pertunditur,
346 3302 407 3358 lieri
433 3323 492 3360 non
516 3312 618 3380 potest.
643 3313 673 3360 nt
697 3302 791 3358 clerus
814 3304 862 3378 qui
888 3303 950 3358 eins
975 3322 1061 3358 curae
1085 3300 1231 3378 spirituali
1254 3320 1376 3377 praepo-

135 3389 217 3456 nitur,
242 3397 371 3445 nestrum
394 3389 504 3454 clerum
528 3392 558 3447 in
582 3389 678 3448 studio
702 3387 926 3466 disciplinarum
950 3388 1179 3463 tlnmlogiearmn
1205 3386 1376 3444 uenmlctnr.

136 3473 190 3530 Sed
214 3476 243 3531 in
268 3475 444 3543 civitatibus,
477 3475 526 3533 uhi
552 3479 662 3535 maiora
694 3474 791 3533 media
824 3488 939 3552 praesto
962 3488 1038 3543 sunt,
1073 3496 1130 3532 non
1155 3477 1210 3530 riri
1234 3472 1376 3531 deliciunt

134 3581 168 3616 ex
192 3560 292 3618 ordine
316 3561 490 3620 sacerdotali
515 3563 591 3620 «locri
616 3575 644 3619 et
669 3565 790 3641 opemsi.
835 3563 935 3640 ltaque
960 3583 1018 3620 nnn
1043 3561 1159 3619 videtur
1181 3561 1256 3618 milri
1280 3563 1376 3637 aptior

137 3649 182 3704 ria
214 3647 250 3705 ad
282 3649 494 3724 procurandam
531 3651 668 3707 unionem
704 3651 867 3707 animarum
905 3649 977 3705 haec
1011 3660 1128 3706 mutuae
1163 3646 1377 3705 diffamationis

139 3733 296 3792 methodus.
320 3735 484 3804 Falluntur,
517 3739 566 3814 qni
591 3745 692 3793 tenent
718 3737 825 3795 llussos
859 3747 909 3793 arrt
933 3735 1062 3792 Graecos
1085 3732 1192 3792 adduci
1215 3733 1254 3792 ad
1276 3733 1378 3791 catho-

138 3819 219 3877 licam
244 3821 407 3889 ecelesiam,
432 3823 547 3882 inflatis·
566 3823 664 3882 buccis
688 3825 712 3880 si
735 3827 778 3881 cis
801 3822 997 3880 adclametnr:
1024 3822 1178 3898 „separati
1201 3842 1219 3879 a
1241 3822 1380 3878 Romana

138 3907 257 3966 ecclesia
281 3929 332 3966 ros
356 3911 387 3966 in
411 3912 578 3986 ignorantia
595 3913 733 3970 rnauetis:
750 3911 878 3982 separati
895 3918 1029 3967 econtra
1046 3909 1167 3966 unitatis
1192 3929 1243 3965 ros
1268 3907 1378 3965 clerum

137 3993 253 4060 halatis,
278 3997 328 4072 qni
352 3998 469 4073 pietate,
492 3996 633 4056 doctrina.
667 3998 737 4062 zelo,
769 3997 853 4054 honis
878 3995 1005 4053 niarihus
1029 4006 1137 4053 (territt
1178 3995 1379 4052 l'retestantes

138 4083 213 4138 scissi
248 4081 365 4160 quidem
390 4093 457 4142 sunt
481 4083 518 4140 alr
543 4087 655 4142 unitate
680 4084 830 4147 eeclesiae,
866 4083 963 4140 nullus
995 4097 1095 4140 tamen
1119 4104 1168 4139 ees
1193 4083 1380 4157 ignorantiae

137 4168 325 4226 insimulabit:
356 4170 499 4248 quidquid
525 4191 593 4226 vero
617 4170 654 4228 ad
678 4191 772 4228 mores
798 4173 933 4247 pertinet,
958 4171 1054 4246 plures
1078 4169 1151 4226 mihi
1176 4171 1288 4242 cogniti
1314 4177 1382 4226 sunt

137 4275 171 4311 cx
193 4255 269 4313 clere
293 4255 464 4326 orthodoxo,
488 4259 539 4335 qni
562 4258 737 4316 christianas
762 4259 885 4314 virtutes
914 4259 974 4314 suis
997 4259 1028 4314 in
1042 4257 1162 4313 frtrniliis
1187 4255 1382 4312 vehementer

139 4342 249 4406 colunt:
286 4343 382 4420 plures
406 4343 479 4400 mihi
503 4347 564 4401 noti
589 4357 656 4402 sunt
680 4346 817 4422 episcopi,
847 4345 898 4420 qni
920 4345 951 4399 in
975 4343 1102 4400 vinculis
1125 4341 1231 4419 quihus
1259 4344 1382 4399 Russiea

143 4429 259 4485 (eeclesia
297 4449 314 4485 a
337 4438 480 4506 potestate
505 4431 585 4488 cirili
611 4432 829 4506 crrrrstriugitnn
858 4442 886 4486 et
909 4431 1035 4486 seientia
1058 4440 1086 4485 et
1112 4428 1270 4484 virtutihus
1295 4449 1379 4485 exor-

142 4525 247 4573 nantur.
286 4517 387 4573 Potest
411 4517 530 4594 quidem
556 4517 629 4574 ohici
656 4537 776 4595 parrum
803 4537 867 4572 esse
890 4536 989 4572 eonnn
1014 4536 1176 4589 mimeram,
1201 4515 1256 4571 hoc
1281 4528 1381 4571 tamen

141 4622 270 4660 cerreesso
295 4623 354 4660 non
378 4606 510 4681 sequitur
540 4603 734 4662 orthodoxum
759 4603 867 4660 elerum
894 4605 1079 4675 ignorantem
1103 4622 1167 4656 esse
1193 4599 1267 4658 ideo.
1303 4599 1379 4678 quod

143 4709 159 4746 a
181 4689 309 4746 llemana
334 4691 519 4752 ecelesiasit
543 4703 702 4768 separatus.
