3450 5342
811 418 1002 473 -204-

386 600 414 667 b)
434 604 534 657 Patres
552 602 655 655 docent
674 602 755 665 „sine
774 604 832 655 ulla
851 602 1037 669 exceptione·
1055 602 1236 669 (ambros,
1263 602 1303 653 De
1341 616 1403 653 oen.
1422 602 1440 653 1.
1462 600 1486 667 1,
1505 616 1532 653 c,

283 671 327 737 10)
347 673 562 738 poenitentibus
580 676 698 739 peccata
717 672 824 725 remitti
844 688 937 739 posse.
957 671 996 724 (Ἰ.
1016 672 1134 738 l'p'pri
1146 687 1207 737 an,
1226 671 1277 737 Ep.
1296 617 1340 723 bg
1348 671 1385 723 ad
1405 672 1533 739 Δηίονος

281 743 436 804 l'acian,
455 742 507 808 Ep.
525 742 550 794 3.
569 742 606 795 ad
625 746 774 808 sympron.

385 810 411 876 c)
431 812 583 864 Hermas
602 812 694 878 primo
713 812 775 865 loco
792 812 882 863 allato
900 811 1138 877 blasphemantes
1155 808 1315 861 identificat
1328 824 1392 861 cum
1407 810 1459 868 eis,
1478 809 1531 875 qui

281 881 311 933 in
336 885 507 948 perpetuum
531 897 549 933 a
569 880 628 933 ileo
652 880 848 933 discesserunt
873 880 909 943 (ct
928 882 1119 944 dmonaopdvot
1143 882 1194 931 dab
1212 883 1257 930 του
1276 880 1342 929 Oroi
1365 882 1401 942 ιίς
1420 878 1532 946 τὲλος);

280 951 408 1003 secundo
421 952 483 1003 loco
500 951 604 1017 probat
621 950 770 1003 interitum
789 951 838 1002 bla
854 950 1024 1016 phemorum
1043 965 1078 1001 ex
1097 949 1285 1015 experientia,
1303 949 1414 1001 nullum
1428 964 1531 1001 eorum

281 1019 490 1084 poenitentiam
518 1020 665 1087 egisse,
692 1019 807 1073 etiamsi
826 1018 981 1073 audierant
998 1018 1095 1085 verba,
1114 1034 1187 1084 quae
1206 1019 1318 1071 locutus
1336 1018 1379 1070 eis
1398 1026 1460 1071 erat
1483 1034 1533 1071 se-

278 1088 407 1141 cundum
426 1089 597 1143 mandatum
616 1093 774 1155 acceptum.
795 1089 924 1155 Denique
943 1088 1031 1141 etiarn
1051 1088 1090 1140 de
1106 1088 1150 1153 iis,
1170 1088 1217 1154 qui
1237 1104 1272 1139 ex
1292 1088 1468 1154 praecordiis
1481 1088 1531 1155 (ἐκ

280 1159 401 1222 καρδίας)
434 1158 543 1212 inventi
570 1165 637 1211 sunt
661 1159 823 1227 denegasse
841 1158 1005 1223 Dominum,
1032 1160 1146 1211 tantum
1165 1157 1288 1217 dubitat
1318 1172 1386 1209 num
1413 1158 1532 1223 possint

279 1228 377 1280 vivere
396 1228 472 1294 (sim.
491 1227 517 1294 9,
535 1243 562 1281 n.
581 1227 635 1293 26).
656 1257 687 1264 —
716 1228 938 1294 Cypriauum
964 1227 1081 1280 aliunde
1100 1228 1233 1279 novimus
1251 1226 1361 1279 dixisse
1380 1228 1530 1279 neminem

280 1298 438 1350 arcendum
457 1313 521 1350 esse
539 1313 557 1349 a
577 1314 640 1364 spe;
658 1299 770 1350 locutus
789 1301 833 1350 est
852 1297 941 1365 igitur
959 1299 1052 1352 solum
1072 1296 1107 1349 de
1126 1296 1362 1363 impossibilitate
1380 1312 1416 1349 ex
1435 1298 1531 1362 impo-

279 1367 372 1419 tentia
383 1368 484 1420 morali
498 1368 537 1419 ad
548 1383 616 1419 vere
629 1366 834 1434 poenitendum
847 1368 965 1419 oriente.
985 1396 1018 1403 -
1037 1366 1173 1419 Hilarii
1193 1366 1282 1418 verba
1295 1365 1390 1431 potius
1404 1366 1532 1432 probant

278 1452 346 1489 eum
366 1451 422 1489 non
442 1437 519 1503 loqui
538 1437 594 1489 nisi
614 1437 650 1489 de
668 1436 797 1489 mutata
815 1436 995 1501 difficultate,
1015 1451 1071 1489 non
1091 1435 1127 1489 de
1146 1435 1389 1501 impossibilitate.
1408 1435 1529 1503 Quaerit

279 1506 377 1557 enim:
395 1506 469 1573 Quid
488 1506 566 1559 enim
585 1510 646 1559 tara
664 1510 746 1559 extra
764 1505 880 1559 veniam
899 1508 951 1572 est,
970 1520 1057 1571 quani
1077 1504 1106 1557 in
1126 1504 1239 1559 t'hristo
1257 1520 1365 1573 negare
1384 1505 1459 1571 quod
1479 1505 1528 1558 sit

281 1575 360 1627 ldeni
386 1576 509 1628 Arianos
536 1576 577 1641 (in
602 1576 717 1629 Christo
735 1576 826 1628 Deum
854 1576 1008 1643 negantes)
1037 1575 1075 1627 ad
1103 1575 1244 1628 unitatem
1272 1573 1425 1627 redeuntes
1456 1575 1529 1626 reci-

280 1645 388 1711 piebat.
413 1673 446 1681 —
473 1646 743 1698 Athanasium
771 1645 947 1697 adversariis
966 1645 1005 1697 ibi
1025 1660 1081 1697 non
1101 1644 1205 1709 favere,
1225 1644 1291 1696 licet
1311 1644 1528 1711 blasphemiam

280 1713 459 1779 insonitum
480 1732 501 1765 s.
521 1721 603 1767 vocet
621 1714 866 1782 indeprecabilem
886 1716 925 1779 tn.
945 1712 989 1778 15)
1008 1718 1089 1779 patet
1106 1730 1141 1766 ex
1161 1714 1291 1766 eiusdem
1310 1714 1377 1779 (nisi
1399 1713 1424 1765 ei
1443 1714 1528 1766 abiu-

279 1784 377 1835 dicare
390 1781 474 1847 velis)
495 1784 536 1836 lle
551 1784 695 1837 communi
708 1788 767 1836 nat.
794 1784 890 1837 Patris
908 1790 937 1836 et
955 1785 984 1835 F.
1005 1788 1034 1837 et
1052 1786 1097 1848 sp.
1117 1800 1139 1835 s.
1158 1800 1186 1836 n.
1204 1782 1343 1849 cetarias
1362 1782 1475 1851 Fragm.
1495 1783 1528 1835 in

279 1852 351 1917 hltl:
378 1854 632 1918 ‘Eamqpetoicaohat
649 1856 677 1903 dt
695 1856 755 1919 χρή,
781 1856 821 1903 ὅτι
838 1854 888 1903 ουκ
906 1860 978 1905 clam
997 1856 1011 1903 ὁ
1029 1854 1150 1917 Χριστὸς·
1187 1854 1229 1917 Τῷ
1249 1853 1461 1919 βλασφημήσαντι
1478 1857 1528 1903 nat

278 1926 464 1989 μοτονοῄοανν.
482 1925 532 1975 ουκ
545 1924 720 1989 &subharrat-
734 1925 820 1973 ἀλλὰ·
841 1922 885 1987 Τῷ
904 1924 1101 1989 βλασφημοῦντι,
1115 1926 1163 1973 σῖτ’
1180 1918 1225 1974 οὖν
1243 1924 1385 1987 ἐπιμένοντι
1404 1923 1444 1985 aa
1460 1924 1528 1973 λοισ-

336 1997 341 2009 ι
404 1996 411 2011 n
478 1996 483 2007 ε
544 1994 555 2023 g
651 2010 662 2022 ι
746 1995 751 2007 Ι
858 1996 863 2009 ι
1155 1994 1159 2007 Ι
1393 1992 1402 2009 1

275 2008 373 2127 stit.
393 1994 990 2128 ,lestetsi-„terrestres
1010 1992 1527 2131 tibitititssxldlifflabtt

274 2148 339 2182 ποτε
357 2134 535 2199 μιταγνοντις,
563 2134 790 2197 &conlocarant
817 2136 865 2195 τῆς
884 2134 969 2197 ψυχῆς
988 2134 1085 2183 ἑαυτῶν
1112 2134 1158 2197 τὴν
1177 2134 1367 2200 προγενομίνην
1389 2134 1416 2181 ἐν
1435 2133 1527 2191 αὐτοῖς

276 2204 428 2251 κακονονυιν.
447 2202 550 2252 Καλὸν·
569 2204 621 2269 γὰρ
634 2203 728 2262 αὐτοὺς
746 2204 863 2252 κατὰτὸ
882 2204 1059 2269 γεγραμυὲνον
1074 2202 1239 2267 ἀποπηδῆσαν
1250 2204 1296 2251 καὶ
1308 2204 1342 2265 μὴ
1361 2203 1527 2268 amaran·

275 2274 320 2321 ῖνοι
338 2272 372 2335 μὴ
394 2274 556 2335 ἐπιμένοντος
577 2273 707 2323 ἁκοὺσυοι
733 2274 763 2321 τὸ
781 2273 916 2336 εἰρημένον
934 2272 982 2321 ὑπὸ
1009 2276 1054 2322 τοῦ
1072 2270 1175 2335 Κυρίου.
1211 2272 1260 2331 ’ος
1277 2274 1299 2321 b'
1322 2274 1353 2321 dcv
1373 2274 1434 2335 step
1453 2274 1526 2321 κατὰ

273 2344 319 2391 τοῦ
339 2342 487 2405 lisoium
505 2346 550 2391 coo
569 2344 644 2409 ἁγίου
661 2345 714 2393 etc.
747 2340 828 2408 Quod
846 2342 944 2393 tannen
965 2340 1015 2407 up.
1034 2340 1058 2402 l.
1078 2356 1104 2393 n.
1124 2340 1297 2393 tacentem
1323 2340 1525 2406 blasphemiae

275 2410 304 2462 in
318 2410 456 2475 Spiritum
470 2427 491 2463 s.
504 2410 790 2463 irremissibilitatem
808 2410 881 2462 tueri
901 2410 1023 2475 videtur,
1042 2426 1128 2476 quam
1143 2410 1295 2463 Novatiani
1314 2410 1410 2475 quoad
1427 2414 1525 2463 cetera

274 2486 393 2547 peccata
413 2481 589 2544 statuebant,
617 2483 752 2533 notamus
771 2494 845 2544 quae
864 2480 934 2531 dicit
962 2481 1097 2533 Callet
1125 2480 1244 2547 (illigas,
1272 2482 1378 2531 t'ursus
1396 2479 1523 2532 theolt

271 2548 370 2608 xxii,
389 2564 415 2615 p.
435 2548 626 2617 110):..Qu0d
646 2548 798 2603 Novatiani
818 2548 1032 2615 blasphemiam
1052 2549 1132 2603 illam
1152 2550 1269 2601 omnino
1289 2548 1520 2601 irremissibilem

272 2635 338 2671 esse
357 2620 515 2686 (ualerent,
533 2618 580 2671 hic
599 2618 793 2686 constringit
813 2634 835 2670 s.
854 2619 960 2671 doctor.
981 2620 1072 2683 Forte,
1096 2619 1164 2684 <quia
1182 2619 1306 2671 necdum
1325 2618 1524 2671 examinasset

273 2688 449 2753 gravitatem
463 2689 572 2753 peccati
591 2693 690 2742 contra
706 2689 843 2755 spiritum
863 2705 899 2751 s.;
917 2689 993 2753 (quod
1012 2692 1166 2754 utcumque
1179 2688 1221 2740 eis
1235 2688 1400 2741 subindicat
1414 2688 1525 2756 verbis,

275 2773 349 2822 cquae
374 2758 493 2809 eiusad
518 2758 703 2823 Serapionem
729 2758 882 2824 epistolam
902 2758 1041 2811 claudunt
1066 2798 1071 2810 .
1092 2802 1095 2809 .
1117 2799 1122 2810 .
1148 2760 1239 2811 Immo
1258 2773 1314 2809 non
1333 2758 1373 2809 ita
1402 2756 1521 2811 difficile

272 2827 454 2888 crediderim,
468 2844 490 2879 s.
501 2828 647 2880 doctorem
660 2833 726 2880 tnnc
740 2828 879 2893 temporis
893 2828 1022 2879 nonnihil
1037 2827 1065 2879 in
1077 2828 1106 2879 id
1117 2828 1313 2895 propendisse,
1329 2832 1359 2880 ut
1370 2832 1520 2894 peccatum

273 2897 303 2949 in
315 2897 451 2962 Spiritum
465 2897 664 2949 irremissibile
677 2898 814 2954 crederet.
833 2912 890 2949 non
903 2898 1037 2962 equidem
1051 2914 1085 2949 ex
1098 2904 1180 2963 parte
1193 2898 1327 2960 clavium,
1344 2898 1394 2949 sed
1409 2897 1521 2949 ratione

272 2966 440 3027 voluntatis,
459 2982 533 3032 quae
552 2967 658 3020 t'hristi
682 2966 955 3033 propitiatione
973 2967 1121 3033 destituta,
1141 2966 1170 3019 in
1190 2968 1267 3019 malo
1285 2966 1455 3020 continuata
1473 2966 1520 3019 sit.

272 3040 444 3105 Quanquam
464 3052 532 3089 suas
546 3052 631 3089 voces
650 3037 691 3089 ita
710 3037 891 3103 temperavit,
910 3042 940 3088 ut
960 3040 988 3088 et
1008 3052 1121 3102 semper
1135 3036 1256 3105 legitimi
1277 3052 1379 3089 sensus
1398 3051 1521 3102 capaces

272 3105 374 3162 forent,
393 3111 421 3159 et
443 3106 513 3172 ipse,
532 3106 638 3158 clarius
657 3106 793 3172 deinceps
807 3105 958 3171 loquendo,
977 3106 1126 3159 varietatis
1145 3106 1279 3173 redargui
1293 3120 1349 3157 non
1366 3110 1471 3171 posset.
1485 3134 1519 3141 -

272 3173 455 3227 Pacianus
482 3176 609 3228 ostendit
628 3178 644 3227 l.
665 3193 687 3228 c.
707 3190 764 3227 non
782 3190 868 3227 omne
892 3176 1103 3241 baptizatorum
1122 3178 1272 3242 peccatum
1297 3190 1361 3227 esse
1384 3175 1520 3240 blasphe-

274 3244 363 3297 miani
390 3244 418 3296 in
446 3245 583 3311 spiritum
603 3262 624 3297 s.
644 3252 695 3298 ant
713 3245 921 3311 irremissibile,
949 3245 1001 3296 sed
1020 3245 1095 3298 hanc
1113 3262 1177 3298 esse
1200 3245 1345 3311 peculiare
1372 3244 1518 3310 quoddam

273 3320 442 3381 peccatmn;
468 3314 496 3367 in
521 3315 624 3367 eadem
650 3316 773 3381 epistola
798 3315 898 3367 scribit
922 3316 961 3379 tn.
981 3313 1038 3381 16);
1066 3315 1208 3379 „attende
1231 3314 1366 3367 universa
1391 3318 1519 3381 peccata,

271 3384 377 3449 quihus
396 3382 535 3437 ilorninus
554 3385 764 3450 comminatur;
783 3384 841 3439 iam
859 3384 974 3437 videbis
992 3400 1056 3436 esse
1075 3384 1324 3451 praesentia“;
1349 3386 1377 3437 et
1397 3382 1519 3435 iterum:

269 3456 381 3521 „Quare
400 3453 490 3506 sicubi
510 3454 696 3507 constitutam
716 3455 903 3521 peccantibus
921 3468 1044 3521 poenam
1062 3454 1238 3520 probaveris,
1257 3454 1310 3506 hoc
1329 3454 1450 3517 tenebis,
1467 3455 1520 3506 aut

270 3524 397 3589 peccatis
415 3524 668 3589 perseverantibus
682 3523 878 3583 constitutam.
896 3527 946 3577 aut
960 3524 1122 3577 libertatem
1137 3524 1196 3576 Deo
1209 3522 1339 3576 relictam
1352 3523 1518 3589 mutandae,

270 3592 296 3645 si
315 3594 473 3659 poeniteas,
491 3594 530 3645 ad
548 3594 668 3647 meliora
687 3594 873 3647 sententiae“.
893 3622 925 3630 -
951 3593 1166 3646 Ambrosius
1191 3594 1284 3659 priore
1303 3595 1365 3645 loco
1385 3592 1519 3645 similiter

268 3662 308 3715 ad
329 3663 475 3715 hominem
494 3679 527 3716 ar
569 3667 715 3716 mentatnr
732 3679 766 3715 ac
783 3664 939 3729 Parianus;
957 3664 1048 3716 altero
1067 3664 1128 3715 loco
1143 3662 1270 3728 loquitur
1287 3663 1323 3715 de
1336 3662 1518 3729 blasphemis

270 3736 301 3783 nt
321 3738 387 3784 sunt
407 3733 489 3785 tales.
510 3734 520 3783 l
541 3749 597 3798 em,
617 3734 658 3785 lie
677 3748 758 3799 poen.
778 3735 795 3785 l.
808 3734 833 3796 2,
852 3750 874 3785 c.
894 3732 928 3785 25
946 3748 1004 3796 eos,
1023 3732 1071 3798 qui
1085 3732 1359 3799 blasphemaverunt
1380 3732 1517 3798 Spiritum

269 3817 302 3866 s,
322 3800 362 3853 ita
381 3801 530 3854 hortatur:
554 3804 606 3866 „Et
626 3803 691 3855 ideo
717 3803 892 3855 revertimini
912 3803 950 3854 ad
975 3802 1135 3869 ecclesiam,
1161 3802 1186 3855 si
1210 3802 1258 3867 qui
1282 3818 1335 3853 vos
1359 3802 1518 3869 separastis

269 3870 366 3935 impie.
395 3871 535 3924 tironibus
560 3873 637 3924 enim
662 3873 854 3925 conversis
879 3873 1030 3938 pollicetur
1056 3870 1180 3937 veniam,
1199 3871 1267 3937 quia
1292 3872 1429 3939 scriptum
1454 3874 1518 3924 est:

268 3938 379 4001 Omnis,
399 3940 572 4008 quicumque
596 3942 772 3995 invocaverit
798 3958 902 3995 nomen
922 3942 1046 4007 Domini,
1070 3942 1168 3993 salvus
1187 3941 1248 3994 erit
1277 3941 1406 4007 lienique
1428 3943 1517 3995 etiam

269 4008 440 4062 lullaeorum
459 4011 591 4077 populus,
619 4012 667 4078 qui
692 4012 807 4065 dicebat
832 4012 868 4063 de
888 4012 1009 4064 llomino
1029 4012 1111 4063 lesu:
1129 4011 1314 4063 daemonium
1334 4011 1441 4076 habet;
1468 4010 1516 4077 qui

267 4076 397 4131 dicebat:
416 4078 445 4131 in
464 4080 625 4133 Beelzebub
644 4082 712 4133 eicit
729 4081 895 4139 daemonia:
914 4080 961 4145 qui
982 4080 1121 4133 crucifixit
1143 4080 1295 4134 Dominum
1315 4080 1422 4134 lesum:
1441 4080 1517 4134 Petri

268 4148 484 4212 praedicatione
502 4153 621 4202 vocatur
644 4153 682 4203 ad
700 4150 888 4217 baptismum,
907 4152 938 4203 ut
957 4150 1073 4203 sceleris
1098 4150 1171 4203 tanti
1192 4150 1294 4203 merita
1313 4150 1465 4217 deponat-⁶
1483 4178 1517 4187 -

267 4216 364 4269 Etiam
389 4219 635 4299 Hieronymus
661 4222 700 4273 ad
726 4221 871 4273 hominem
898 4222 1137 4289 argumentatum
1152 4236 1214 4301 'cur
1240 4224 1338 4273 autem
1362 4220 1516 4273 Novatiaui

266 4288 1516 4428 tittslttlttlhsltslitttstttl'tisftitltlhltsstistte

266 4425 306 4479 ad
333 4429 463 4479 nostnrm
491 4428 679 4495 hospitiolum
709 4434 912 4495 convenerunt,
945 4428 1139 4497 praesentiam
1168 4432 1295 4481 nostram
1324 4443 1432 4498 negare
1459 4445 1517 4482 non

267 4508 430 4564 possumus,
449 4503 478 4549 et
495 4498 550 4550 tibi
562 4514 619 4551 non
634 4498 734 4551 statim
753 4501 935 4565 respondere,
954 4500 1048 4551 visum
1067 4500 1113 4551 est
1124 4498 1296 4565 arrogantis,
1316 4499 1405 4551 latam
1418 4498 1518 4566 dispu-

266 4565 408 4617 tationem
437 4566 517 4619 brevi
545 4583 677 4621 sermone
704 4570 983 4633 comprehendimus.
1012 4596 1045 4605 -
1077 4566 1252 4633 Didymus
1279 4568 1378 4621 Alex.
1407 4568 1516 4623 ibidem

268 4648 295 4686 n.
313 4634 349 4686 48
369 4635 440 4687 haec
458 4636 512 4689 ait:
529 4638 684 4701 „Attamen
703 4638 771 4702 quia
785 4638 955 4690 naturaliter
968 4638 1111 4705 benignus
1126 4640 1172 4689 est
1189 4639 1218 4689 et
1232 4636 1396 4691 misericors
1415 4639 1448 4707 is,
1466 4637 1516 4705 qui

267 4717 319 4753 eos
338 4702 544 4770 debellaverat,
567 4706 670 4758 tribuit
688 4706 731 4757 eis
749 4707 842 4758 locum
868 4706 1071 4773 poenitentiae.
1095 4706 1120 4757 si
1139 4706 1229 4759 velint
1253 4707 1290 4759 ad
1313 4706 1432 4761 meliora
1450 4723 1517 4761 con-
