3450 5342
669 365 709 375 -
735 336 796 389 223
821 366 860 375 —

140 516 243 570 fideles
262 518 462 571 remissionem
483 522 684 585 peccatorum3
702 520 744 572 ita
762 524 792 571 ut
812 520 868 571 nisi
888 520 982 573 soluat
1000 519 1131 583 ecclesia,
1156 524 1274 585 peccata
1293 536 1310 572 a
1330 520 1389 574 Deo

141 590 282 653 perpetuo
300 587 486 641 retineantur.
500 589 559 641 Hoc
574 590 668 654 posito
680 588 864 653 quaerimus:
885 588 1012 640 Ecclesia
1025 590 1118 654 primo
1129 594 1156 641 et
1171 591 1262 642 altero
1275 593 1389 643 saeculo

140 661 262 709 noverat
281 657 311 709 id
330 672 368 709 an
386 657 562 725 ignorabat?
580 658 608 709 si
628 664 756 720 noverat,
781 664 901 711 noverat
925 658 1051 725 prolecto
1070 658 1156 711 simul
1181 659 1388 727 obligationem

143 726 200 778 sibi
219 726 316 779 inesse
333 730 506 793 potestatem
526 728 688 793 exercendi,
703 744 768 779 cum
785 728 902 781 debitae
921 727 1104 781 condiciones
1122 729 1278 782 adessent:
1297 744 1390 794 neque

141 796 221 848 enirn
240 811 293 862 pro
311 811 352 862 se,
370 797 422 847 sed
440 812 493 863 pro
510 796 577 848 aliis
601 801 774 863 potestatem
799 801 971 863 acceperunt
996 798 1135 851 ecclesiae
1160 802 1298 865 pastores.
1319 799 1390 851 (bn-

142 865 273 917 diciones
290 880 360 917 vero
377 881 435 918 non
460 866 534 919 alias
558 866 680 919 ccclesia
709 868 855 933 postulare
880 870 1001 933 poterat,
1027 883 1113 932 quam
1139 884 1213 933 quae
1237 868 1390 935 possibiles

141 935 202 987 sint
220 934 388 987 bominibus
407 936 436 987 in
456 936 510 987 bac
528 936 598 1000 vita,
617 936 722 1001 quibus
749 937 827 989 Deus
853 937 969 989 veniam
998 937 1089 989 voluit
1117 952 1231 1004 semper
1258 942 1390 1003 paratam

142 1020 228 1056 esse:
256 1020 308 1057 cur
333 1020 402 1071 ergo
428 1005 552 1058 ecclesia
579 1006 794 1071 poenitentibus
821 1009 851 1057 et
878 1006 1004 1058 maxime
1033 1006 1247 1073 poenitentibus
1275 1008 1390 1060 veniam

140 1074 293 1142 negabat?
311 1075 355 1125 An
374 1076 498 1140 putabat
517 1074 577 1126 lieri
597 1076 791 1144 pergratiam
812 1076 863 1127 liei
883 1090 940 1127 non
958 1090 1052 1141 posse,
1072 1079 1103 1129 ut
1122 1076 1163 1128 illi
1178 1076 1310 1129 homiues
1324 1092 1391 1129 vere

141 1146 379 1196 converterentur
396 1148 426 1196 et
439 1144 646 1209 poenitentiam
665 1145 807 1213 agerent?
825 1146 857 1198 ld
871 1146 988 1211 quidem
1003 1146 1179 1198 haereticum
1199 1146 1320 1210 luisset;
1340 1146 1390 1199 sed

141 1216 258 1266 constat
285 1213 438 1265 ecclesiam
457 1213 486 1265 id
505 1228 562 1267 non
587 1219 705 1279 putasse
730 1215 811 1268 iuxta
836 1214 915 1281 ipsos
940 1214 1131 1280 adversarios,
1157 1216 1226 1281 quia
1254 1218 1392 1269 censebat

141 1298 160 1334 a
180 1283 241 1335 Deo
260 1298 345 1348 posse
363 1283 416 1334 bos
434 1286 600 1349 peccatores
618 1283 732 1336 veniam
759 1284 905 1350 consequi,
930 1284 1005 1349 quod
1032 1284 1095 1337 sine
1118 1300 1187 1337 vera
1214 1285 1392 1351 poenitentia

141 1351 206 1403 fleri
226 1352 334 1417 nequit.
354 1353 383 1404 Si
402 1368 471 1420 ergo
489 1352 611 1405 ecclesia
635 1357 754 1406 noverat
781 1354 985 1407 necessitatem
1006 1370 1074 1406 usus
1094 1354 1246 1421 potestatis
1266 1354 1392 1407 clavium

142 1436 196 1488 pro
221 1421 380 1474 obtinenda
403 1422 490 1473 venia
517 1427 708 1489 peccatorum,
735 1423 891 1476 enormiter
920 1424 948 1475 in
978 1424 1115 1476 damnum
1146 1423 1274 1477 lidelium
1299 1426 1392 1479 abusa

142 1491 247 1544 luisset
267 1506 320 1544 sua
338 1494 491 1556 potestate,
509 1493 644 1561 negando
662 1492 751 1545 etiam
771 1491 825 1545 rite
843 1508 909 1545 eam
928 1493 1142 1559 postulantibus
1170 1494 1391 1547 absolutionem.

141 1561 171 1612 Si
191 1565 291 1614 autem
310 1560 391 1613 dicas
409 1560 558 1629 ignorasse
578 1562 652 1614 hanc
670 1562 875 1615 necessitatem
895 1563 1057 1627 ecclesiam,
1076 1564 1203 1629 aduerte,
1223 1564 1308 1628 quod,
1328 1579 1392 1615 cum

142 1646 191 1683 res
210 1634 347 1699 ageretur
365 1630 394 1682 in
412 1631 582 1695 quotidiana
601 1632 682 1697 praxi
702 1632 767 1694 sita,
786 1632 934 1684 moraliter
953 1631 1131 1698 impossibile
1151 1638 1220 1699 erat,
1240 1634 1315 1699 «quod
1336 1648 1392 1685 non

142 1703 309 1753 occurreret
326 1699 491 1765 pastoribus
510 1700 650 1753 ecclesiae
674 1702 745 1753 haec
770 1702 919 1767 quaestio:
939 1702 1107 1754 exercitium
1132 1718 1214 1754 meae
1240 1702 1393 1768 potestatis

142 1774 228 1822 estne
247 1769 465 1821 necessarium?
482 1770 562 1837 Quod
574 1786 638 1821 cum
657 1772 756 1839 negari
768 1786 825 1823 non
836 1772 936 1837 possit,
955 1774 1053 1837 restat,
1072 1776 1102 1824 ut
1114 1770 1185 1823 haec
1195 1772 1303 1824 veritas
1316 1774 1393 1824 clara

144 1854 263 1904 semper
280 1838 366 1891 luerit
384 1842 413 1891 et
432 1844 510 1891 certa
529 1839 558 1891 in
577 1840 707 1893 ecclesia.
727 1842 801 1893 Sane
818 1842 856 1893 ad
877 1841 951 1892 hanc
971 1840 1082 1907 praxim
1109 1840 1260 1909 negandae
1279 1842 1394 1893 absolu-

143 1909 246 1966 tionis,
266 1908 288 1959 si
310 1908 384 1959 serio
403 1908 499 1974 tiebat,
518 1909 636 1973 aliquod
655 1910 793 1962 iudicium
812 1911 919 1963 mentis
939 1914 1119 1975 praevertere
1139 1912 1298 1975 oportebat,
1318 1911 1392 1975 quod

143 1994 213 2030 eam
234 1982 363 2046 regeret3
382 1978 449 2029 hinc
469 1977 525 2030 dici
544 1978 653 2043 nequit,
671 1980 748 2044 quod
766 1980 911 2031 exstiterit
930 1982 1022 2032 solum
1036 1979 1165 2031 delectus
1180 1979 1277 2032 iudicii
1291 1980 1395 2032 huius:

143 2048 316 2100 exercitium
336 2064 374 2099 sc.
394 2048 480 2099 huius
499 2048 651 2113 potestatis
670 2052 714 2102 est
732 2050 941 2112 necessarium
961 2050 1011 2101 sed
1030 2049 1155 2116 oportuit
1174 2066 1238 2101 esse
1257 2050 1394 2102 iudicium

144 2116 314 2184 positiium,
332 2116 409 2181 quod
428 2118 520 2169 solum
540 2121 652 2183 poterat
670 2134 735 2170 esse
754 2119 827 2171 ratio
846 2120 931 2171 huius
950 2118 1134 2171 continuatae
1154 2119 1326 2187 negationis,
1346 2134 1395 2171 seu

143 2186 231 2253 ratio,
250 2202 300 2237 cur
317 2190 445 2238 censeret
457 2187 579 2239 ecclesia
598 2188 713 2239 sebene
730 2203 817 2255 agere
828 2189 857 2239 iu
877 2188 928 2240 tali
942 2188 1194 2241 administratione
1213 2189 1397 2253 sacramenti,

143 2256 224 2322 quod
244 2255 382 2307 iudicium
400 2255 527 2308 debebat
545 2272 609 2309 esse
623 2258 688 2309 hoc:
706 2259 874 2310 exercitium
895 2274 977 2310 meae
996 2258 1148 2323 potestatis
1167 2262 1280 2311 nonest
1300 2274 1398 2311 ncces-

144 2325 270 2391 sarium;
288 2325 364 2390 quod
383 2326 560 2378 haereticum
580 2332 632 2379 est.
658 2327 739 2395 Quod
757 2328 823 2393 quis
841 2328 981 2380 ecclesiae
999 2327 1129 2379 tribuet?
1147 2328 1252 2381 Ratum
1273 2330 1312 2381 sit
1330 2344 1399 2396 ergo

144 2400 176 2447 et
208 2394 297 2447 lixum
326 2410 473 2460 nunquam
505 2410 629 2461 negasse
656 2398 809 2449 ecclesiam
840 2396 957 2449 cuilibet
989 2398 1131 2463 peccatori
1159 2398 1213 2450 rite
1241 2398 1396 2465 poenitenti

144 2480 274 2516 vernam.

252 2533 398 2601 Quocirca,
417 2532 441 2585 si
461 2532 569 2586 lactum
589 2535 641 2587 hoc
660 2534 915 2598 demonstraretur,
947 2540 1084 2603 negatam
1102 2536 1191 2588 luisse
1210 2538 1279 2589 olim
1298 2538 1335 2589 ab
1355 2552 1399 2588 ec-

145 2601 239 2655 clesia
257 2603 432 2668 quibusdam
456 2602 626 2656 criminibus
649 2606 775 2669 veniam,
800 2620 979 2670 consequens
1010 2606 1205 2673 colligendum
1224 2624 1260 2658 er
1279 2606 1398 2659 demon·

145 2672 290 2725 stratione
310 2672 386 2724 istud
405 2671 490 2724 unice
508 2672 599 2725 foret:
617 2674 754 2725 nimirum
779 2675 895 2726 veniam
915 2678 943 2726 et
963 2675 1174 2739 remissionem,
1199 2675 1236 2728 cle
1255 2692 1311 2741 qua
1330 2692 1398 2743 age-

144 2744 243 2807 batur,
261 2756 319 2793 non
339 2741 428 2793 luisse
446 2742 657 2795 absolutionem
677 2759 695 2795 a
714 2746 798 2809 culpa
817 2760 913 2796 coram
936 2745 1002 2803 lieo.
1022 2746 1072 2797 sed
1092 2745 1182 2798 luisse
1197 2746 1399 2798 remissionem

144 2810 238 2864 totius
265 2826 385 2877 menae,
413 2810 483 2874 sive,
511 2812 587 2877 quod
614 2828 690 2865 nunc
718 2814 851 2880 dicimus,
882 2813 1094 2882 indulgentiam
1123 2815 1293 2880 plenariam,
1324 2830 1399 2881 quae

144 2880 329 2947 poenitentia
354 2881 532 2947 praescripta
560 2881 666 2934 iunctis
690 2883 823 2947 dabatur,
842 2898 916 2948 cquae
935 2886 1032 2935 tamen
1053 2900 1104 2951 pro
1123 2884 1208 2936 certis
1228 2883 1398 2937 criminibus

147 2954 256 3018 negata
283 2949 386 3001 luisset
403 2950 592 3017 abecclesia,
621 2952 802 3017 impetranda
826 2956 941 3005 tantum
961 2970 977 3005 a
998 2953 1075 3005 ileo:
1094 2970 1150 3019 qua
1169 2953 1198 3005 in
1218 2970 1248 3006 re
1268 2968 1319 3005 suo
1338 2954 1398 3005 iure

146 3034 203 3073 usa
222 3021 300 3071 esset
318 3018 466 3071 ecclesia.“

255 3088 322 3155 Eos,
350 3086 398 3153 qui
423 3088 549 3141 similem
574 3090 678 3141 saltem
706 3091 845 3142 ecclesiae
869 3090 1006 3156 antiquae
1034 3092 1176 3159 attingunt
1207 3093 1400 3159 severitatem,

149 3157 241 3211 simili
267 3157 353 3210 modo
379 3158 504 3210 refutare
531 3174 693 3224 possumus.
720 3160 761 3211 lta
781 3160 858 3211 idem
888 3160 1009 3226 scriptor
1037 3178 1063 3227 p.
1087 3160 1139 3213 95:
1164 3162 1208 3225 „si
1229 3163 1398 3229 negabatur,

153 3227 257 3293 inquit,
276 3226 362 3279 venia
381 3242 432 3293 pro
450 3229 577 3293 peccatis
595 3229 733 3280 admissis
752 3236 815 3295 post
836 3231 1005 3281 sollemnem
1025 3231 1241 3296 poeniteutiam,
1260 3234 1304 3283 rel
1321 3232 1348 3283 id
1366 3248 1399 3283 ex

153 3313 189 3349 eo
207 3299 278 3362 erat,
297 3296 373 3361 quod
390 3296 503 3349 deesset
520 3302 649 3363 potestas
668 3299 834 3351 remittendi
851 3300 972 3352 crimina
986 3301 1116 3365 relapsis,
1127 3302 1170 3352 vel
1183 3301 1258 3365 quod
1270 3316 1402 3353 necessa-

153 3367 229 3419 rium
246 3366 376 3417 medium
396 3382 447 3432 pro
466 3368 624 3420 obtinenda
652 3368 822 3421 remissione
851 3370 1022 3422 credebatur
1048 3370 1226 3435 poenitentia
1254 3370 1403 3423 sollemnis

153 3441 204 3488 aut
225 3436 350 3501 publica,
369 3437 413 3487 vel
433 3438 509 3501 quod
537 3436 709 3490 credebatur
726 3452 783 3489 uon
802 3454 888 3503 posse
907 3454 973 3490 uere
993 3440 1138 3506 poenitere
1158 3456 1215 3500 eos,
1235 3440 1282 3505 qui
1304 3456 1401 3492 rursus

153 3507 332 3572 peccassent.
353 3506 439 3570 Atqui
464 3506 589 3571 primum
608 3509 652 3559 est
672 3507 821 3559 evidenter
848 3508 972 3559 falsum:
993 3510 1149 3561 secundum
1175 3513 1236 3561 tum
1257 3526 1287 3561 se
1308 3511 1401 3575 ipsum

154 3575 288 3639 destruit,
305 3602 340 3611 -·
358 3590 426 3627 nam
446 3575 470 3625 si
490 3576 519 3627 id
534 3576 675 3628 creditum
693 3577 803 3636 luisset,
819 3577 920 3629 luisset
940 3582 967 3630 et
988 3579 1130 3643 pluries
1150 3595 1303 3631 concessus
1322 3581 1402 3631 locus

154 3643 337 3697 humillimae
356 3644 559 3709 poenitentiae,
577 3674 611 3682 -
630 3649 691 3697 tum
704 3646 809 3698 laisum
826 3651 878 3707 est,
895 3648 1032 3713 quianon
1048 3648 1184 3701 omnibus
1204 3648 1402 3715 peccatoribus

155 3730 208 3767 uec
227 3714 362 3766 omnibus
375 3713 490 3767 delictis
508 3716 633 3767 dabatur
646 3731 680 3767 ea
696 3716 893 3783 poenitentia;
912 3716 1029 3768 tertium
1048 3718 1205 3771 absurdum
1226 3722 1288 3783 est;
1307 3718 1401 3785 ergo.“

261 3783 393 3837 Ceterum
413 3783 507 3850 primo
525 3786 640 3837 saeculo
668 3786 879 3851 poenitentiam
908 3788 998 3838 multo
1025 3786 1168 3839 mitiorem
1197 3786 1286 3839 luisse
1314 3802 1401 3851 (quam

155 3860 286 3919 tempore
304 3853 530 3905 Noratianorum
550 3855 639 3905 conici
660 3857 753 3920 potest
773 3857 816 3905 vel
837 3872 872 3906 ex
893 3872 945 3906 usu
965 3857 1095 3908 vocabuli
1122 3857 1332 3923 exomologesis
1352 3872 1401 3923 pro

156 3922 336 3989 poenitentia
354 3923 488 3987 publica3
507 3924 555 3988 qui
576 3928 652 3976 certe
670 3925 737 3975 oriri
757 3939 814 3975 non
834 3924 925 3989 potuit
939 3924 994 3976 nisi
1008 3930 1189 3991 coternpore,
1201 3926 1249 3977 ubi
1260 3927 1402 3979 confessio

156 3995 338 4058 peccatorum
351 3992 451 4045 intota
468 3993 646 4058 poenitentia
656 3992 710 4045 fuit
719 3994 879 4047 maximum
896 4000 924 4047 et
935 3994 1175 4063 insignissimum.
1196 3996 1234 4047 t'l.
1255 3996 1401 4049 Biclrell

156 4061 187 4113 in
205 4061 333 4113 Ztschrlt
350 4062 369 4113 l.
388 4062 469 4113 irath.
488 4062 585 4115 Theoi.
606 4063 765 4115 lnnsbruclr
785 4063 862 4126 1877,
882 4080 908 4130 p.
927 4064 986 4115 420.

261 4131 306 4182 Ad
326 4131 367 4182 10.
393 4132 516 4183 Veniam
544 4132 655 4185 clinicis
682 4135 786 4185 saltem
815 4134 990 4197 generaliter
1009 4134 1037 4185 in
1057 4134 1191 4187 universa
1219 4134 1339 4199 antiqua
1359 4151 1404 4187 ec·

157 4200 246 4253 clesia
264 4203 402 4267 negatam
421 4216 478 4252 non
497 4217 562 4253 esse
581 4205 673 4267 patet:

262 4270 297 4321 A.
316 4286 351 4321 ex
371 4270 596 4337 Caelestino,
615 4272 664 4338 qui
683 4271 797 4336 scripsit
817 4271 855 4323 ad
875 4271 1025 4337 episcopos
1043 4273 1208 4338 provinciae
1228 4272 1404 4326 Viennensis

157 4345 187 4391 et
204 4339 410 4405 Narbonensis,
426 4343 457 4391 ut
468 4340 670 4406 „disciplinam
689 4340 934 4393 ecclesiasticam“
949 4341 988 4393 ibi
1004 4342 1186 4394 restitueret:
1206 4342 1403 4409 „Agnovimus

159 4408 369 4474 poenitentiam
388 4409 579 4462 morientibus
598 4410 745 4477 denegari,
764 4426 824 4461 nec,
833 4410 947 4462 illorum
967 4410 1120 4464 desideriis
1135 4412 1232 4477 annui,
1246 4411 1295 4477 qui
1309 4413 1405 4466 obitus

159 4477 204 4529 aui
222 4482 353 4544 tempore
371 4478 426 4530 hoc
444 4480 559 4531 animae
573 4496 642 4532 suae
661 4480 780 4545 cupiunt
798 4480 926 4532 remedio
946 4480 1100 4533 subveniri.
1121 4481 1286 4547 Horremus,
1304 4482 1404 4549 fateor,

157 4550 258 4600 tantae
277 4547 436 4614 impietatis
455 4549 582 4614 aliquem
606 4550 734 4615 reperiri,
752 4549 801 4615 qui
821 4550 856 4601 de
877 4548 928 4601 [lei
948 4550 1055 4615 pietate
1083 4551 1225 4617 desperet,
1244 4552 1327 4616 quasi
1347 4568 1404 4605 non

158 4616 252 4683 possit
278 4617 368 4669 adse
394 4618 496 4683 quovis
515 4622 644 4685 tempore
670 4618 850 4671 concurrenti
878 4634 1042 4672 succurrere
1070 4626 1099 4672 et
1118 4620 1330 4685 periclitantem
1350 4625 1404 4675 sub
