3450 5342
675 472 870 530 -227-

238 653 379 709 Alterum
405 669 495 724 opus.
521 654 605 724 quod
630 653 669 708 de
694 653 902 724 inspiratione
929 654 1003 724 agit,
1029 660 1078 709 est
1104 654 1330 725 monographia
1350 655 1383 710 F.

116 724 163 778 de
189 723 437 780 Hummelaucr:
462 722 702 794 »Exegetisches
721 739 778 779 aur
799 723 1104 794 Inspirationsirage
1124 724 1179 778 mit
1192 725 1384 780 besonderer

119 792 311 848 Rircksicht
330 793 384 848 auf
402 793 459 848 das
474 794 507 848 Α.
522 793 579 859 T.,«
601 822 634 834 -
648 794 706 847 hoc
725 808 805 863 opus
829 793 994 875 Ryb'mskij
1016 793 1109 848 latius
1127 809 1221 862 quam
1242 793 1380 864 primum

120 868 287 918 recenset.
307 864 502 929 argumento
520 862 587 917 eius
603 861 746 932 exposito
761 863 931 919 concludit:
952 869 1043 918 etiam
1058 879 1076 916 a
1091 862 1203 918 Russis
1217 863 1383 934 theologis,

119 932 219 1002 apud
248 947 328 1013 quos
355 947 417 987 non
442 931 546 987 omnia
569 932 608 987 de
626 930 832 1001 inspiratione
860 933 944 988 clara
971 937 1053 999 aunt,
1078 930 1272 988 uoruinatum
1301 948 1382 1001 opus
1486 974 1490 984 .

121 1001 263 1070 speciali
288 1000 530 1056 considerationi
563 1001 780 1057 subiciendum
806 1017 877 1057 esse
902 1004 941 1071 (p.
968 1003 1038 1069 146).
1072 1003 1133 1068 »at
1153 1008 1188 1055 ut
1207 1008 1299 1072 patet,
1319 1017 1381 1057 non

121 1085 246 1126 omnes
261 1070 498 1126 Hummelaneri
517 1071 681 1140 opiniones
701 1086 717 1124 a
739 1071 851 1126 Russis
870 1072 1129 1140 acceptabuntur·
1152 1072 1381 1140 illuminaturo,

122 1157 163 1193 ue
186 1157 241 1193 sce
262 1159 301 1193 aa
326 1142 532 1210 sosapisuiaxs
558 1143 773 1210 l'ymuensyepa
802 1159 930 1196 moenera
955 1145 1034 1195 bstrs
1063 1143 1214 1210 rrpuusro‘l
1245 1150 1285 1210 lp.
1312 1144 1381 1209 146),

123 1224 203 1264 cum
226 1209 340 1264 nimias
362 1209 588 1265 Hummelauer
606 1211 823 1264 concessiones
843 1211 1047 1265 rationalistis
1067 1211 1166 1265 iaciat.

242 1279 400 1335 Articulus
420 1279 559 1335 nondum
581 1285 628 1334 est
647 1279 765 1334 linitus

125 1419 183 1472 495
224 1351 270 1472 52).
291 1348 424 1415 Liaickij:
446 1349 471 1404 Ο
491 1347 731 1418 trudoljubii
760 1349 815 1418 (De
840 1349 959 1405 labore)
986 1348 1036 1416 ΙΙ.,
1062 1350 1376 1417 175-19u413-430,

240 1487 369 1558 Liniclrij
392 1487 476 1542 hisce
494 1487 526 1542 iu
545 1487 683 1542 articulis
705 1486 950 1556 philosophicam
971 1487 1186 1556 quaestionem
1207 1487 1245 1541 de
1258 1485 1378 1541 laboris

125 1556 260 1611 notione
285 1557 415 1628 eiusque
443 1556 652 1612 divisionibus
672 1572 707 1612 ac
727 1557 831 1612 valore
857 1556 1001 1611 instituit,
1023 1557 1062 1611 Et
1080 1557 1150 1611 licet
1175 1571 1237 1611 non
1263 1554 1377 1616 omnia,

126 1641 213 1696 quae
233 1625 314 1690 dicit,
328 1627 426 1682 teneri
441 1627 489 1682 vel
502 1627 653 1696 acceptari
668 1626 798 1696 possint,
818 1625 849 1680 in
863 1641 978 1696 genere
998 1633 1101 1681 tamen
1122 1625 1198 1680 satis
1219 1626 1296 1679 bene
1310 1640 1376 1679 rem

155 1701 315 1751 ertraetat.

130 1712 153 1766 p
240 1765 373 1821 Litteras
392 1764 424 1819 in
444 1764 559 1818 scholis
586 1763 726 1820 Russicis
753 1763 859 1819 multis
887 1764 1086 1819 versionibus
1105 1763 1195 1819 inniti
1214 1764 1296 1818 dicit.
1327 1762 1377 1818 Se·

130 1835 272 1889 cundum
293 1835 360 1889 eius
386 1834 563 1903 opinionem
591 1834 720 1889 meliora
739 1849 834 1903 opera
859 1833 1048 1904 (originalia)
1068 1833 1100 1887 in
1121 1833 1237 1888 maiore
1256 1833 1377 1914 quanti·

129 1909 195 1958 tate
209 1903 249 1958 ad
264 1903 408 1959 scientias
419 1904 577 1958 naturales
589 1903 760 1973 pertinent;
774 1933 807 1942 —
821 1903 898 1958 aliae
910 1910 1013 1958 autem
1026 1901 1180 1967 scientiae,
1193 1909 1227 1958 ut
1238 1902 1377 1968 historia,

130 1972 191 2040 ius,
212 1973 418 2042 philosophia,
438 1973 607 2042 philologia
621 1989 681 2028 non
700 1973 830 2028 multum
846 1972 983 2028 eminent
1003 1980 1195 2042 luopataaers
1215 1973 1379 2042 cnyuoeriro

131 2061 150 2096 n
171 2044 385 2111 cessionum)
405 2058 445 2111 tp.
465 2045 534 2104 511).
563 2043 645 2106 Quin
671 2041 762 2097 eliam
783 2041 814 2097 in
834 2041 946 2097 litteris
966 2045 1176 2112 lsiureparypbl
1203 2059 1379 2096 »samonaos-

131 2128 243 2166 reusuo
272 2117 537 2182 usrpaboraunsrxs
569 2131 586 2182 y
615 2131 690 2167 traca,
719 2129 870 2176 uueaaos‘s
904 2117 1004 2176 uhrs;
1039 2129 1190 2176 vinemarus
1218 2130 1271 2176 ann
1303 2129 1379 2166 naeus

134 2199 305 2252 carvasarnrs
325 2199 375 2236 nce
395 2199 456 2244 eme
477 2187 625 2252 npnubpm
646 2201 663 2236 u
683 2186 822 2252 oopaausr
842 2199 1063 2252 =1yatesesmsrec
1085 2183 1125 2250 (p.
1144 2184 1214 2247 512).

241 2251 327 2316 Quae
347 2267 423 2306 vero
443 2251 480 2306 de
500 2251 627 2306 eeclesia
648 2258 738 2318 tenet,
759 2251 837 2306 mira
858 2257 931 2306 sunt
951 2251 1001 2318 (ci.
1042 2253 1119 2306 .508
1138 2251 1206 2321 aql.

155 2387 158 2394 .
244 2319 275 2374 V.
298 2321 454 2374 liodnilcov:
484 2321 653 2391 Zabytyj
685 2321 899 2376 dohurnent
925 2322 981 2388 (De
1009 2268 1197 2375 documento
1225 2321 1375 2376 oblivioni

135 2390 264 2448 traditot
287 2389 336 2456 ΙΙ.,
356 2393 407 2444 213
442 2391 501 2445 233.

239 2459 327 2514 Multi
348 2459 486 2514 historici
505 2466 633 2528 excepto
653 2459 784 2524 Wilken‚
805 2475 874 2512 curn
895 2457 1182 2528 Constantinopolis
1202 2459 1374 2528 occupatio·

136 2543 244 2583 nema
274 2531 340 2583 1204
367 2528 487 2583 acruci
511 2528 573 2584 eris
593 2529 704 2584 iactam
731 2528 919 2595 describant,
946 2545 1026 2598 opus
1052 2529 1221 2583 attentione
1243 2530 1374 2597 dignum

135 2597 289 2660 omittunt,
316 2613 441 2666 nempe:
469 2545 625 2666 »fipistola
653 2597 802 2666 anonymi
823 2598 963 2652 -testis
988 2597 1100 2652 oculati
1126 2598 1164 2652 de
1184 2604 1272 2667 capta
1298 2599 1376 2651 urbe

137 2663 340 2721 Constantino
363 2667 485 2722 olitana.
506 2669 554 2735 (Α.
574 2671 660 2734 1204)λ
683 2667 794 2737 iligna,
816 2667 848 2721 P.
869 2667 901 2720 L.
922 2673 942 2721 t.
961 2669 1035 2722 ala«
1066 2667 1232 2722 Roduikov
1252 2671 1376 2747 praeter

136 2735 310 2790 versionem
360 2735 505 2804 ussicam,
524 2737 615 2792 etiam
631 2737 670 2792 de
683 2738 752 2806 ipso
766 2742 892 2791 auctore
911 2736 1071 2805 disputat·
1080 2736 1193 2792 Censet
1212 2736 1375 2805 epistolam

138 2804 222 2872 hanc,
241 2805 280 2859 ab
299 2821 362 2860 uno
382 2822 398 2860 e
417 2805 551 2862 ducibus
566 2807 597 2861 in
611 2807 742 2876 epistola
763 2806 940 2873 nominatis,
961 2805 1075 2860 scilicet
1095 2805 1212 2860 Ioanne
1232 2805 1375 2870 Fusieno,

137 2875 341 2945 conscriptam
370 2891 448 2931 esse.
477 2875 679 2930 Potissimum
709 2882 930 2944 argumentum
957 2891 996 2929 ex
1020 2875 1203 2930 diversitate
1230 2875 1375 2938 desumit,

159 2959 215 2998 uae
233 2944 313 3000 inter
332 2945 411 3000 hanc
430 2945 592 3014 epistolam
613 2952 643 3000 et
661 2945 743 3000 inter
767 2945 1001 3000 Villehardouin
1021 2946 1092 3007 ,Par
1111 2945 1138 2999 la
1159 2944 1318 3014 Conquete
1337 2944 1376 2998 de

138 2960 400 3084 {cnstantinople‘
418 3015 451 3069 in
470 3014 677 3070 describendo
707 3015 782 3082 loco,
810 3031 874 3084 quo
902 3016 1048 3084 princeps
1074 3013 1202 3068 Alexins
1221 3015 1260 3067 ad
1280 3012 1375 3067 cruci·

139 3095 228 3164 garos
255 3083 425 3138 accessisse
453 3085 574 3152 dicitnr,
605 3085 746 3140 habetur.
775 3084 1008 3139 Villehardouin
1037 3083 1177 3138 affirmat
1195 3083 1256 3137 iam
1278 3084 1376 3136 Zarae

139 3167 169 3206 m
190 3152 335 3208 Dalmatia
357 3152 497 3208 hierium
518 3155 556 3208 ad
577 3155 755 3223 crucigeros
776 3169 844 3208 cum
867 3153 1014 3222 petitione
1039 3151 1224 3218 accessisse;
1244 3151 1376 3220 epistola

142 3221 294 3276 nominata
306 3228 408 3278 autem
423 3223 455 3277 in
468 3223 571 3278 insula
583 3223 689 3279 Corin.
709 3225 794 3287 Quae
810 3222 979 3278 diversitas
991 3223 1064 3277 inde
1077 3230 1145 3276 orta
1159 3222 1285 3276 videtur
1297 3236 1376 3288 esse,

141 3291 220 3360 quod
249 3297 357 3346 auctor
384 3292 533 3361 epistolae
562 3309 644 3349 unus
672 3309 688 3348 e
715 3293 827 3363 legatis
855 3293 958 3358 fuerit,
987 3292 1040 3362 qui
1069 3291 1285 3346 Innocentium
1315 3289 1376 3344 111.

142 3367 265 3429 propter
278 3361 375 3416 Zarae
389 3378 463 3417 occu
488 3362 622 3417 ationem
639 3363 717 3418 male
737 3369 844 3418 contra
863 3363 1042 3432 crucigeros
1062 3361 1111 3416 dis
1135 3360 1251 3415 ositum
1272 3375 1376 3414 recon-

142 3429 267 3485 ciliaturi
289 3437 403 3500 essent,
424 3439 454 3486 et
466 3379 545 3487 ilino
565 3434 661 3488 Zarae
681 3433 778 3487 alexii
799 3433 968 3487 adventum
991 3447 1053 3485 non
1075 3429 1104 3484 vi
1130 3430 1206 3510 erit..
1353 3497 1359 3508 ,

239 3499 316 3555 Cum
338 3515 412 3556 vero
431 3508 540 3557 auctor
552 3502 700 3572 epistolae
715 3502 784 3556 belli
805 3501 870 3557 dux
884 3506 914 3556 et
927 3506 1154 3570 consequenter
1168 3500 1265 3554 laicus
1281 3497 1375 3551 fuerit

142 3573 250 3623 etcum
272 3569 350 3624 alter
364 3571 504 3642 elegatis
523 3573 619 3626 laicus
639 3571 840 3626 iureiurando
860 3571 1000 3640 neglecto
1018 3571 1050 3624 in
1071 3570 1194 3639 Syriam
1216 3567 1374 3636 proiectus

143 3638 186 3701 sit,
214 3654 295 3693 unus
330 3645 442 3694 restat:
476 3641 609 3696 Ioannes
638 3641 793 3696 Fusienus
840 3640 931 3705 Quod
965 3645 995 3694 et
1029 3638 1151 3693 iuterna
1188 3641 1373 3704 argumenta

143 3709 354 3788 comprobant:
384 3709 500 3765 Auctor
524 3708 681 3779 epistolae,
707 3716 741 3764 ut
760 3725 798 3764 ex
817 3709 886 3779 ipsa
912 3715 1003 3779 patet,
1030 3709 1078 3763 vir
1103 3709 1223 3777 probus
1249 3705 1321 3771 fuit3
1343 3734 1375 3744 -

143 3778 285 3846 crucigeri
299 3783 401 3833 autem
417 3779 455 3833 ad
472 3780 585 3848 Papam
607 3779 739 3848 ,dignos‘
759 3779 844 3833 viros
866 3780 1007 3843 mittunt;
1029 3778 1120 3832 stilus
1139 3775 1288 3845 epistolae
1308 3774 1375 3830 Gal·

144 3845 200 3900 lum
219 3847 330 3915 prodit,
350 3879 383 3888 -
403 3848 573 3902 secundum
595 3848 811 3904 Innocentium
833 3854 936 3904 autem
956 3848 1038 3902 inter
1057 3847 1176 3916 legatos
1196 3845 1288 3900 ambo
1308 3843 1374 3898 laici

144 3915 262 3970 luerunt
291 3916 378 3983 Galli,
406 3933 475 3972 cum
506 3917 630 3973 duobus
663 3918 835 3972 baronibus
863 3917 1045 3983 Gallicanis;
1077 3917 1125 3985 toi.
1154 3932 1182 3984 p.
1207 3917 1257 3969 217
1288 3917 1376 3983 sqq.).

146 3984 257 4040 Gallum
283 3991 440 4040 auctorem
467 3986 565 4040 luisse
590 3986 752 4056 sequentia
776 4002 902 4056 quoque
928 3986 1075 4041 suadent:
1104 3985 1207 4055 primo
1233 3982 1375 4039 terrestri

145 4054 282 4108 exercitui
302 4061 452 4123 praeerat,
477 4071 553 4124 ergo
573 4071 634 4110 non
660 4056 719 4111 tuit
738 4055 926 4111 venetianus
952 4055 1000 4110 vel
1026 4055 1142 4119 ltalns3
1169 4053 1306 4108 secundo
1325 4052 1377 4107 illa

146 4123 340 4203 comparatio:
364 4124 463 4179 vPons
479 4141 554 4180 vero
569 4126 619 4180 ille
632 4125 892 4194 (constantinop.)
907 4126 1062 4194 potentior
1081 4131 1147 4179 erat
1162 4125 1263 4178 Parvo
1280 4123 1376 4176 Ponte

148 4191 356 4247 Pausiacensi‹
378 4193 459 4248 idem
480 4195 622 4250 evincere
642 4195 795 4264 videtur(
819 4236 825 4248 .
843 4197 893 4248 221
914 4198 979 4263 sq).

237 4263 414 4318 Secundum
445 4264 611 4318 Rodnikov
640 4264 770 4334 epistola
797 4210 875 4319 Raso
898 4279 977 4330 ,curn
1002 4269 1111 4317 auctor
1138 4262 1221 4315 illam
1247 4260 1278 4314 iu
1306 4260 1376 4314 belli

145 4340 251 4401 campo*
270 4333 500 4402 conscripserit,
530 4333 598 4388 aliis
618 4334 743 4388 duobus
763 4333 913 4414 operibus
932 4349 950 4386 a
970 4331 1203 4386 Villehardouin
1222 4337 1252 4384 et
1272 4329 1377 4410 llioeta

146 4401 264 4537 {iho2n2iitt
283 4402 321 4456 de
340 4403 447 4456 eadem
470 4404 599 4457 materia
619 4404 815 4472 clansoriphs,
835 4402 1083 4457 consideratione
1108 4400 1234 4470 dignior
1254 4400 1378 4453 videtur

236 4539 555 4595 Animadvertendum
591 4546 694 4595 tamen
726 4540 860 4602 videtur,
888 4545 1044 4594 auctorem
1074 4540 1140 4593 sine
1171 4537 1232 4592 ulla
1258 4535 1378 4590 ratione

177 4609 239 4664 inus
265 4616 347 4665 recte
366 4609 404 4664 de
424 4609 605 4666 Innocentio
619 4608 679 4664 Ill.
695 4609 818 4664 sentire.
840 4610 962 4664 Etenim
982 4608 1077 4664 liceti
1104 4624 1137 4662 se
1156 4608 1245 4672 dicat,
1264 4619 1376 4674 papam

149 4623 326 4749 formaliter
349 4679 387 4747 (2)
408 4678 465 4734 i.e.
481 4679 687 4748 specietenus
707 4684 815 4734 contra
836 4625 1123 4748 Constantinopoiis
1143 4677 1375 4754 occupationem

145 4753 336 4816 protestatum
365 4763 449 4814 esse;
472 4780 501 4787 -
523 4756 624 4804 tamen
646 4765 684 4803 ex
703 4763 747 4814 eo,
767 4750 852 4818 quod
871 4750 992 4819 probus
1012 4750 1062 4804 vir
1081 4748 1211 4802 Romam
1239 4749 1374 4798 mittrtur
