3450 5342
682 406 809 492 -Urrr
834 439 876 450 -

152 593 272 651 Gbristi
295 591 448 651 latendum
480 614 545 652 esse
575 598 800 666 censuerimus,'
815 595 934 654 stultam
967 597 1142 676 Eutychi
1157 600 1363 656 anistaru
1377 619 1406 656 m

149 682 290 739 attonitis
312 679 432 738 auribus
455 679 634 739 dementiam
658 682 746 740 fateri
767 686 920 760 putemur“
944 678 995 762 (ἢ).

263 766 397 839 Accedit,
421 766 498 846 quod
521 787 594 846 opus
615 771 817 828 conversionis
840 770 998 828 multorum
1014 769 1228 829 haereticorum
1246 769 1283 829 ad
1299 793 1401 830 veram

147 852 252 925 fidem,
274 875 341 932 pro
364 857 475 913 cuius
498 857 743 914 sinceritate
766 856 934 932 Sergius,
957 856 1002 915 ab
1027 857 1207 916 Honorio
1230 857 1401 922 nondum

148 939 498 1017 heneeognitus,
531 944 686 1022 seipsi
722 943 1291 1021 quasivademolferebat,
1327 946 1402 1004 relc-

149 1036 239 1087 rente
262 1027 364 1086 eodem
390 1030 503 1105 Sergio,
537 1027 676 1087 inanibus
700 1027 737 1087 de
771 1032 860 1088 meris
884 1029 1005 1088 vocibus
1029 1029 1271 1089 altercationibus
1294 1034 1403 1092 intem-

149 1117 270 1192 pestive
292 1114 525 1193 perturbabatur.
549 1117 680 1174 Intentio
703 1119 794 1194 igitur
816 1116 942 1174 Honorii
966 1125 1029 1174 erat
1052 1119 1174 1196 optima3
1195 1127 1225 1176 at
1249 1139 1318 1176 num
1337 1121 1400 1178 eius

151 1200 264 1278 agendi
288 1201 391 1261 modus
414 1201 532 1280 probari
556 1211 660 1281 potest,
685 1223 754 1262 unm
777 1204 963 1278 luitnotus,
987 1223 1055 1260 num
1080 1203 1275 1281 opportunus?

263 1287 724 1368 42.Uonsideremus'primum
762 1310 839 1347 rem
882 1289 987 1348 nude
1025 1292 1065 1347 in
1106 1311 1144 1348 se
1178 1293 1279 1369 ipsa:
1329 1313 1399 1350 num

149 1375 179 1432 li
190 1397 207 1433 c
217 1377 226 1432 i
237 1386 275 1433 te
298 1374 335 1433 de
357 1386 481 1454 utroque
497 1376 640 1434 vocabulo
653 1387 686 1435 nt
701 1376 899 1435 abstineretur
921 1376 1069 1454 postulare
1085 1375 1227 1453 potuerit?
1251 1379 1313 1455 Ipsi
1330 1379 1399 1458 uy-

149 1462 265 1520 rille
292 1462 605 1522 Alexandrino
638 1465 717 1521 male
738 1465 835 1536 cessit,
858 1461 937 1541 quod
960 1461 1120 1540 aliquando
1143 1465 1174 1522 in
1197 1485 1255 1522 uno
1278 1485 1316 1522 ex
1339 1467 1399 1524 suis

152 1549 412 1608 anathematismis
434 1561 568 1608 mutate
592 1571 651 1609 non
676 1549 872 1628 distinguens,
899 1548 1043 1608 vocabulo
1071 1553 1210 1618 ,naturff
1238 1571 1290 1628 pro
1317 1571 1399 1630 ,per-

148 1640 243 1696 sona“
280 1657 350 1695 usus
383 1645 436 1694 est.
468 1638 597 1696 Tantum
632 1649 787 1716 postquam
809 1639 873 1716 ipse
896 1635 1125 1694 reclamantibus
1148 1637 1318 1715 explicavit,
1343 1658 1422 1715 quo·

151 1743 241 1782 sensu
263 1723 451 1800 intelligeret,
489 1726 616 1803 suspicio
650 1723 687 1782 de
710 1727 773 1783 eius
795 1723 972 1784 orthodoxia
1002 1725 1123 1781 evanuit
1142 1717 1192 1800 ⁶³).
1227 1721 1400 1782 Generatim

152 1821 254 1868 tamen
276 1810 434 1869 dicendum
458 1823 510 1882 est,
543 1811 608 1869 ubi
644 1810 685 1869 de
708 1810 950 1870 orthodoxia
983 1812 1129 1868 mentis
1164 1821 1331 1881 constat,
1355 1811 1401 1869 de

151 1897 365 1956 vocabulis
388 1899 603 1976 aliquantulum
627 1897 773 1975 ambiguis
797 1917 867 1956 non
901 1895 1048 1955 debere
1078 1899 1312 1954 necessario
1343 1917 1400 1954 cc-

152 1985 318 2044 clesiam
341 1985 518 2062 litigare.
542 1985 591 2044 Sic
613 1988 646 2044 in
668 2006 699 2042 re
722 1986 812 2042 etiam
843 1983 1016 2042 definita
1039 1981 1307 2042 condescendentis
1331 2003 1398 2042 usus

152 2071 341 2142 Basilius,
376 2071 413 2131 ab
443 2075 589 2152 episeopis
618 2092 788 2150 expressam
823 2071 1039 2130 confessionem
1074 2069 1241 2129 divinitatis
1271 2071 1397 2148 Spiritus

154 2161 256 2218 Sancti
290 2159 469 2236 exigendam
499 2181 557 2219 non
579 2160 704 2238 putavit,
738 2156 824 2216 modo
847 2177 909 2214 rem
933 2160 1027 2235 ipsam
1051 2177 1081 2214 se
1113 2157 1250 2236 amplecti
1282 2155 1400 2216 indubi-

154 2254 248 2306 tatum
270 2247 410 2305 facerent.
449 2247 498 2305 Sic
525 2247 879 2324 ,intransigentissimus“
906 2255 938 2303 ut
960 2242 1049 2302 hodie
1072 2241 1183 2302 dixeris
1219 2244 1354 2302 Athan
1367 2265 1398 2302 a-

154 2335 238 2392 sius
260 2343 411 2411 tamquam
434 2336 577 2410 genuinos
593 2333 735 2391 ecclesiae
758 2332 834 2390 filios
858 2330 1058 2392 consideravit
1080 2341 1142 2388 turn
1166 2351 1223 2399 eos,
1247 2333 1297 2409 qui
1325 2331 1397 2410 ,hy-

154 2421 313 2498 postasim“
352 2422 476 2493 ,unam“
510 2424 541 2480 in
570 2421 728 2492 Trinitate,
761 2427 823 2477 tum
851 2418 926 2489 illos,
957 2419 1007 2495 qui
1035 2427 1111 2488 ,tres
1140 2417 1333 2496 hypostases“
1367 2421 1398 2475 in

154 2506 257 2566 eadem
291 2507 481 2579 affirmarent,
514 2506 600 2566 modo
630 2508 673 2566 rei
696 2505 856 2583 explicatio
884 2503 1039 2562 verborum
1070 2513 1260 2582 apparentem
1284 2513 1398 2562 contra

155 2594 314 2654 dictionem
330 2595 454 2665 tolleret,
470 2615 536 2652 cum
551 2596 671 2653 nomine
697 2593 900 2671 ,hypostasis“
922 2591 953 2648 hi
969 2592 1150 2668 suppositum
1167 2611 1218 2648 seu
1233 2609 1397 2678 personam,

152 2682 197 2740 illi
221 2681 416 2741 substantiam
446 2701 497 2740 seu
531 2689 665 2740 naturam
690 2679 891 2756 intelligerent
910 2673 961 2758 ⁶4).
1007 2675 1087 2751 Quid
1119 2676 1197 2755 quod
1220 2678 1309 2734 etiam
1334 2680 1396 2756 ipse

153 2769 421 2850 Hieronymus
458 2771 507 2842 ,in
530 2768 655 2846 epistola
680 2765 717 2824 ad
740 2765 903 2824 Damasum
928 2765 1050 2834 censuit,
1085 2783 1143 2822 non
1167 2783 1230 2822 esse
1254 2762 1396 2822 dicendas

154 2859 184 2915 in
199 2856 265 2915 Deo
288 2867 347 2916 tres
371 2856 553 2935 hypostases,
576 2857 658 2914 cuius
680 2854 858 2913 contrarium
882 2861 984 2930 postea
1005 2851 1132 2908 ecclesia
1155 2849 1328 2918 nonsemel
1344 2850 1394 2908 de-

152 2939 325 3021 finivirffl),
359 2944 452 3002 Immo
486 2942 662 3001 ecclesia
684 2943 768 3020 ipsa
788 2957 892 2997 vocem
919 2935 1213 3012 ,consubstantialis“
1241 2937 1339 3008 semel,
1364 2940 1395 2995 in

154 3031 277 3090 concilio
310 3031 424 3090 scilicet
446 3029 634 3089 Antiocheno
668 3036 771 3085 contra
791 3025 918 3084 Paulum
944 3027 1168 3084 Samosatenum
1198 3023 1309 3094 habito,
1344 3045 1395 3082 ox-

153 3137 251 3195 presse
281 3120 391 3190 reiecit,
424 3128 453 3176 et
486 3116 590 3175 eadem
625 3115 751 3174 ecclesia
774 3111 899 3171 eandem
933 3131 1035 3170 vocem
1059 3113 1090 3167 in
1114 3110 1239 3168 concilio
1260 3111 1394 3169 Nicaeno

155 3214 302 3283 tamquam
325 3216 466 3263 tesseram
500 3202 681 3261 orthodoxae
714 3201 793 3271 fidei,
828 3200 886 3257 alie
911 3199 1023 3256 scilieet
1057 3207 1086 3256 et
1120 3197 1178 3254 alio
1213 3215 1299 3254 sensu
1323 3197 1393 3256 deli-

155 3293 229 3350 nivit
250 3287 311 3367 ⁶⁶),
345 3293 448 3350 reiecit
470 3312 534 3348 eam
558 3293 590 3348 in
623 3310 711 3348 sensu
741 3287 960 3346 communitatis
987 3303 1066 3342 mere
1097 3285 1211 3359 logica-e
1235 3285 1266 3340 iu
1289 3282 1393 3341 cadem

156 3377 324 3450 substantia
348 3378 485 3437 definivit
507 3376 639 3436 eiusdem
662 3375 845 3434 substantiae
869 3375 1013 3430 unitatem
1037 3373 1226 3430 numericam.

258 3466 367 3524 Verum
389 3468 540 3523 enimvero
577 3466 697 3522 etiam
718 3481 783 3520 cnm
807 3481 867 3518 non
898 3458 934 3518 de
969 3458 1039 3516 solis
1062 3455 1184 3514 vocibus
1216 3476 1310 3514 sermo
1343 3465 1395 3526 est,

157 3552 205 3608 sed
227 3554 426 3610 controversia
449 3572 532 3610 rem
569 3553 707 3628 ipsam
731 3549 859 3623 attingit,
893 3553 1016 3603 recte
1039 3542 1199 3622 aliquando
1223 3541 1259 3600 de
1283 3541 1396 3601 duabus

155 3640 293 3716 oppositis
315 3641 470 3697 sententiis
493 3637 701 3696 silentium
724 3634 870 3712 imponi
894 3644 1034 3710 potest,
1059 3639 1136 3688 certe
1159 3641 1236 3700 tunc,
1261 3651 1327 3688 cum
1350 3651 1396 3688 res

157 3745 277 3803 neque
299 3725 475 3784 definita
497 3744 621 3804 neque
644 3725 741 3782 satis
764 3722 945 3798 eliquato
967 3732 1035 3776 est.
1063 3717 1150 3790 „Una
1173 3716 1308 3796 ἐνέργεια
1326 3725 1395 3775 tunc

156 3811 282 3870 nondum
311 3823 374 3871 erat
396 3814 546 3892 expressio
569 3810 606 3869 ab
629 3811 802 3868 auctoritate
824 3807 1024 3866 ecclesiastica
1046 3797 1236 3883 sancitam).
1280 3803 1321 3860 lut
1348 3804 1397 3876 ,in

157 3902 332 3978 quaestione,
355 3899 392 3958 de
415 3920 473 3979 qna
495 3919 533 3956 ex
555 3907 639 3976 parte
665 3897 807 3955 ecclesiae
831 3892 960 3953 nondum
984 3891 1144 3970 quidquam
1165 3890 1394 3950 determinatum

158 3999 223 4060 erat,
251 3997 366 4065 poterat
388 3987 537 4045 silentium
560 4019 603 4028 -
627 3980 825 4042 abstrahendo
848 3979 886 4038 ab
909 3981 954 4046 iis,
977 3998 1052 4058 oquae
1076 3979 1106 4034 in
1130 3977 1252 4036 Oriente
1276 3975 1396 4048 fiebant,

157 4084 183 4132 et
203 4095 279 4153 quae
301 4074 435 4132 Honorio
457 4069 588 4130 nondum
611 4073 683 4129 satis
706 4077 860 4148 perspecta
882 4077 974 4130 erant,
997 4099 1040 4107 —-
1063 4083 1155 4141 aeque
1180 4062 1395 4122 rationabiliter

157 4163 263 4239 imponi
281 4170 369 4239 atque
384 4162 416 4219 in
435 4159 643 4218 controversiis
658 4157 833 4232 theologicis
848 4161 976 4212 aetatum
995 4146 1312 4230 subsequentiumflssss).
1333 4149 1398 4224 ,ux

158 4263 359 4271 -..--...-

198 4294 234 4471 §l
252 4297 430 4420 Edllhlhlhldi
448 4366 518 4448 nota
537 4365 571 4485 iq
584 4362 665 4414 Hier.
680 4359 883 4482 llgqqallenqzlgi,
902 4359 933 4411 Ε,
954 4357 986 4409 v,
1006 4355 1064 4408 527,

198 4437 234 4571 ..3
253 4432 658 4587 &reciteturque
780 4471 786 4481 ·
861 4468 867 4480 ·

198 4576 223 4680 2⁶
253 4569 680 4714 tartutr;.¹..⁰s⁷t·
694 4636 755 4690 a.

198 4714 223 4750 ⁰⁸
253 4715 323 4768 ibid.
342 4714 402 4769 ate.

200 4835 259 4878 Slav.
273 4836 314 4876 titt.
327 4835 395 4876 theol.
