3450 5342
849 379 1006 435 ...402

305 569 337 618 ot
352 564 511 620 moialistia
536 565 705 619 coniunctos
731 579 815 618 veroa
842 565 929 618 huius
953 565 1119 648 tragoediae
1144 569 1256 618 actores
1280 563 1418 621 nominet,
1448 568 1545 616 mnes

303 635 460 688 nonnullae
478 633 541 686 eius
563 634 775 702 adnotationes,
802 635 853 687 ubi
872 641 1043 702 praesertim
1069 636 1105 688 de
1125 635 1287 688 iesuitlrmo
1311 637 1340 686 et
1356 633 1545 685 ultramonta-

305 699 401 758 nismo
427 704 553 770 loquitur
579 705 666 770 ioque
683 705 794 758 Βοιιιιθ
821 703 993 758 dominandi
1021 705 1212 774 cupiditatem
1242 703 1393 766 invehitur,
1421 701 1544 768 produnt

303 773 494 826 ortlrodoxum
512 773 649 840 opinione
669 774 870 840 praeiudicata
890 775 1017 828 ductum.

411 859 428 912 i.
450 861 478 910 li.
499 859 648 926 hueber,
674 861 715 924 „0
740 860 870 926 sledah
906 861 1126 928 evrejskago
1156 859 1347 928 originale
1365 873 1382 908 v
1400 858 1550 910 drevne·

306 929 587 996 slsvjanslrom
627 930 829 995 perevodb
869 931 925 982 ku.
963 929 1124 997 BytiJ'a“
1174 927 1296 997 (mensis
1338 927 1420 980 biart,
1466 926 1550 992 iaso.)

306 999 514 1066 „vestigia
533 999 724 1052 influxus
742 999 939 1052 Hebraici
958 1003 1088 1052 textus
1106 997 1312 1067 originalis
1338 997 1373 1049 ln
1390 997 1552 1050 Genesis

306 1068 486 1120 versione
512 1069 822 1134 voteroslavicaf‘
848 1069 902 1122 Est
919 1069 1047 1122 recensio
1066 1069 1170 1122 similis
1189 1069 1330 1122 tractatus
1360 1066 1431 1132 prol.
1449 1066 1499 1118 Th.
1518 1066 1550 1118 (i.

305 1136 452 1202 llleonalrij
488 1137 517 1188 in
544 1138 592 1204 llr.
616 1137 658 1190 Gt.
684 1139 763 1190 Fasc.
788 1153 840 1206 pro
865 1153 964 1191 mense
984 1139 1116 1192 Ianuario
1140 1137 1210 1191 anni
1235 1136 1421 1190 decurrentis.
1448 1135 1551 1204 Quoad

304 1207 462 1262 fiduciam
477 1205 515 1258 ibi
531 1208 625 1260 locum
639 1207 709 1260 ileu.
728 1207 783 1264 26
800 1209 861 1271 (πρὸ
880 1213 925 1259 vei
943 1210 1068 1276 seviebat
1088 1211 1129 1259 inl
1146 1213 1192 1272 τῆς
1211 1213 1259 1276 γῆς
1273 1242 1298 1257 ..
1318 1209 1367 1270 πρὸ
1385 1211 1429 1256 oei
1448 1209 1552 1256 ἀναπῖ-

304 1279 360 1339 λαι)
383 1283 473 1344 negat
501 1291 653 1328 recensens
681 1277 844 1330 versionem
870 1279 1108 1332 veteroslavicam
1138 1277 1275 1330 influente
1303 1277 1382 1328 textu
1413 1275 1551 1344 originali

305 1346 454 1400 Hebraico
477 1362 541 1398 esse
560 1347 719 1398 conlectam
738 1349 769 1398 et
785 1347 914 1401 ostendit
932 1347 1073 1414 exemplis
1095 1349 1156 1400 tum
1176 1363 1210 1398 ex
1222 1347 1254 1398 V.
1273 1347 1302 1398 T.
1322 1350 1382 1397 tum
1401 1361 1438 1398 er
1455 1345 1553 1398 Evan-

303 1415 389 1538 ffieliia
407 1414 541 1481 sumptis
558 1417 910 1470 constructionem
929 1419 988 1482 πρὸ
1006 1424 1071 1480 τοῦ,
1090 1421 1163 1481 πρὶν
1181 1421 1238 1466 τοῦ
1256 1431 1334 1468 cum
1354 1414 1554 1468 infinitivo

302 1501 313 1539 r
334 1485 342 1537 i
362 1485 464 1538 eodem
483 1485 568 1536 ruodo
587 1486 660 1538 verti
678 1485 772 1551 prouti
793 1488 847 1539 hoc
868 1485 899 1539 lit
920 1488 949 1539 iu
969 1487 1100 1540 versione
1119 1485 1336 1539 vetnroslavica.
1364 1485 1505 1538 Similiter
1523 1487 1554 1536 et

300 1555 390 1608 verba
404 1555 473 1606 (len.
484 1553 510 1610 a.
521 1554 538 1606 6
550 1554 692 1608 versionis
703 1558 887 1608 veteroslav.:
910 1573 968 1607 »vs
977 1558 1038 1610 sili
1048 1573 1070 1607 'c
1088 1557 1216 1609 alaisa.
1228 1596 1233 1606 .
1245 1597 1249 1606 .
1261 1555 1402 1606 v'uselra
1420 1554 1554 1615 treva“‚

302 1639 378 1690 quae
394 1623 539 1690 lileonskij
559 1628 709 1690 tanlquam
728 1625 940 1678 nominativum
958 1641 1075 1678 sumens
1089 1625 1209 1678 adhibet
1224 1625 1262 1677 ad
1276 1622 1416 1676 iulluxum
1430 1623 1555 1676 Hebrai-

304 1709 370 1746 cum
388 1693 477 1746 etiam
496 1694 550 1744 hor
569 1695 631 1745 loco
645 1695 852 1758 attestandum,
872 1709 928 1747 nou
943 1694 1121 1752 nominativi.
1141 1695 1191 1747 sed
1206 1694 1371 1748 archaicaru
1389 1693 1553 1745 aruusalivi

303 1763 429 1816 formam
449 1778 513 1813 esse
531 1763 643 1838 lglvsdev
661 1763 797 1816 aiiirmat.

409 1831 582 1884 Theodor
616 1832 819 1899 lileonskij.
850 1832 1250 1902 ..Drevueslavjaushij
1287 1831 1448 1897 perevod
1485 1832 1553 1896 ish.

307 1900 400 1954 111
430 1901 474 1954 lll.
502 1898 544 1952 4³⁸
577 1901 870 1963 „Veteroslavica
899 1903 1004 1954 Exod.
1025 1903 1048 1970 l,
1073 1903 1088 1954 1
1115 1909 1147 1954 et
1180 1903 1239 1966 :tl
1270 1901 1420 1953 versio.“
1457 1901 1554 1963 (Fasc.

306 1971 409 2038 April.)
436 1969 619 2036 Antiquiores
643 1972 784 2023 versionis
809 1973 1034 2024 veteroslavieae
1058 1977 1154 2024 textus
1173 1974 1317 2024 testantur
1335 1971 1423 2022 etiam
1445 1971 1553 2023 librum

307 2040 400 2094 lixum
420 2039 567 2093 nonnullis
585 2039 656 2092 iocis
674 2042 712 2093 ad
731 2044 841 2094 textum
852 2041 1027 2094 Hebraicum
1047 2058 1111 2094 csse
1130 2056 1253 2093 versum.
1274 2041 1332 2092 Hoc
1353 2041 1432 2092 videt
1450 2043 1555 2092 auctor

307 2112 337 2163 in
356 2109 413 2162 line
427 2125 500 2162 vers.
521 2109 544 2160 7.
554 2108 659 2175 capitis
677 2111 702 2163 2.
712 2111 806 2174 Exod3
824 2111 873 2162 ubi
887 2112 980 2163 forma
993 2111 1101 2176 passivi
1115 2127 1131 2162 e
1144 2115 1223 2164 textu
1235 2110 1377 2164 Hebraico
1391 2108 1503 2176 prodiit.
1517 2136 1554 2146 —

307 2179 397 2233 Exod.
417 2177 473 2243 sl
491 2178 581 2230 habet
600 2185 715 2244 praeter
731 2181 893 2232 versionem
913 2197 929 2232 e
949 2179 1023 2234 LXX
1043 2189 1071 2233 et
1089 2181 1177 2234 aliam
1197 2181 1234 2233 ad
1254 2183 1364 2232 testum
1376 2179 1555 2232 Hebraicum

307 2249 519 2304 concinnatam.
539 2247 674 2300 Nonnulli
693 2250 884 2315 manuscripti
904 2251 1046 2302 versionis
1055 2251 1292 2302 (lraecoslavicae
1314 2259 1340 2302 le
1359 2265 1435 2300 saer.
1453 2249 1513 2301 XV.
1531 2277 1548 2283 -

305 2318 395 2371 XVl.:
424 2317 702 2384 llumjancevslsago
729 2321 842 2386 muzeJ'o
859 2319 909 2371 No.
929 2319 1043 2372 xxvii.
1063 2325 1090 2372 et
1119 2321 1169 2372 No.
1188 2319 1325 2380 xxviii,
1353 2319 1421 2371 item
1449 2333 1555 2370 manu·

305 2387 402 2454 script.
442 2385 757 2455 „Kirillo-Bllozerslsoj
796 2389 949 2441 biblioteki
986 2389 1035 2442 llio.
1063 2389 1102 2456 ³¹s·
1147 2391 1349 2456 supplementa
1392 2387 1555 2440 secuudum

301 2458 413 2509 textum
426 2455 600 2509 Hebraicum
620 2461 788 2523 comparatu
807 2459 939 2523 produnt.
960 2459 1005 2510 Sic
1025 2459 1063 2510 ihi
1079 2457 1167 2511 Eroti.
1179 2459 1203 2525 1,
1215 2457 1246 2511 19
1267 2457 1391 2510 influxus
1409 2457 1555 2510 versionis

304 2521 489 2591 Chaldaicos,
509 2525 596 2577 llxotl.
614 2525 641 2590 2,
650 2526 683 2578 21
702 2527 864 2579 Hebraicae
883 2532 1012 2594 apparet.
1027 2557 1043 2563 -
1066 2529 1156 2581 Exod.
1176 2527 1201 2594 3,
1214 2527 1247 2581 14
1261 2527 1371 2580 habeut
1391 2527 1431 2578 illi
1451 2541 1555 2579 mauu·

304 2594 403 2661 scripti
422 2593 565 2647 Hebraico
594 2596 697 2647 verba:
730 2597 812 2664 „ehje
831 2596 898 2648 aser
925 2597 1009 2664 ehie“
1032 2597 1116 2649 sicuti
1136 2597 1239 2650 Posito.
1276 2625 1295 2632 -
1334 2597 1395 2650 Hoc
1423 2596 1555 2650 studium

304 2665 457 2730 errpplendi
468 2668 578 2717 textum
592 2665 831 2718 veteroslavicum
845 2667 895 2728 ita,
915 2671 946 2720 ut
959 2681 1023 2719 cum
1037 2665 1165 2720 lontibus
1178 2666 1391 2720 auctoritativis
1404 2665 1555 2734 (hebraic.‚

304 2735 408 2797 chald,
427 2733 495 2799 syr.)
520 2733 614 2800 magis
634 2735 795 2800 conveniat,
815 2739 915 2788 auctor
940 2735 1017 2788 ducit
1035 2736 1235 2790 testimouium
1254 2736 1466 2789 excellentiae-i
1490 2737 1555 2788 sius

304 2803 454 2858 versionis.
944 2842 948 2851 ,
1216 2802 1368 2857 Frnnldelr
1386 2751 1515 2856 Jemetia.

408 2939 571 3010 maedan
595 2941 901 3011 animadversiones
926 2943 965 3012 de
982 2944 1085 3026 elatu,
1109 2943 1160 3028 oui
1186 2959 1270 3011 nunc
1296 2945 1360 3024 est,
1384 2942 1552 3024 scientiae

305 3025 386 3110 iuris
409 3045 429 3096 o
453 3027 561 3097 conici
586 3029 618 3095 lu
643 3027 773 3096 Bossia.

635 3139 675 3204 Α.
702 3136 734 3205 S.
758 3138 901 3204 Pavlov
924 3139 1007 3224 (mut.
1032 3147 1099 3203 iusi.
1123 3167 1148 3222 p.
1173 3151 1219 3221 tr.)

408 3255 497 3311 initio
528 3255 643 3312 sacculi
669 3249 768 3314 xl‘ll.
792 3258 928 3333 apparuit
956 3255 1033 3334 upud
1065 3261 1235 3316 nou-unitos
1268 3258 1419 3316 liutherius
1450 3278 1553 3316 uomo-

305 3356 399 3396 ranou
424 3341 642 3416 poenitentialis
666 3360 700 3413 us.
724 3339 751 3398 d.
768 3340 1061 3422 Zakouopravylnyk
1086 3345 1132 3400 vel
1157 3344 1383 3423 epitymijnykjl.
1408 3347 1458 3422 qui
1481 3365 1552 3402 con-

303 3423 419 3483 tinebat
441 3427 565 3506 regulas,
588 3429 778 3505 respicientes
801 3429 912 3485 moion·
930 3450 966 3486 ex
983 3441 1065 3506 parte
1087 3429 1276 3510 disciplinam
1299 3431 1552 3508 poenitentialem,

301 3513 414 3570 minore
448 3526 544 3570 autem
577 3533 613 3570 ex
647 3523 728 3590 parte
762 3514 905 3591 reliquam
940 3515 1130 3594 disciplinam
1165 3519 1404 3578 ecclesiasticam.
1441 3519 1550 3575 statim

305 3596 401 3654 celitus
430 3615 475 3654 cst.
504 3619 522 3654 a
545 3599 770 3673 Kijoviensibus
800 3602 969 3659 monachis:
995 3603 1107 3660 Pamra
1139 3603 1280 3684 Beryndo
1312 3619 1318 3668 t
1328 3607 1347 3661 1.
1375 3603 1421 3661 ed.
1448 3606 1552 3678 16201,

302 3682 445 3739 Zacharia
470 3685 693 3764 Kopystcuskvi
720 3686 829 3760 (tovi)
853 3699 881 3743 et
905 3688 942 3745 ab
966 3689 1198 3748 archimandrita
1223 3693 1408 3766 Kiiuvieusis
1431 3691 1548 3749 Iauvrae

303 3767 392 3835 Petro
425 3769 535 3826 liohilu
564 3771 685 3848 [deinde
715 3773 900 3849 metropolita
926 3775 1029 3851 1629).
1054 3777 1136 3835 Haec
1152 3777 1448 3836 editiones—sicuti
1462 3781 1551 3836 etiam

307 3852 499 3927 Leopolituua
522 3861 629 3918 116161
657 3893 694 3899 -
719 3868 801 3915 erant
825 3862 966 3937 privatae.

412 3940 445 3996 ln
471 3942 574 3998 tiresia
597 3956 694 4001 tarueu
718 3945 916 4003 Moscovionsi
932 3967 950 4005 a
965 3949 1133 4025 patriarcha
1157 3951 1303 4028 loasaplro
1328 3973 1353 4008 u.
1379 3953 1461 4008 16311
1487 3971 1551 4028 pro-

302 4030 405 4116 curata
435 4035 477 4081 est
511 4026 600 4083 editio
631 4029 765 4088 officialis
788 4031 960 4109 etquidem
984 4055 1043 4092 non
1067 4045 1202 4114 separata
1226 4035 1278 4095 sed
1301 4040 1460 4095 coniuncta
1484 4057 1549 4095 cum

305 4106 363 4161 ahu
381 4107 453 4164 libro
469 4112 667 4187 ecclesiastico
684 4136 809 4193 magnac
825 4121 1007 4179 auctoritatis
1024 4123 1085 4179 scil.
1102 4141 1166 4181 cum
1181 4123 1365 4201 Euchologio
1383 4123 1550 4202 (Trebnik).

307 4185 418 4288 iterata
440 4197 504 4252 viee
527 4197 622 4257 editus
645 4216 689 4258 est
712 4202 762 4258 ille
786 4225 969 4266 uomocauon
992 4228 1058 4266 cum
1082 4209 1265 4288 Eucholugio
1296 4210 1350 4268 sub
1384 4211 1554 4288 patriarcha

311 4275 423 4334 Nicone
453 4301 477 4338 a.
511 4287 609 4351 16:38„
643 4287 695 4346 sed
725 4290 783 4347 iam
813 4292 845 4348 iu
877 4291 1010 4351 breviore
1040 4295 1217 4354 reductione.
1252 4296 1373 4355 Exinde
1397 4317 1491 4375 nsque
1514 4295 1553 4354 ad

310 4373 412 4418 nost-ra
434 4379 562 4444 tenrpora
585 4373 635 4430 ille
657 4373 748 4430 editio
772 4376 880 4452 pluries
905 4381 1029 4456 repetita
1053 4394 1105 4439 est.

411 4447 456 4508 ile
488 4458 622 4528 originali
656 4464 736 4518 tonte
766 4461 851 4520 buius
884 4471 1094 4525 uomocanonis
1125 4489 1216 4546 risque
1247 4468 1285 4527 ed
1316 4491 1342 4531 s.
1369 4471 1451 4528 1872
1476 4469 1552 4528 nihil

307 4547 408 4589 notum
431 4556 507 4600 crat„

414 4619 474 4680 liio'
489 4649 565 4688 surio
589 4635 722 4710 aprramit
755 4637 849 4710 prima
875 4641 939 4696 vice
963 4660 1034 4715 orius
1058 4643 1095 4699 A.
1120 4641 1148 4699 b'.
1172 4641 1326 4706 Pavlov‘i:
1359 4643 1555 4704 Nomocauon
