3450 5342
854 393 896 400 -
920 361 980 414 :tot
1007 392 1047 400 -

440 549 524 606 .Nou
556 560 599 604 est
632 560 738 609 antem.
777 569 842 606 runt
872 548 944 606 talia
976 547 1062 606 modo
1092 547 1229 606 diximus.
1260 565 1291 604 ut
1323 549 1394 624 quis
1429 563 1582 623 propterea

326 637 485 703 existimet,
509 655 527 690 a
551 633 636 692 nobis
659 637 854 712 perniciosam
879 637 1016 694 sustineri
1042 637 1240 713 poenitentiae
1264 635 1582 710 procrastinationem:

327 720 463 798 equidem
489 721 576 794 longo
599 719 681 778 aliud
697 735 749 783 est,
773 741 860 800 quem
886 741 943 780 uon
967 723 1123 798 evestigio
1146 723 1277 778 criminis
1300 722 1461 778 commissi
1487 723 1584 797 pomn-

328 819 379 877 tet,
402 829 479 866 novo
495 823 616 884 peccato
639 809 761 866 minimo
784 811 989 872 contaminari.
1011 807 1080 866 dum
1101 811 1197 866 omnis
1220 827 1337 886 prorsus
1362 805 1403 864 ad
1430 827 1583 884 peceatum

328 894 462 953 adlectus
474 894 588 954 exulat:
612 908 641 952 ct
652 895 731 952 alind
757 897 969 973 patertitentiam
987 893 1023 952 ad
1037 897 1117 952 ritae
1129 897 1250 957 exitum,
1273 915 1378 952 annos.
1405 894 1458 951 vel
1472 910 1584 970 tempus

328 981 409 1038 aliud
432 984 552 1039 omuino
569 981 685 1054 longius
708 981 869 1040 tratlucere.
893 983 1023 1040 Primum
1049 982 1223 1040 scholastice
1239 983 1435 1043 sustinemus.
1461 981 1584 1037 alterum

329 1089 398 1126 vero
421 1069 605 1136 damnamus,
629 1087 694 1126 cum
718 1071 748 1126 in
762 1067 907 1126 eiusmodi
931 1071 1023 1126 animi
1041 1067 1295 1130 determinatione.
1320 1088 1382 1145 qua
1406 1067 1450 1124 ad
1471 1068 1586 1144 longius

328 1168 443 1233 tempus
475 1156 658 1232 poenitentia
679 1155 820 1224 elidimur,
851 1155 974 1214 vixdum
999 1155 1118 1232 quidam
1143 1155 1244 1214 abesse
1276 1157 1369 1232 possit
1395 1171 1585 1232 contemptus

328 1241 449 1300 divinae
473 1241 729 1302 reconciliationis.
753 1245 887 1320 ipsumre
911 1243 1019 1300 sensim
1045 1241 1154 1302 adtinet
1179 1244 1209 1300 in
1233 1242 1291 1300 alia
1315 1243 1411 1298 ctiam
1439 1245 1585 1314 graviora

329 1331 400 1406 quin
424 1343 451 1385 ct
476 1329 596 1386 littalem
631 1330 884 1406 impoenitentiam
908 1328 1082 1408 prolabendi
1107 1330 1293 1408 periculum.·'
1331 1329 1375 1386 lt
1388 1328 1481 1386 nck.
1507 1328 1584 1385 l'om.

329 1415 371 1473 tlr.
394 1415 430 1470 de
454 1435 538 1493 poen.
561 1436 588 1493 p.
613 1415 635 1484 l,
658 1437 681 1472 c.
706 1421 734 1476 l.
757 1437 837 1494 prop.
861 1421 888 1489 ti,
913 1415 1011 1474 adnot.
1257 1409 1325 1476 Ad.
1349 1409 1547 1495 Spalddl‘.

508 1645 760 1722 EXTERNA
788 1647 861 1740 AD
889 1645 996 1724 NOS
1026 1644 1399 1724 PERTINENTIA.

435 1850 491 1902 Jos.
503 1849 624 1904 Keras.
638 1850 723 1916 nn·
735 1855 929 1912 sacrante
941 1851 1259 1912 extranaturalium
1274 1853 1440 1910 aarum
1464 1851 1585 1921 aaut·

330 1919 421 1978 llm.
444 1919 631 1974 Ratisbonae
653 1922 729 1974 1907.
750 1921 822 1990 l'ag.
842 1924 901 1988 atto,
922 1929 999 1990 pret.
1019 1926 1034 1976 l
1056 1923 1091 1976 K.

436 1988 523 2042 lnter
550 2003 660 2046 ‹tmncs
680 1990 778 2044 libros
798 1991 997 2058 theologicos
1027 1991 1081 2061 qui
1109 1991 1164 2046 boc
1184 2005 1264 2044 anno
1283 1989 1359 2044 editi
1382 1999 1479 2054 sunt,
1512 1991 1585 2043 imm

332 2057 390 2111 viri
410 2057 584 2112 ‹loctissimi
603 2066 633 2112 et
653 2059 857 2128 sagacissimi,
877 2076 935 2142 pro
954 2061 1045 2116 dolor
1065 2061 1122 2114 hoc
1135 2060 1242 2114 eodem
1262 2075 1344 2113 anno
1357 2057 1480 2115 malli.
1504 2059 1585 2113 Oeni-

330 2130 424 2195 ponte
445 2126 608 2181 subitanea
629 2134 727 2183 morte
746 2145 762 2183 c
782 2131 839 2184 bac
859 2131 1039 2200 vitaeropti,
1060 2129 1185 2199 plurimi
1199 2129 1365 2184 aestimare
1381 2144 1452 2182 rron
1469 2129 1586 2182 dubito.
1678 2159 1679 2174 t

330 2195 377 2249 Ad
398 2195 654 2264 persuadendum
682 2199 773 2252 uobis
798 2201 836 2254 de
861 2199 929 2254 eius
950 2199 1139 2268 praestantia
1160 2205 1297 2268 tempore
1318 2207 1437 2252 nostro
1461 2196 1586 2252 investi-

331 2264 491 2330 gationum
513 2265 544 2318 in
565 2267 719 2335 theologia
733 2268 906 2336 domnatica
922 2269 1048 2324 minime
1062 2269 1195 2324 fecundo
1209 2267 1284 2322 satis
1299 2275 1347 2322 est
1362 2267 1494 2322 librum
1510 2268 1585 2322 hum·

331 2333 493 2403 inspicere,
522 2334 580 2388 etsi
599 2351 662 2390 non
682 2353 751 2392 cum
778 2337 867 2392 libris
892 2337 961 2392 aliis
986 2339 1116 2394 eandem
1138 2353 1201 2392 rem
1224 2336 1438 2392 tractantibus
1462 2352 1584 2404 ratinpa-

331 2410 425 2483 retur.
465 2405 542 2459 Cum
564 2403 594 2458 in
614 2405 722 2460 eodem
744 2408 841 2462 multa
862 2414 1068 2477 exponantur,
1096 2423 1176 2488 quae
1195 2407 1233 2462 ad
1253 2413 1490 2461 controversas
1512 2407 1586 2460 iuter

331 2472 497 2553 ‹trientales
517 2481 553 2552 'et
577 2474 782 2530 occidentales
808 2478 971 2546 theologos
996 2483 1195 2547 quaestiones
1225 2483 1373 2545 spectant,
1407 2477 1584 2530 sententias

331 2558 398 2597 etus
418 2543 587 2598 lectoribus
606 2544 724 2599 nostris
744 2547 873 2602 uberius
894 2546 1078 2616 aperiendas
1098 2561 1167 2600 esse
1188 2545 1288 2601 visum
1309 2553 1367 2600 est

435 2629 570 2684 veritate
590 2633 776 2686 sacramenti
791 2633 947 2688 unctionis
962 2633 1162 2688 intirmorum
1177 2632 1357 2686 doctissime
1377 2641 1410 2686 et
1432 2631 1585 2702 copiosis·

332 2699 410 2754 sime
429 2698 645 2754 demonstrata
665 2705 704 2769 tp.
725 2703 828 2768 t-ao),
852 2703 884 2755 tt.
903 2702 967 2772 agit
987 2703 1026 2758 de
1046 2703 1111 2758 line
1129 2701 1222 2756 huius
1242 2701 1434 2756 sacramenti
1458 2715 1505 2771 (p.
1523 2705 1585 2756 81-

332 2772 404 2836 114).
440 2772 539 2831 Quem
567 2768 675 2824 statuit
694 2787 763 2824 esse
788 2772 957 2840 perlectam
979 2772 1142 2827 sanitatem
1164 2771 1284 2826 animae
1303 2787 1373 2826 rum
1396 2771 1585 2826 immediato

331 2838 398 2891 eius
418 2837 547 2892 introitu
568 2837 598 2892 itt
618 2839 760 2905 gloriam,
789 2841 848 2896 nisi
869 2841 1026 2896 restitutio
1046 2841 1157 2896 salutis
1176 2839 1347 2910 corporalis
1368 2840 1520 2896 bominis
1540 2856 1585 2894 na·

331 2906 474 2962 turalitcr
499 2907 643 2962 morituri
670 2908 770 2978 tnagis
795 2911 941 2979 expediat
962 2915 1002 2980 (p.
1021 2913 1077 2978 82).
1113 2911 1213 2974 Quam
1240 2910 1429 2964 sententiam
1452 2921 1584 2980 apparet

331 2977 370 3030 ab
390 2975 435 3029 eis
455 2977 582 3044 probari
608 2993 670 3032 non
690 2995 792 3048 posse.
823 2981 877 3061 qui
897 2985 1012 3048 negant
1035 2987 1141 3049 patere
1166 2979 1329 3041 defunctis,
1357 2978 1486 3048 quibus
1513 2979 1584 3034 nihil

331 3045 480 3100 luendum
501 3046 549 3112 sit,
577 3047 864 3118 caelum(except1s
890 3049 1108 3119 martyribus),
1136 3049 1204 3104 aliis
1229 3055 1331 3104 autem
1352 3049 1582 3118 purgatorium

331 3114 457 3169 instare.
482 3116 676 3194 Argitmenta
696 3118 792 3184 igitur
811 3124 981 3190 utrumque
1002 3119 1095 3174 simul
1115 3118 1252 3174 efficiant
1270 3133 1399 3174 necesse
1419 3125 1482 3172 est.
1519 3119 1582 3173 Nou

331 3190 434 3238 tamen
445 3185 553 3238 eadem
565 3185 713 3241 firmitate
727 3189 876 3242 eatlemve
888 3189 1025 3243 claritate
1037 3188 1148 3254 omnia,
1186 3203 1242 3244 uae
1252 3187 1441 3250 afferuntur,
1458 3189 1583 3242 animos

331 3253 511 3322 percellunt.
549 3255 573 3308 E
594 3257 722 3310 concilio
742 3257 925 3312 Tridentino
951 3259 1078 3326 <toa-5)
1098 3273 1114 3312 e
1134 3205 1326 3312 scitotasttcis
1345 3259 1482 3324 (so-98)
1505 3267 1584 3312 certa

332 3328 502 3378 sumuntur
520 3331 706 3392 argumenta
725 3326 774 3389 ita,
801 3332 835 3382 ut
860 3327 975 3382 mirum
997 3327 1037 3383 sit
1056 3327 1229 3382 doctrinam
1256 3333 1337 3381 atot
1356 3325 1476 3395 priscis
1501 3327 1584 3380 seim

330 3393 447 3472 laeticis
461 3395 635 3460 expositam
650 3395 800 3450 oblivioni
815 3397 883 3451 dari
895 3397 1044 3466 potuisse,
1064 3396 1123 3451 etsi
1137 3396 1230 3452 huius
1244 3395 1287 3450 rei
1301 3395 1425 3465 aliquae
1440 3397 1583 3450 rationes

331 3463 439 3516 afferri
463 3472 579 3531 queant
599 3466 741 3532 (105--8);
771 3481 809 3520 es
835 3466 904 3520 aliis
930 3466 1118 3522 testimoniis
1141 3465 1258 3520 Latinis
1284 3481 1308 3520 s.
1330 3465 1465 3533 Egberti
1492 3465 1584 3520 Etmr.

332 3533 428 3586 verba
448 3537 530 3586 certe
550 3532 630 3586 clara
652 3541 725 3589 sunt
746 3535 796 3595 (M.
816 3538 857 3601 89,
886 3537 956 3605 416),
985 3535 1044 3590 alia
1070 3541 1172 3590 tamen
1192 3551 1229 3589 ex
1248 3533 1430 3589 occidentali
1451 3535 1584 3590 ccclesia

330 3601 422 3655 allata
441 3604 587 3670 (pti-8)
609 3605 827 3672 postponenda
847 3605 1002 3660 videntur.
1029 3605 1053 3659 E
1075 3604 1202 3659 Graecis
1221 3603 1402 3659 auctoribus
1424 3604 1453 3658 M
1465 3604 1582 3658 anuei

332 3670 493 3726 Calceos
522 3687 587 3725 rem
617 3672 790 3728 clarissime
818 3681 952 3730 testatur
978 3675 1043 3746 put
1070 3690 1110 3728 sc.
1130 3673 1206 3728 nihil
1232 3674 1262 3728 in
1288 3689 1324 3728 eo
1343 3673 1516 3728 residuum
1538 3673 1582 3727 sit

331 3739 501 3810 quominus
530 3742 683 3796 excedens
709 3743 848 3799 futuram
878 3744 1009 3814 gloriam
1039 3743 1189 3813 consequi
1217 3742 1421 3812 impediatum
1451 3743 1498 3797 Μ.
1527 3744 1581 3802 152

332 3813 409 3878 607);
439 3812 657 3879 purgatorium
678 3813 716 3866 ad
736 3829 790 3867 eos
810 3829 871 3868 non
892 3814 1056 3884 pertinere,
1085 3814 1138 3883 qui
1164 3813 1221 3868 boc
1248 3817 1445 3867 sacramento
1466 3827 1582 3882 oppor-

332 3880 474 3933 tunensi
495 3889 577 3945 sunt,
606 3878 697 3935 etiam
719 3882 805 3936 Ordo
825 3883 979 3953 lampadis
1005 3881 1235 3938 Alexandrinus
1256 3885 1316 3951 (ap.
1342 3881 1579 3952 Denziugen

335 3949 393 4002 Rit.
414 3949 539 4013 Orient,
560 3958 579 4002 t.
599 3949 650 4017 11,
670 3966 698 4020 p.
718 3955 769 4007 500
789 3956 824 4019 s.)
849 3953 928 4008 bene
953 3953 1109 4022 exprimit,
1138 3952 1196 4006 etsi
1222 3949 1395 4020 proximam
1422 3950 1581 4006 visionem

332 4030 395 4069 non
411 4017 517 4071 eadem
538 4017 676 4073 claritate
696 4027 835 4077 testetur.
874 4023 952 4078 Cum
974 4021 1121 4092 baptismi
1141 4021 1253 4076 ellectu
1273 4019 1409 4090 perieota
1430 4019 1579 4074 remissio

332 4091 529 4154 peecatorum
551 4088 695 4144 unctione
714 4091 883 4146 obtinenda
907 4107 975 4146 com
1000 4096 1108 4146 aratur
1132 4089 1224 4146 etiam
1244 4090 1275 4145 in
1299 4089 1427 4144 =0iiicio
1447 4105 1473 4143 S.
1496 4087 1578 4144 Olet<

332 4155 478 4209 ecclesiae
498 4156 585 4235 ritus·
599 4157 707 4214 Graeci
728 4162 846 4229 (Goar,
869 4107 998 4218 sucini
1016 4177 1044 4230 p.
1064 4163 1114 4216 337
1135 4172 1180 4228 s).

438 4225 515 4280 Cum
544 4232 641 4294 igitur
665 4228 739 4283 finis
768 4231 899 4300 (operis)
925 4231 1018 4286 huius
1045 4229 1230 4285 sacramenti
1255 4227 1287 4283 in
1315 4243 1348 4282 se
1377 4226 1512 4296 spectati
1538 4227 1575 4279 sit

332 4296 529 4364 praeparatio
553 4297 592 4350 ad
618 4299 855 4365 possibilitatem
882 4299 1054 4355 immediati
1079 4299 1225 4354 introitus
1253 4297 1445 4368 ingloriam,
1474 4311 1580 4350 neces·

333 4364 416 4418 sario
435 4365 527 4420 etiam
547 4365 687 4434 effectus,
706 4369 745 4423 ad
764 4385 857 4439 quem
873 4370 1008 4424 essentia
1023 4384 1079 4424 sua
1093 4375 1141 4423 est
1154 4367 1352 4433 destinatum,
1366 4366 1472 4422 eadem
1490 4379 1576 4442 prae

333 4435 453 4503 paratio
478 4442 534 4501 est,
562 4435 670 4490 eadem
697 4439 835 4507 plenaria
859 4439 1036 4494 innocentia
1063 4436 1214 4504 restituta,
1265 4451 1336 4491 uam
1364 4435 1475 4492 Scotus
1503 4435 1575 4488 dicu

332 4504 478 4560 eflectum
500 4505 624 4560 totalem
645 4514 686 4575 tp.
706 4512 760 4576 95).
789 4509 912 4564 Sanitas
933 4525 1001 4564 cum
1024 4509 1082 4562 hoo
1100 4507 1214 4562 effectu
1242 4505 1331 4562 aiter
1355 4519 1494 4560 connexa
1515 4517 1576 4580 non

332 4580 388 4642 est,
416 4575 476 4629 nisi
501 4581 657 4644 quatenus
684 4578 806 4632 sublata
832 4579 917 4632 «unni
944 4577 1085 4633 criminis
1112 4575 1230 4632 ratione
1257 4577 1386 4631 morbus
1405 4578 1517 4636 cessat,
1549 4586 1572 4624 st

332 4645 504 4709 corporalis
523 4644 693 4699 infirmitas
712 4655 759 4700 est
778 4663 879 4716 poena
899 4647 1015 4716 peccati
1035 4649 1076 4716 (p.
1094 4648 1136 4700 82.
1155 4647 1225 4714 ⁴214).
