3450 5342
879 327 1068 382 -tte-

351 515 468 575 bulum
497 515 704 590 anfugiens“
731 535 821 574 uuum
846 515 1005 574 Dominum
1030 515 1169 574 Nostrum
1191 514 1290 572 lesum
1314 513 1476 570 Christum
1506 533 1586 570 seren

350 601 510 682 praedicet,
544 604 575 660 in
598 601 712 660 duabus
736 605 848 660 naturis
869 613 1050 684 operantem.
1095 603 1130 660 In
1153 599 1284 660 meando
1305 599 1378 658 dein
1403 600 1534 677 epistola
1550 605 1589 658 aa

351 711 383 748 se
406 691 597 766 scripsisse
620 691 709 746 etiam
734 693 815 767 Cyro
840 701 1004 768 ,quatenus
1035 707 1146 748 novae
1180 687 1468 746 adinventionis
1502 690 1591 744 nnius
1672 673 1676 694 ¹

353 777 412 836 vel
447 778 612 854 geminae
645 777 869 853 operationis
901 775 1089 835 vocabulo
1123 775 1328 841 refutato,“
1371 777 1513 846 „nnius
1542 775 1594 829 vel

354 866 529 940 geminae
566 865 818 940 operationis
851 863 1062 922 vocabulum
1104 865 1247 920 noviter
1284 860 1533 920 introductum
1562 880 1594 916 er

354 949 627 1029 liraedicatione
651 949 741 1008 lidei
764 952 961 1009 erimatnr.“
1004 949 1098 1022 ,Non
1133 969 1235 1008 unam
1257 948 1315 1006 vel
1339 947 1438 1006 duas
1479 967 1597 1024 opera-

354 1040 482 1097 tiones
503 1039 535 1094 in
559 1035 721 1094 Mediatore
746 1037 803 1094 liei
825 1048 855 1095 et
878 1037 1029 1096 hominnm
1052 1035 1176 1096 delinire
1200 1081 1206 1094 .
1231 1086 1237 1098 ,
1260 1081 1267 1092 .
1289 1035 1466 1093 debemus·
1501 1035 1597 1106 ,Aule-

353 1135 452 1184 rentes
464 1143 534 1197 ergo
547 1121 718 1180 scandalum
735 1124 871 1182 novellae
887 1123 1109 1182 adinventionis
1132 1144 1199 1182 non
1223 1143 1288 1182 nos
1310 1143 1382 1200 opo
1393 1131 1480 1179 rtet
1505 1141 1598 1178 anan

355 1211 413 1269 vel
450 1209 537 1268 duas
574 1213 824 1288 operationes
860 1211 1131 1269 definientes
1170 1208 1476 1288 praedicare:
1528 1205 1600 1265 lden

359 1299 510 1376 „scripeiff
538 1295 576 1354 od
600 1300 711 1374 Cyrum
742 1309 771 1355 et
794 1298 1000 1377 sophronium,
1024 1300 1066 1356 sic
1089 1297 1201 1374 legatos
1224 1296 1384 1374 sophronii
1416 1299 1592 1369 „instruxit‘

355 1387 407 1464 qui
441 1384 498 1461 ipsi
522 1385 718 1462 promisemnt
741 1387 805 1442 sine
827 1383 918 1444 dubio
941 1385 1137 1464 sophronium
1162 1405 1219 1442 non
1250 1383 1378 1462 amplius
1403 1381 1485 1440 duas
1510 1383 1604 1440 volun·

354 1481 430 1530 tates
453 1468 698 1548 praedicaturum,
721 1473 745 1529 si
769 1473 891 1548 sergius
913 1492 1003 1532 unam
1026 1469 1197 1550 praedicare
1220 1470 1379 1531 desineret.

461 1559 510 1614 to.
534 1557 602 1615 Non
625 1559 814 1617 immoramur
836 1561 866 1616 in
892 1559 1048 1618 refutanda
1071 1560 1219 1616 sententia
1241 1558 1410 1615 Honorinm
1438 1557 1491 1614 hic
1516 1559 1605 1634 ipsum

354 1645 463 1722 dogma
485 1643 663 1703 catholicum
685 1644 722 1702 da
745 1645 859 1704 duabus
882 1649 913 1704 in
937 1645 1056 1704 Christo
1079 1644 1279 1703 voluntatibus
1314 1665 1512 1720 negasse
1543 1663 1606 1700 ean·

355 1731 481 1809 demque
501 1733 689 1806 negationem
708 1732 776 1790 aliis
797 1731 1028 1802 commendasse,
1052 1753 1117 1792 eam
1133 1733 1196 1810 ipso
1219 1741 1341 1810 utraque
1358 1731 1496 1808 epistola
1511 1747 1607 1808 opens

356 1817 470 1898 prodat,
504 1837 542 1876 se
576 1829 698 1876 totum
733 1829 876 1877 statum
912 1821 1163 1897 quaestionis
1198 1821 1236 1878 in
1259 1838 1379 1876 eausa
1402 1815 1608 1876 Monothe

357 1906 487 1964 letica
508 1925 585 1962 non
609 1905 882 1964 intellexisse.

461 1991 555 2049 Multo
578 1993 675 2050 minus
697 1992 759 2050 dici
789 2004 885 2072 potest
909 1993 1059 2052 Honorius
1089 1993 1137 2050 hic
1168 1991 1241 2050 duas
1264 1995 1294 2048 in
1312 1991 1438 2048 Christo
1462 2013 1481 2048 o
1494 2011 1610 2068 pera-

356 2081 516 2144 tiones,
539 2097 627 2137 sensu
650 2079 796 2138 catholieo
818 2089 962 2158 acceptas,
987 2100 1123 2156 negasse3
1147 2081 1329 2137 nonenim
1353 2075 1392 2136 de
1430 2077 1611 2135 dnsrnrr.

356 2175 471 2252 tantum
495 2167 696 2243 operationum
719 2165 865 2225 vocabulo
887 2165 1096 2224 abstinendum
1120 2187 1184 2224 esse
1206 2165 1299 2236 duxit,
1322 2185 1427 2222 verum
1456 2167 1553 2222 etism
1577 2163 1610 2220 tie

356 2251 499 2310 vocabulo
532 2273 551 2310 ιι
564 2255 662 2310 nius
685 2255 873 2330 operationis,
897 2254 975 2311 Num
998 2256 1064 2332 quis
1089 2255 1177 2331 igitur
1199 2254 1427 2312 existimaverit
1455 2252 1610 2310 Christum

356 2341 516 2397 llominum
540 2359 579 2396 ex
607 2352 705 2397 mente
732 2341 864 2412 Uenerii,
889 2361 929 2398 ne
952 2361 1054 2398 unam
1077 2340 1197 2418 quidem
1220 2341 1422 2418 operationem
1451 2338 1611 2396 habuisse?

462 2427 511 2487 41.
551 2425 780 2484 Commendavit
809 2448 877 2486 vero
901 2427 1059 2494 Honorius,
1099 2438 1130 2485 ut
1152 2425 1349 2485 abstineretur
1382 2425 1420 2482 ab
1448 2447 1507 2483 usn
1535 2427 1612 2484 illins

357 2511 575 2579 vocabuli,
614 2512 691 2591 quod
715 2523 818 2592 postea
838 2525 990 2593 tamquam
1022 2525 1134 2573 tessera
1155 2513 1348 2572 orthodoxiae
1372 2523 1483 2570 contra
1509 2513 1613 2570 Mono-

357 2598 485 2658 theletas
515 2619 580 2657 esse
609 2602 714 2679 eoepit,
755 2599 896 2673 ,duarum
925 2601 1039 2660 scilicet
1069 2603 1101 2660 in
1125 2601 1244 2660 Christo
1268 2600 1494 2663 voluntatnm“'.
1535 2603 1613 2678 paris

357 2684 535 2744 conditionis
558 2685 632 2744 illud
655 2687 768 2746 faciens
790 2709 855 2746 cum
879 2689 946 2759 alio,
969 2687 1047 2768 qnod
1066 2687 1314 2746 ldonotheleticae
1336 2685 1476 2745 haeresis
1500 2697 1614 2745 tessera

357 2773 468 2830 factum
491 2783 536 2830 est
563 2775 666 2846 „unius
688 2775 876 2835 voluntatis.“
904 2776 1038 2847 Ratio,
1061 2795 1113 2833 cnr
1134 2777 1176 2832 sic
1203 2772 1380 2853 procederet,
1405 2794 1519 2850 prox
1533 2776 1544 2831 i
1558 2793 1614 2831 ma

358 2870 429 2930 erat,
463 2861 540 2936 quia,
575 2881 640 2918 cum
663 2882 721 2940 quo
743 2861 878 2921 tenderet
906 2864 1107 2920 controversia
1128 2882 1188 2920 non
1210 2859 1332 2932 videret,
1367 2879 1435 2917 eam
1471 2877 1505 2918 nt
1530 2863 1614 2918 litem

358 2945 942 3018 deverbis,veladsummnmde
976 2947 1475 3026 rebusphilosophicis
1516 2950 1616 3006 consi-

358 3031 490 3104 derabat,
512 3032 621 3110 dogma
643 3038 738 3113 ipsum
761 3057 820 3094 non
844 3039 887 3094 ita
909 3035 1080 3094 immediate
1102 3043 1286 3113 tangentem
1320 3037 1371 3112 qui
1393 3033 1616 3093 considerandi

360 3117 464 3178 modus
492 3121 522 3177 in
546 3130 669 3199 utraque
691 3125 754 3180 eius
777 3123 902 3201 epistola
924 3123 1032 3202 ubique
1056 3143 1087 3182 se
1110 3121 1216 3201 prodit.
1239 3120 1448 3180 Consideratio
1492 3143 1543 3200 pr
1556 3143 1575 3179 a
1588 3143 1616 3178 e-

359 3208 459 3278 tica,
497 3228 572 3285 quae
596 3229 662 3266 eum
686 3220 837 3286 practerea
859 3212 961 3282 movit,
988 3221 1058 3280 erat,
1083 3211 1152 3288 quia
1174 3230 1226 3288 pro
1253 3210 1407 3268 notissimo
1435 3207 1494 3266 illo
1518 3208 1616 3267 Grae-

358 3315 457 3352 corum
480 3294 698 3372 theologizandi
721 3300 835 3374 pruritu
850 3293 903 3373 ⁶⁰),
925 3296 1088 3356 timendum
1113 3309 1183 3366 erat,
1207 3317 1243 3354 ne
1259 3297 1344 3354 novis
1360 3294 1615 3354 altercationibus

360 3383 438 3439 inter
460 3402 491 3439 se
514 3382 725 3453 scinderentur,
749 3405 795 3455 ne,
829 3396 860 3442 ut
884 3388 946 3462 ipse
970 3387 1020 3448 ait,
1057 3403 1196 3462 ,quorum
1221 3385 1322 3441 inania
1344 3401 1428 3440 arma
1451 3381 1613 3440 combusta

360 3480 436 3540 sunt,
470 3490 568 3526 eorum
597 3473 711 3528 cineres
744 3471 895 3529 redivivos
931 3473 1014 3548 ignes
1049 3471 1313 3530 flammivomarum
1347 3484 1498 3527 renovent
1523 3491 1615 3547 qnae

360 3558 505 3613 titionum*
529 3551 578 3632 61).

469 3642 551 3699 Nec
585 3652 700 3700 tantum
724 3646 811 3701 timor
843 3643 1227 3702 indeterminatus
1265 3651 1335 3710 erat,
1372 3646 1613 3701 controversiam

361 3751 378 3805 q
393 3748 412 3785 u
424 3749 441 3784 a
453 3749 673 3807 meumque
697 3729 815 3788 demum
837 3751 946 3788 novem
969 3735 1117 3800 orituram,
1141 3729 1193 3789 sed
1209 3733 1328 3788 omnino
1344 3727 1515 3788 timendum
1539 3743 1613 3787 erat.

361 3835 397 3871 no
421 3816 445 3871 si
469 3834 558 3872 unam
589 3817 771 3876 voluntatem
794 3815 914 3890 diceret,
937 3839 1025 3878 unam
1049 3839 1113 3876 cum
1139 3817 1276 3898 Eutyche
1300 3827 1505 3874 naturam
1531 3836 1611 3874 asee-

360 3920 423 3958 rere
447 3899 484 3956 ab
507 3902 679 3961 orthodoxis
702 3903 930 3982 simplicioribus
953 3904 1031 3963 bona
1054 3904 1111 3962 lide
1135 3903 1302 3964 crederetur
1324 3913 1354 3960 et
1377 3923 1395 3960 a
1417 3904 1611 3960 Nestorianis

360 3986 507 4044 malitiose
537 3989 776 4063 calumniaretur3
809 3992 927 4050 sivero
961 3991 1034 4050 duas
1064 3992 1095 4049 in
1123 3991 1242 4050 Christo
1264 3991 1431 4049 voluntates
1455 4006 1612 4051 assereret.

361 4093 399 4130 ne
422 4093 487 4130 cum
511 4074 648 4134 Nestorio
678 4077 773 4137 duas
803 4098 993 4155 personas
1024 4077 1180 4136 admittere
1208 4077 1245 4136 ab
1269 4076 1441 4136 orthodoxis
1464 4078 1612 4156 simpliei-

361 4158 460 4216 oribus
483 4161 658 4236 crederetur,
682 4164 719 4222 ab
734 4165 933 4244 Eutychianie
954 4164 1163 4226 traduceretur.
1192 4165 1256 4238 ,Ne
1271 4163 1388 4243 parvuli
1409 4177 1460 4222 aut
1483 4162 1609 4222 duarum

360 4247 564 4323 operationum
579 4250 722 4310 vocabalo
737 4252 849 4321 offensi,
865 4261 1011 4310 sectantes
1026 4253 1235 4310 Nestorian
1245 4271 1284 4310 os
1307 4271 1360 4310 nos
1375 4270 1490 4308 vesana
1506 4271 1610 4328 sapere

361 4331 552 4410 arbitrentur3
576 4348 626 4396 aut
648 4348 735 4406 certe,
763 4340 788 4395 si
811 4359 915 4396 rursus
933 4359 1021 4397 unam
1044 4341 1245 4416 operationem
1268 4338 1390 4396 Domini
1413 4337 1517 4396 Nostri
1548 4338 1610 4394 lesu

398 4447 654 4588 puoso-riost
672 4491 936 4544 Kirchen-Lexicon
955 4491 1005 4549 Vl.
1021 4490 1081 4544 243.

437 4555 447 4623 )
465 4557 516 4625 Ep.
535 4560 638 4626 prima.
