3450 5342
841 320 1032 374 -rm-

312 527 374 651 pon
405 515 509 585 potest,
540 505 617 585 quod
648 508 897 583 Augustinus
928 508 1064 585 exemplo
1095 504 1187 567 Iudae
1214 507 1342 585 allegato
1372 509 1402 567 iu
1434 508 1491 585 Ep.
1521 510 1566 567 48

334 596 440 653 isserit.

423 718 468 804 B)
491 722 576 784 Idem
604 722 755 802 praeclare
784 721 869 781 docet
900 724 1135 803 Cyprianus,
1168 725 1222 802 llp.
1254 726 1303 797 59,
1336 745 1364 783 n.
1395 728 1430 783 1:
1458 724 1568 801 ,Legi-

312 831 385 884 mus,
408 810 487 889 quod
510 855 517 869 .
540 856 547 868 .
570 854 578 868 .
601 813 638 882 ci,
668 822 827 888 antequam
858 812 1071 888 poenitentiam
1102 810 1220 889 plenam
1248 814 1358 888 egisset
1381 820 1410 869 ct
1433 812 1569 869 Domino

311 898 377 955 lleo
400 897 593 956 satisfecisset
617 943 623 954 .
646 942 675 954 ..
697 906 798 955 mmen
821 942 828 955 .
851 946 858 959 .
883 942 889 954 .
913 896 1025 955 Victori
1043 898 1339 957 communicationem
1362 896 1419 957 sibi
1443 917 1565 957 conces-

311 1004 375 1043 sam
398 986 615 1063 permisimus“.
639 984 685 1041 De
707 984 799 1062 lapsis
822 1004 850 1045 11.
872 986 927 1043 16:
956 984 1195 1057 ,anteoffensam
1212 985 1358 1063 piscatum
1375 984 1566 1062 indignantis
1660 1040 1672 1057 ,

312 1070 436 1129 Domini
458 1081 488 1130 et
510 1072 652 1129 minantis
675 1071 722 1129 vis
744 1070 871 1129 infertur
892 1073 1005 1149 corpori
1029 1073 1091 1129 eius
1107 1082 1137 1129 et
1153 1073 1332 1147 sauguini“;
1355 1070 1445 1131 ibid:
1474 1080 1565 1145 ,ante

312 1167 468 1237 purgatam
497 1159 748 1230 eonscientiam⁸¹3
784 1158 924 1229 ,Domini
955 1178 1059 1235 corpus
1090 1156 1244 1229 invadunt,
1277 1157 1395 1237 quaudo
1428 1168 1565 1216 occurrat

312 1247 457 1323 scriptura
478 1243 583 1303 divina
604 1254 634 1302 et
656 1244 763 1302 clamet
785 1254 815 1302 et
837 1243 934 1303 dicat:
958 1290 964 1302 .
988 1290 994 1301 .
1019 1290 1024 1302 .
1048 1246 1224 1324 quicumque
1254 1244 1349 1303 ederit
1379 1264 1486 1323 panem
1510 1254 1564 1303 aut

312 1330 422 1391 biberit
444 1332 567 1391 calicem
590 1331 712 1389 Domini
734 1329 867 1407 iudigne,
890 1351 956 1390 reus
979 1334 1034 1389 erit
1057 1333 1185 1410 corporis
1200 1344 1229 1390 et
1246 1334 1399 1410 sanguinis
1416 1332 1559 1391 Domini‘

313 1440 342 1477 n.
375 1420 431 1477 12:
466 1418 675 1491 ,Confitemini
699 1462 706 1477 .
730 1462 736 1475 .
759 1466 766 1479 .
789 1416 857 1477 dum
890 1419 1052 1477 satisfactio
1082 1428 1112 1477 et
1143 1420 1276 1477 remissio
1299 1417 1458 1477 sacerdotis
1483 1416 1564 1497 apud

314 1506 411 1563 lleum
433 1506 545 1563 salet“.
567 1538 609 1547 —
632 1505 708 1563 Item
731 1505 957 1585 Dionysias
980 1504 1088 1563 Alex.
1112 1505 1149 1564 sd
1171 1506 1324 1565 Cononem
1340 1505 1472 1565 scribens
1489 1504 1564 1563 dicit

312 1591 350 1651 de
373 1594 424 1662 eis,
448 1594 499 1669 qui
521 1590 575 1649 sub
598 1594 710 1650 exitum
734 1593 814 1649 vitae
837 1594 955 1651 venium
980 1594 1165 1671 acceperint:
1199 1590 1279 1661 Τοὺς
1309 1592 1369 1672 >rip
1391 1594 1478 1665 ἅπαξ
1500 1592 1565 1671 ἀφ-

312 1680 456 1759 ειμένους
478 1676 610 1757 καὶτῷ
636 1676 730 1758 Θεῷ
758 1678 1015 1747 συστάντας
1041 1678 1095 1741 καὶ
1124 1678 1216 1740 πάλιν
1245 1684 1299 1759 τῆς
1329 1680 1417 1747 θείας
1439 1680 1569 1759 χάριτος

312 1763 488 1833 κοινωνοὺς
515 1764 758 1844 ἀποᾳ·θανὲντας
790 1812 796 1825 .
828 1814 835 1825 .
864 1813 870 1825 .
901 1764 993 1825 πάλιν
1026 1765 1219 1845 (indescriptis
1256 1770 1319 1834 τοῖς
1359 1766 1566 1846 ἁμαρτήμασι

313 1852 542 1933 ἀλογ(ὁτατον“.
573 1886 615 1895 -
646 1852 720 1909 Item
753 1852 1007 1930 Aphraates
1039 1852 1117 1911 iufra
1146 1850 1290 1911 citandus.
1313 1886 1356 1896 —
1379 1854 1454 1911 Item
1477 1853 1566 1911 Am·

313 1938 500 2011 brosius,
523 1938 570 1997 Ile
592 1958 677 2017 poen.
700 1938 718 1999 l.
743 1940 771 2009 2,
795 1958 824 1998 n.
842 1940 891 1999 26.
912 1971 944 1983 —·
966 1938 1190 2011 Caesarius,
1214 1939 1294 2001 Dial.
1317 1942 1417 1997 interr.
1433 1941 1493 1997 194
1518 1959 1565 1996 re-

314 2028 480 2104 ceptionem
510 2026 541 2082 in
571 2026 698 2084 ecclesia
727 2045 821 2103 aeque
850 2028 971 2083 omnino
1001 2044 1035 2083 ac
1063 2027 1264 2084 remissionem
1297 2037 1481 2104 peccatorum
1509 2046 1567 2104 per

314 2111 462 2191 baptisma
489 2114 555 2171 voci
591 2114 775 2185 ,remittere“
809 2132 855 2190 ap.
887 2114 938 2170 lli.
964 2111 1216 2181 18,21subicit.
1242 2147 1281 2155 —
1305 2114 1563 2189 Augustinus,

314 2200 369 2277 Ep.
393 2202 455 2259 2⁴28
480 2199 529 2275 (al.
556 2200 637 2277 ltili),
662 2219 689 2256 n.
713 2200 750 2257 8:
778 2199 828 2271 ,si
851 2200 980 2257 ministri
1004 2198 1110 2271 desint,
1126 2210 1269 2278 quantum
1285 2202 1408 2257 exitium
1429 2201 1566 2277 sequitur

312 2307 373 2355 eos,
402 2288 452 2365 qui
483 2285 520 2343 de
549 2288 605 2344 isto
635 2286 752 2345 saeculo
781 2286 829 2343 vel
862 2306 921 2345 nou
952 2288 1118 2363 regenerati
1150 2298 1268 2359 exeunt,
1298 2287 1347 2344 vel
1370 2287 1490 2364 ligarit*
1523 2318 1561 2329 -

313 2374 623 2452 Hieronymus,
653 2371 703 2430 Ad
734 2373 924 2431 llarcellum:
963 2374 1029 2445 ,llli
1062 2373 1245 2451 [Novatiani]
1278 2372 1315 2433 ad
1346 2394 1433 2433 omue
1465 2392 1565 2451 paene

311 2458 452 2517 delictum
476 2460 619 2517 ecclcsiae
641 2457 779 2517 obserant
802 2460 896 2519 fores:
920 2482 973 2519 nos
996 2459 1127 2538 quotidie
1143 2460 1286 2539 legimus:
1311 2462 1391 2519 Malo
1406 2462 1564 2539 poeniteu-

311 2548 384 2605 tiam
415 2548 576 2625 peecatoris
607 2566 695 2625 (paam
726 2552 881 2605 mortem“.
911 2582 954 2589 -
985 2546 1278 2606 Caelestinus
1303 2550 1325 2609 Ι.
1349 2568 1394 2627 ep.
1418 2551 1447 2617 4,
1471 2568 1498 2607 n.
1525 2548 1564 2604 3:

316 2635 521 2711 ,Agnovaus
551 2635 765 2711 poenitentiam
795 2633 988 2693 morientibus
1022 2632 1162 2711 denegari
1187 2656 1242 2693 nec
1265 2636 1380 2694 illorum
1404 2633 1563 2693 desideriis

312 2723 412 2790 annui,
443 2721 494 2798 qui
521 2719 618 2778 obitus
644 2722 690 2779 aui
719 2729 851 2799 tompore
885 2722 939 2779 hoc
962 2722 1079 2779 animae
1103 2742 1172 2779 suae
1196 2724 1316 2799 cupiunt
1340 2720 1469 2779 remedio
1493 2718 1562 2779 sub-

313 2810 417 2867 veniri.
440 2807 611 2876 Horremus,
634 2806 735 2876 fateor,
758 2817 860 2866 tantae
884 2808 1045 2885 impietatis
1073 2808 1200 2885 aliquem
1233 2810 1362 2887 reperiri,
1386 2818 1417 2866 ut
1440 2808 1477 2866 de
1500 2808 1558 2865 Dei

313 2896 423 2972 pietate
451 2893 595 2971 desperet,
626 2896 709 2971 quasi
741 2914 799 2951 non
830 2897 922 2972 possit
951 2894 989 2951 ad
1019 2914 1049 2951 se
1080 2896 1186 2972 quovis
1213 2903 1343 2973 tempore
1373 2896 1557 2953 concurrenti

314 3000 482 3039 succurrere
506 2991 535 3039 et
550 2980 767 3059 periclitantem
792 2980 845 3039 sub
861 3001 950 3039 onere
973 2990 1157 3059 pcccatorum
1174 2981 1332 3055 hominem,
1355 3002 1435 3059 pon
1447 2980 1466 3039 d
1480 3001 1495 3039 e
1508 3002 1521 3038 r
1534 3002 1562 3051 e,

314 3087 393 3144 quo
422 3087 465 3124 se
497 3066 583 3124 ille
613 3066 828 3145 expedire
858 3066 1099 3135 desiderat,
1123 3066 1257 3127 liberare.
1289 3068 1368 3145 Quid
1393 3068 1455 3136 hoc,
1480 3088 1559 3144 rogo,

312 3152 393 3211 aliud
416 3165 469 3222 est,
492 3173 580 3231 quam
602 3156 738 3211 morienti
762 3165 885 3212 mortem
908 3152 1025 3226 addere,
1050 3157 1170 3233 eiusque
1201 3157 1329 3213 animam
1355 3176 1407 3213 sua
1430 3153 1555 3213 crudeli-

312 3250 381 3309 tate,
404 3260 442 3298 ne
465 3239 600 3299 absoluta
622 3262 686 3298 esse
708 3244 808 3317 possit,
832 3240 999 3299 occidere?“

425 3365 467 3447 C)
489 3370 573 3429 Idem
596 3370 784 3429 confirmatur
806 3373 878 3449 ipsis
901 3370 1074 3430 absolvendi
1104 3372 1244 3439 formulis,
1268 3390 1343 3449 quae
1366 3392 1403 3429 ex
1427 3372 1559 3448 antiquis

311 3458 395 3517 libris
418 3457 680 3537 poenitentialibus
702 3457 901 3525 desumuntur,
930 3461 980 3536 qui
1002 3461 1058 3517 etsi
1081 3468 1227 3516 vetustate
1250 3478 1302 3517 sua
1326 3459 1423 3537 priora
1440 3456 1560 3515 saecula

312 3568 371 3605 uon
401 3548 560 3622 attingunt,
591 3556 691 3603 tamen
719 3547 957 3622 antiquissimum
988 3546 1131 3604 ecclesiae
1157 3566 1241 3603 usum
1271 3545 1410 3617 referunt,
1433 3565 1464 3602 ur
1486 3544 1559 3603 llo-

311 3636 418 3690 rinus
439 3631 544 3709 probat
566 3634 597 3690 in
621 3632 679 3689 fine
702 3631 1116 3709 suioperisdepoeuitentia.
1140 3633 1186 3690 Ita
1209 3632 1561 3689 Poenitentiale

313 3719 338 3775 V
353 3718 650 3776 allicelanum
680 3718 826 3777 sacerdoti
856 3718 1017 3797 rogandum
1053 3716 1245 3799 praeseribit:
1294 3719 1439 3791 ,Domine
1474 3718 1558 3777 Deus

312 3813 419 3874 noster,
443 3807 492 3882 qui
516 3805 677 3863 offensione
699 3816 801 3863 nostra
822 3826 881 3864 non
906 3808 1042 3877 vinceris,
1065 3805 1117 3865 sed
1140 3800 1343 3864 satisfactione
1363 3806 1497 3883 placaris,
1513 3824 1562 3863 re-

313 3893 393 3969 spice
424 3911 510 3969 super
539 3891 618 3950 hunc
648 3892 798 3962 famulum,
828 3902 950 3970 peccata
972 3902 1001 3950 et
1024 3894 1156 3951 faciuora
1178 3912 1230 3951 sua
1252 3890 1449 3961 confitentem,
1472 3893 1560 3949 veni·

311 3998 418 4055 amque
440 3978 486 4035 illi
508 3976 618 4037 donare
641 3978 772 4055 digneris
795 3990 825 4037 et
846 3981 1069 4058 praeteritorum
1093 3981 1249 4038 criminum
1271 3979 1372 4057 culpas
1393 3977 1559 4055 indulgeas,

310 4066 360 4142 qui
384 4064 514 4122 humeris
535 4067 594 4122 tuis
616 4086 701 4123 ovem
718 4065 863 4144 perditam
886 4065 998 4125 duxisti
1022 4065 1059 4125 ad
1083 4068 1182 4124 caulas
1198 4076 1227 4124 et
1247 4064 1397 4144 publicani
1421 4064 1561 4143 precibus

310 4150 457 4228 benignus
479 4153 602 4229 aspiras.
628 4154 756 4210 Remitte
779 4155 806 4210 ei
830 4155 930 4210 omnia
958 4156 1082 4211 crimina
1105 4163 1134 4211 et
1157 4160 1286 4231 peccata,
1310 4151 1348 4210 da
1370 4172 1422 4231 pro
1445 4152 1561 4231 suppli·

310 4240 364 4297 ciis
387 4240 515 4309 veniam,
538 4258 590 4316 pro
613 4249 706 4297 morte
731 4242 820 4297 vitam
846 4251 1075 4318 cunctorumque
1099 4242 1161 4299 eius
1185 4238 1302 4298 medere
1334 4238 1505 4298 vulneribus
1528 4250 1560 4299 et

309 4326 385 4383 sicut
407 4346 493 4384 nemo
515 4335 646 4384 nostram
670 4325 744 4383 liber
766 4337 810 4384 est
832 4348 851 4383 a
874 4326 967 4405 culpa,
990 4329 1033 4384 ita
1055 4328 1110 4385 iste
1135 4348 1193 4385 non
1217 4329 1255 4385 sit
1283 4326 1397 4385 alienus
1420 4347 1438 4384 a
1459 4328 1559 4385 venia

309 4414 476 4473 I‘er...“
513 4446 552 4455 -—
585 4413 729 4471 Similiter
761 4414 1112 4472 Paenitentiale
1150 4414 1380 4472 Romanum
1415 4413 1562 4471 Halit-

310 4502 445 4575 garii:
473 4547 497 4572 ,.
522 4548 528 4560 .
553 4550 558 4560 .
583 4520 718 4577 rogamus
741 4511 769 4557 et
794 4501 921 4577 petimus
945 4521 998 4559 nos
1021 4501 1147 4559 humiles
1169 4502 1212 4558 tui
1236 4498 1412 4576 sacerdotes,
1432 4510 1463 4557 ut
1487 4544 1494 4557 .
1517 4546 1524 4558 .
1549 4550 1558 4561 .

310 4588 501 4664 remittasque
517 4588 618 4645 omnia
632 4588 756 4644 crimina
771 4595 800 4643 et
815 4596 937 4664 peccatu
954 4589 1091 4645 universa
1107 4586 1262 4649 condones.
1286 4637 1292 4647 .
1317 4632 1324 4645 .
1348 4636 1353 4647 .
1376 4586 1442 4647 Per.
1466 4632 1472 4643 .
1496 4637 1503 4649 .
1527 4591 1557 4644 ‚²
