3450 5342
827 334 871 345 -.
896 306 955 359 1112
979 333 1023 343 -

300 489 338 547 ad
377 490 451 548 alios
493 489 664 569 apologetas
705 488 808 547 eadem
845 492 906 549 lero
941 503 985 547 est
1019 500 1107 569 atque
1141 492 1172 547 in
1206 488 1343 567 apologia
1389 489 1555 564 Aristidis3

298 576 333 657 β)
356 576 506 635 Aristides
537 578 612 635 sicut
634 589 663 635 ct
687 588 788 634 auctor
817 576 969 655 epistolae,
993 576 1061 635 licet
1092 574 1218 637 ludaeos
1241 574 1278 635 ob
1302 577 1552 636 monotheismum

298 662 406 735 laudet,
437 678 537 721 eorum
574 673 675 721 tamen
704 663 814 721 cultum
845 661 972 722 eundem
1003 673 1091 742 atque
1133 663 1303 740 angelorum
1345 664 1455 723 cultum
1486 683 1552 723 essa

297 739 403 822 dieit3'
418 750 449 829 γ)
480 750 516 809 ln
546 750 672 828 epistola
701 748 739 807 ad
771 748 951 827 Diognetum
990 752 1065 809 sicut
1095 764 1124 809 et
1154 752 1186 807 in
1217 750 1354 828 apologia
1390 772 1550 829 expressae

298 858 320 898 s.
343 840 504 915 scripturae
543 839 700 895 citationes
738 857 797 895 non
828 836 982 907 habentur,
1015 848 1130 895 tantum
1169 837 1349 895 allusiones:
1382 837 1448 895 ideo
1484 857 1550 897 cum

298 944 412 981 summa
435 922 695 983 verisimilitudine
718 921 761 998 (et
784 924 921 1011 apologia
943 927 985 1004 et)
1009 924 1134 1001 epistola
1157 923 1195 981 ad
1215 923 1395 1001 Diognetum
1420 924 1550 983 Aristidi

299 1009 487 1068 attribuenda
508 1021 553 1069 est
576 1007 617 1089 (p.
643 1012 702 1067 los
726 1017 812 1088 sqq).

389 1098 422 1155 ln
445 1096 575 1156 secunda
607 1097 691 1175 p'arte
721 1096 758 1155 de
782 1096 905 1155 bomilia
927 1110 956 1155 et
980 1098 1144 1173 fragmento
1168 1096 1218 1168 (ex
1241 1096 1366 1175 epistola
1389 1096 1427 1154 ad
1450 1098 1548 1175 philo-

298 1182 416 1261 sophos)
429 1193 543 1242 tractat.
559 1182 697 1242 Nondum
709 1218 746 1227 -
758 1185 800 1241 ait
811 1194 912 1242 auctor
921 1220 959 1227 —
970 1183 1008 1243 de
1017 1184 1097 1243 hisce
1106 1182 1219 1242 duobus
1235 1182 1371 1262 operibns
1386 1183 1549 1261 diligenter

297 1272 471 1349 inquisitum
494 1280 546 1333 est.
576 1272 645 1343 Eos,
669 1272 719 1349 qui
742 1270 896 1331 homiliam
920 1270 1063 1329 Aristidis
1087 1291 1158 1349 opus
1181 1292 1245 1329 esse
1269 1285 1378 1347 negant
1402 1270 1549 1349 (Himpel,

297 1354 541 1437 Ramesses),
567 1372 771 1428 rouocaoaao,
802 1356 884 1419 dean
915 1354 1053 1417 sentias
1083 1372 1361 1424 uonaaaresscrsn
1385 1356 1461 1433 tsine
1485 1356 1548 1416 nlla

296 1445 423 1519 ratione)
447 1444 477 1502 id
508 1444 605 1503 facere
638 1442 711 1501 dicit
735 1443 774 1521 (p
797 1447 826 1501 tl.
849 1453 879 1501 ct
904 1444 996 1518 202).
1031 1444 1106 1503 Cum
1130 1442 1214 1501 Zahn
1235 1454 1266 1502 st
1289 1442 1418 1522 Seeberg
1441 1446 1548 1503 merito

296 1530 436 1589 adnotat:
460 1528 656 1608 improbabile
686 1551 760 1601 esse,
782 1541 822 1601 ut,
847 1533 871 1589 si
897 1530 933 1589 de
957 1552 1044 1608 opere
1067 1532 1254 1609 supposititio
1275 1544 1419 1608 ageretur,
1449 1534 1550 1611 potius

295 1617 432 1689 Aristidi,
450 1652 488 1659 —
506 1620 556 1696 qui
580 1618 647 1675 aliis
664 1636 850 1695 nequaquam
871 1617 1011 1675 illustrior
1027 1628 1090 1675 erat
1106 1638 1160 1675 nce
1176 1618 1227 1676 ulli
1246 1628 1380 1695 praeerat
1403 1618 1548 1677 ecclesiae

296 1725 385 1782 qnam
408 1706 497 1763 alicui
520 1705 571 1761 olii
595 1702 819 1763 adscriberetur.
853 1706 948 1765 Immo
972 1706 1120 1762 internum
1144 1714 1357 1781 argumentum,
1380 1726 1418 1763 es
1441 1705 1549 1763 simili-

295 1790 398 1851 tudine
421 1790 578 1869 multiplici
595 1811 661 1849 cum
678 1791 816 1868 apologia
840 1790 958 1849 ductum
975 1793 1126 1869 utriusque
1142 1793 1237 1869 operis
1254 1790 1380 1849 eundem
1396 1805 1547 1851 auctorem

295 1900 360 1936 esse
383 1878 495 1937 suadet.
523 1877 620 1955 Quam
650 1878 805 1955 epistolam
830 1898 889 1936 non
912 1898 976 1936 esse
1000 1880 1138 1957 scriptam
1169 1880 1330 1956 posteriore
1352 1889 1493 1957 tempore,
1527 1880 1548 1936 i.

295 1987 320 2023 e.
343 1967 396 2028 lv,
419 1966 467 2024 vel
492 1966 529 2023 V.
551 1964 676 2035 saeculo,
710 1984 776 2022 cum
807 1964 889 2023 nulla
919 1964 956 2021 ad
987 1966 1244 2023 nestorianismum
1275 1965 1324 2023 vel
1354 1966 1548 2045 monophysi-

296 2054 416 2110 tismum
439 2052 545 2109 allusio
567 2051 719 2121 habeatur,
746 2061 832 2109 extra
861 2072 947 2109 omne
970 2050 1091 2109 dubium
1115 2054 1241 2129 ponitur.
1263 2050 1343 2121 Ideo,
1368 2054 1391 2109 si
1416 2052 1546 2111 Aristidi

296 2158 362 2197 eam
385 2138 636 2215 adscripserimus,
659 2139 791 2215 legitime
813 2137 1004 2218 procedemus
1027 2136 1068 2217 (p.
1093 2140 1153 2196 203
1178 2136 1263 2217 sqq).

406 2225 578 2301 Fragmenti
610 2235 707 2283 antem
742 2225 897 2283 authentia
927 2223 964 2282 ab
993 2244 1027 2283 eo
1056 2223 1212 2303 dependet,
1246 2234 1341 2283 utrum
1377 2229 1546 2284 armenicae

300 2310 409 2384 ,Liber
444 2313 709 2381 testimoniorumss
747 2332 784 2369 ex
822 2332 879 2390 quo
917 2312 1115 2389 fragmentum
1153 2312 1208 2370 hoc
1242 2310 1402 2370 secundum
1440 2313 1544 2391 Pappe

294 2396 481 2475 desumptum
504 2408 556 2470 est,
579 2400 693 2476 spurios
715 2408 814 2456 textus
837 2401 988 2457 contineat
1011 2418 1104 2457 necne
1128 2396 1168 2478 (p.
1193 2402 1254 2457 214
1277 2397 1342 2477 sq.).

402 2485 439 2543 ln
461 2486 557 2563 prima
585 2484 749 2563 appendice
779 2486 934 2563 apologiae
963 2485 1110 2563 duplicem
1141 2488 1282 2545 russicam
1315 2488 1480 2543 versionem
1503 2508 1542 2544 ex

296 2572 324 2629 A
347 2586 376 2629 et
400 2575 420 2629 S
442 2575 565 2649 petitam
596 2571 698 2630 addito
720 2574 840 2649 insuper
869 2582 953 2630 testu
976 2593 1081 2649 graeco
1104 2570 1157 2651 (G)
1189 2594 1243 2630 nec
1266 2593 1325 2631 non
1348 2572 1488 2630 homiliae
1511 2584 1540 2631 et

294 2659 452 2735 fragmenti
483 2658 569 2717 nobis
599 2660 765 2717 versionem
796 2658 926 2737 praebet.
971 2660 1006 2717 In
1030 2658 1278 2728 adnotationibus,
1312 2658 1361 2718 ubi
1391 2658 1500 2717 recedit
1522 2681 1541 2718 a

293 2755 386 2812 textu,
409 2744 559 2803 verbalem
582 2747 719 2825 proponit
741 2748 908 2803 versionem
931 2758 960 2803 et
976 2744 1173 2805 differentiam
1196 2748 1337 2815 tertuum,
1361 2749 1386 2803 si
1407 2748 1541 2817 occurrit,

295 2831 425 2889 adnotat.
459 2833 491 2889 si
514 2852 586 2911 opus
621 2834 747 2890 auctoris
781 2833 989 2910 pervolvimus,
1020 2834 1183 2903 confestim,
1218 2854 1275 2912 qno
1309 2834 1437 2891 emineat
1471 2854 1541 2911 prae

294 2918 370 2986 aliis,
403 2920 608 2996 conspicimus.
642 2919 792 2997 Imprimis
827 2919 951 2977 aliorum
986 2918 1085 2978 studia
1117 2920 1377 2998 conclusionesque
1412 2920 1540 2978 breviter

294 3005 424 3077 adnotat,
447 3018 477 3064 et
499 3004 641 3084 quidnam
673 3008 801 3077 valeant,
831 3005 994 3065 rationibus
1028 3006 1138 3065 additis
1170 3006 1260 3065 edicit
1282 3016 1311 3065 et
1334 3009 1451 3065 cuinam
1475 3028 1539 3066 sen-

293 3085 403 3151 tentiae
426 3103 455 3151 et
478 3112 565 3171 quam
589 3091 626 3151 ob
649 3095 793 3150 rationem
817 3092 1038 3151 assentiendum
1062 3114 1125 3152 esse
1148 3094 1285 3152 videatur
1308 3093 1429 3155 indicat.

402 3179 452 3238 Ab
475 3181 543 3238 aliis
555 3192 653 3238 autem
676 3179 774 3237 differt
785 3181 817 3237 in
841 3182 989 3238 sententia
1012 3180 1048 3237 dc
1061 3184 1098 3253 A,
1112 3182 1148 3251 G,
1162 3183 1182 3240 S
1195 3180 1232 3239 ad
1256 3183 1383 3239 invicem
1397 3182 1538 3239 relatione

292 3288 346 3327 nec
369 3288 428 3326 non
451 3266 489 3325 de
512 3267 665 3345 apologiae
696 3268 896 3344 inscriptione.
930 3266 1044 3325 'sextus
1075 3278 1172 3327 autem
1204 3270 1369 3327 versionem
1394 3267 1471 3347 quod
1494 3278 1537 3326 at-

291 3357 374 3422 tinet,
398 3352 706 3413 animadversionibus
729 3352 766 3411 ab
789 3354 857 3411 aliis
880 3354 967 3411 tactis
990 3353 1149 3431 diligenter
1172 3355 1324 3413 utebatur:
1346 3357 1379 3414 in
1396 3360 1423 3413 A
1443 3368 1537 3413 trans·

292 3441 413 3501 ferendo
444 3442 601 3520 praecipue
632 3441 798 3499 versionem
822 3460 839 3499 a
862 3440 985 3518 llimpcl
1016 3441 1133 3519 (Theol.
1164 3442 1267 3517 Quart.
1305 3444 1396 3501 18811.
1419 3463 1441 3503 s.
1468 3444 1535 3499 109.

290 3528 367 3607 sqq.)
391 3527 564 3587 adornatam
594 3526 808 3605 perlustrabat,
837 3528 928 3585 relate
952 3528 989 3585 ad
1014 3530 1038 3585 11
1065 3531 1152 3587 etium
1185 3530 1310 3587 russicos
1340 3528 1464 3595 codices,
1486 3530 1536 3607 qui

291 3649 331 3657 -
357 3616 461 3673 saltem
484 3616 592 3691 partim
616 3616 775 3672 —textui
798 3615 829 3671 in
852 3615 933 3672 Patr.
956 3616 1061 3673 Graec.
1084 3627 1103 3673 t.
1128 3618 1176 3673 1111.
1201 3617 1304 3693 Migne
1327 3617 1438 3675 similes
1462 3627 1535 3689 sunt,

289 3700 475 3778 respiciebat,
506 3699 650 3759 Aristidis
680 3713 777 3759 autem
808 3702 901 3759 vitam
929 3723 965 3759 ex
998 3704 1151 3780 apologiae
1185 3702 1319 3761 doctrina
1349 3704 1473 3782 aliisque
1504 3704 1535 3760 in

290 3809 326 3845 ea
348 3791 495 3845 contentis
519 3788 638 3847 indiciis
660 3787 790 3846 breviter
813 3789 950 3865 proponit
973 3788 1020 3865 (af.
1044 3810 1071 3867 p.
1098 3792 1157 3847 tus
1182 3790 1246 3868 sq.).

1136 3872 1183 3939 M.
1209 3870 1493 3957 Holusdyaslctj.

384 4007 432 4073 M.
445 4006 583 4093 Popov,
596 4009 779 4093 „Apcenitl
793 4010 1029 4096 llarr'lsemra's,
1042 4030 1301 4095 narpouoorrrs
1314 4013 1536 4079 Poeroncrrli

288 4117 312 4162 rr
327 4094 614 4180 tlpocrancattt“.
638 4097 700 4180 (Dc
715 4096 856 4165 Arscnto
881 4098 1117 4182 metropolita.)
1142 4097 1535 4187 O.—IIorepoyp1-1‚.19tltr.

288 4184 643 4265 (Vll-l-L'til-l-XXX.)
666 4184 687 4246 2
709 4186 782 4271 py6·

393 4275 466 4331 Cum
491 4272 529 4330 dc
553 4272 693 4331 bonorum
728 4274 992 4332 ecclesiasticonrm
1015 4276 1045 4333 111
1072 4275 1177 4347 ltussia
1200 4274 1460 4335 saecularizatione
1483 4274 1531 4333 vel

287 4359 324 4418 de
348 4384 378 4432 ,s.
402 4360 518 4440 synodi·
542 4362 686 4418 canonica
708 4362 1036 4419 constitutione-sermo
1058 4362 1191 4431 occurrit,
1215 4364 1359 4421 Arsenius
1382 4362 1534 4421 lduceevit

287 4468 474 4526 nequaquam
493 4449 689 4525 praetermitti
707 4457 811 4525 potest.
837 4446 915 4519 ldeo,
938 4468 989 4506 cur
1011 4447 1048 4506 de
1072 4451 1134 4526 ipso
1157 4449 1274 4526 plurimi
1300 4482 1341 4493 -
1362 4452 1533 4527 praesertim

287 4534 324 4593 ab
341 4554 367 4592 a.
393 4538 484 4592 rsus.
501 4569 543 4578 -
560 4536 719 4612 inquirant,
743 4534 824 4592 nullo
848 4537 966 4609 negotio
990 4544 1078 4612 patet.
1101 4535 1164 4592 Alii
1188 4544 1287 4593 tamen
1310 4536 1397 4595 aliter
1419 4536 1456 4594 de
1470 4539 1534 4615 ipso

286 4624 439 4680 sentiunt:
464 4621 584 4699 quidam
608 4620 644 4679 de
667 4624 731 4679 eius
753 4641 879 4699 persona
903 4622 1104 4698 quaestionem
1128 4622 1210 4679 lloeci
1237 4623 1367 4683 faciunt:
1391 4624 1441 4681 alii
1466 4642 1531 4681 utrm
