3450 5342
883 495 1073 552 -226-

462 679 490 732 V.
514 675 684 744 l'ominsbir':
709 675 816 730 Moral'
834 675 1044 758 jazydeskago
1061 675 1190 730 iiiosoia
1211 676 1339 731 Seneki
1362 675 1373 729 i
1394 691 1592 730 sovremenno
1654 664 1655 719 ἶ

353 747 515 804 0111οέ01110
535 748 554 802 lr
575 761 744 816 veprosam
765 752 1022 802 uravstvennostr
1041 745 1097 811 (De
1109 744 1215 800 ethica
1230 745 1389 807 Senecae.
1409 745 1592 814 gentilisphrl

355 825 386 872 et
404 817 443 874 de
462 817 668 872 recentiorum
689 815 727 869 ad
747 815 864 870 ethicas
883 816 1083 894 quaestiones
1102 814 1340 880 relationibus)
1363 815 1416 882 11..
1435 817 1551 870 91-111.

458 885 620 956 Descripta
640 891 688 950 sat
708 885 786 939 bene
805 885 835 939 in
856 899 959 954 prrme
978 892 1065 953 parte
1084 882 1223 938 Senecae
1243 884 1365 951 ethica,
1383 886 1497 939 transit
1509 894 1594 938 auctor

351 958 383 1012 in
418 957 554 1013 secunda
588 961 675 1026 parte
711 953 750 1008 ad
785 961 928 1022 tempora
961 954 1042 1019 haec„
1073 983 1105 991 -
1138 959 1171 1008 et
1209 954 1478 1009 concionatorem
1511 969 1596 1023 agens.

353 1027 554 1082 vehementer
567 1025 774 1080 recentiorum
791 1021 1090 1078 indiiierentismum
1111 1023 1254 1077 ethicum
1270 1023 1434 1093 increpat
1455 1023 1595 1080 Contendit

355 1112 431 1152 vero
451 1097 597 1152 Senecam
618 1091 885 1149 christianismum
907 1093 1072 1162 ignorasse
1090 1092 1157 1158 (cir.
1179 1095 1232 1146 112
1257 1098 1358 1162 sqq).

454 1181 477 1236 1.
505 1167 676 1236 deterreo:
704 1178 817 1235 utente
841 1193 860 1232 0
888 1179 1002 1234 cenom
1030 1179 1112 1301 noge
1145 1193 1161 1233 s
1189 1179 1278 1233 roem
1311 1180 1439 1251 zrenrja
1468 1180 1593 1248 eccam

353 1251 492 1308 cennosti
522 1248 681 1314 (Doctrina
700 1248 738 1302 de
761 1248 825 1303 Deo
850 1248 1008 1316 personali
1027 1249 1058 1302 in
1089 1263 1145 1302 uee
1170 1247 1299 1304 ethicae
1327 1250 1541 1316 considerata)
1562 1249 1598 1305 ll.

354 1323 498 1376 117-158.
514 1319 552 1374 In
567 1317 721 1389 colloquio
742 1318 797 1388 ¹⁷33„
813 1317 916 1372 martii
931 1319 1006 1372 1905.
1020 1317 1058 1372 ad
1074 1315 1220 1386 magistri
1240 1318 1389 1388 gradum
1412 1319 1596 1375 obtinendum

353 1397 462 1446 auctor
481 1391 560 1446 hauc
578 1387 829 1459 disquisitionem
856 1386 1016 1470 praelegit.
1036 1386 1073 1442 ln
1092 1401 1155 1456 qua
1173 1385 1424 1468 disquisitione,
1444 1405 1514 1444 cum
1532 1391 1598 1443 theo·

356 1460 449 1515 retica
468 1459 506 1514 de
526 1473 630 1514 rerum
652 1455 856 1512 universitate
874 1456 1017 1511 doctrrua
1036 1456 1174 1511 valorem
1192 1463 1225 1511 et
1240 1457 1412 1514 ruiluxum
1434 1459 1467 1514 in
1486 1459 1596 1514 ethicam

355 1529 467 1584 lrabeat
496 1542 623 1583 necesse
653 1527 693 1581 sit
723 1525 984 1596 positivistarum,
1010 1525 1225 1580 idealistarum
1252 1535 1285 1582 et
1313 1529 1528 1585 monistarum
1555 1529 1595 1581 har

355 1599 386 1653 in
406 1613 440 1653 re
457 1596 679 1667 consequentia
697 1601 823 1650 ostensa
845 1594 1111 1664 methaphysicam
1125 1595 1165 1649 de
1182 1595 1250 1650 Deo
1267 1599 1439 1665 personali
1460 1599 1594 1668 probatio

355 1683 424 1724 nem
450 1666 597 1722 omnibus
625 1665 743 1720 ethicae
770 1665 932 1734 principiis
960 1663 1224 1734 praemittendam
1251 1681 1327 1722 esse
1353 1667 1443 1723 dicit
1469 1669 1548 1732 Quae
1565 1667 1594 1719 dc

356 1737 419 1792 Deo
436 1735 595 1860 personali
614 1735 756 1790 doctrina
775 1733 1016 1790 sicutomnibus
1036 1733 1172 1788 hominis
1191 1735 1387 1806 indigentiis
1401 1745 1434 1792 et
1446 1737 1594 1792 desideriis

357 1807 433 1862 satis
449 1821 545 1871 acere,
570 1805 612 1860 ita
637 1811 666 1858 et
692 1803 876 1858 moralitatis
901 1803 1061 1859 immobile
1088 1809 1118 1858 et
1142 1803 1275 1860 unicum
1306 1805 1548 1862 tundamentum
1571 1816 1593 1859 et

354 1891 465 1931 norma
484 1890 553 1930 esse
572 1875 672 1929 debet.
694 1873 782 1928 Hanc
802 1889 877 1928 vero
897 1872 1165 1942 metlrapbysicam
1178 1873 1237 1928 Dei
1295 1877 1438 1930 rsonalis
1458 1876 1594 1946 probatio-

355 1961 425 2001 nem
446 1944 477 1999 iu
496 1959 590 2014 opere
617 1945 654 1998 »0
675 1945 753 1998 cors
774 1961 851 1996 cans
877 1959 1018 1998 ,1111110111
1042 1947 1210 2012 eyurecrs's.
1270 1944 1330 2013 'ev,
1353 1948 1449 2013 1904„
1471 1962 1531 2016 quo
1548 1960 1596 1998 ma-

354 2014 446 2085 gistri
473 2014 607 2085 gradum
628 2011 770 2080 obtinuit,
789 2013 964 2082 exequitur.

458 2101 495 2154 111.
522 2097 674 2165 Stelleelrii:
703 2098 910 2154 Socializm
946 2129 977 2140 -
1013 2115 1083 2168 ego
1111 2099 1281 2170 istorija
1311 2101 1319 2155 i
1350 2101 1596 2170 kriticeslraja

356 2171 504 2226 ocenka
530 2187 545 2224 s
572 2167 838 2239 hristianskcj
867 2169 972 2224 1011111
1000 2167 1153 2239 zrenija
1179 2168 1455 2231 (8001111111ιου
1479 2171 1542 2226 eius
1564 2170 1595 2223 hi·

356 2240 453 2296 stcria
466 2245 496 2296 et
509 2253 641 2294 censura
657 2237 744 2292 iuxta
758 2237 983 2292 christianismi
1003 2237 1165 2306 principia)
1185 2236 1239 2304 11,
1255 2241 1407 2307 tar-212,
1420 2243 1560 2296 sco-605.
1572 2269 1595 2276 —

357 2311 508 2378 Exposita
530 2306 696 2363 socialismi
726 2307 858 2364 historia
877 2307 915 2361 ad
936 2307 1003 2362 eius
1023 2306 1174 2376 principia
1202 2309 1331 2366 transit.
1352 2310 1401 2364 lm
1428 2311 1517 2365 rimis
1535 2325 1597 2363 ven·

355 2396 371 2435 e
392 2379 580 2435 revelatione
600 2375 736 2431 ostendit
757 2376 931 2431 socialistas
950 2392 1012 2431 non
1032 2391 1101 2430 esse
1118 2375 1251 2444 primos,
1272 2378 1330 2448 qui
1350 2380 1382 2433 in
1403 2326 1488 2434 Kone
1505 2395 1595 2434 rerum

356 2455 473 2503 statum
493 2453 523 2502 et
548 2447 578 2501 in
598 2445 761 2500 hominum
788 2447 848 2501 sub
868 2445 953 2500 omni
978 2445 1043 2500 iere
1068 2451 1214 2514 respectu
1244 2448 1504 2518 inaequalitatem
1528 2449 1597 2502 inre

355 2519 478 2573 bantur.
499 2515 622 2571 Etenim
636 2515 696 2570 iarn
717 2514 747 2568 in
762 2515 795 2570 V.
810 2515 843 2569 T.
864 2515 1006 2570 homines
1023 2514 1136 2582 spiritu
1157 2514 1214 2569 Dei
1235 2515 1364 2585 imbuti,
1384 2520 1465 2574 hanc
1484 2516 1596 2573 humani

355 2593 456 2642 status
488 2585 644 2640 miseriam
677 2583 842 2649 intuentes
875 2584 1046 2638 remedium
1079 2582 1106 2638 ei
1137 2583 1258 2640 afferre
1290 2590 1498 2643 conabantur.
1531 2587 1594 2641 llein

356 2657 527 2725 scriptores
554 2653 632 2708 sacri
654 2653 785 2708 miserae
811 2653 894 2708 illius
919 2653 1108 2708 condicionis
1127 2669 1258 2708 causam
1279 2656 1375 2711 aliam
1402 2663 1497 2728 atque
1517 2656 1599 2711 socia·

356 2725 444 2780 listae
464 2724 667 2794 assignarunt
674 2741 681 2792 ;
702 2722 848 2778 historice
867 2722 948 2778 enim
970 2738 1035 2777 rem
1052 2722 1294 2780 considerantes
1314 2725 1347 2780 in
1363 2733 1489 2796 peccato
1507 2725 1598 2781 omnis

358 2795 428 2849 mali
448 2793 600 2874 originem
623 2792 778 2849 videbant.
808 2793 912 2846 Altera
937 2808 1014 2846 vero
1033 2790 1266 2862 inaequalitatis
1291 2810 1389 2851 causa
1413 2796 1539 2852 diversa
1556 2797 1598 2850 ho-

356 2864 475 2918 minum
502 2862 621 2917 rndoles
649 2862 776 2917 diversa
801 2877 936 2930 operans
961 2861 1092 2916 exsistit.
1119 2861 1219 2923 Quam
1247 2864 1410 2934 duplicem
1437 2881 1559 2921 causam
1577 2865 1600 2917 si

354 2947 429 3055 prae.
448 2932 545 2987 oeulis
559 2931 771 2996 habuerimus
791 2947 852 2985 non
869 2946 992 2985 orurrem
1007 2929 1260 3000 inaequalitatem
1276 2935 1410 2989 omuino
1430 2935 1496 2990 tolli
1514 2949 1597 3004 posse

368 3002 443 3056 acilo
461 2999 679 3070 intelligemus.
709 3000 814 3055 Solum
832 3000 863 3054 in
882 3001 993 3054 ordine
1011 3001 1050 3054 ad
1070 2998 1201 3053 salutem
1223 3009 1389 3058 aeternam
1411 3019 1522 3059 omnes
1541 3005 1598 3057 sinc

356 3071 417 3127 ulla
436 3070 617 3140 exceptione
636 3069 781 3140 aequales
801 3076 883 3124 sunt.
908 3098 940 3108 -
969 3070 1046 3124 Cum
1072 3068 1159 3123 iuxta
1185 3071 1368 3127 socialistas
1395 3075 1503 3129 omnia
1530 3089 1600 3128 0011-

357 3141 462 3196 munia
489 3156 559 3195 esse
587 3140 728 3202 debeant,
757 3155 869 3207 nempe
896 3146 961 3193 tum
989 3139 1069 3193 bona
1099 3138 1274 3194 materialia
1302 3148 1370 3197 turn
1397 3159 1516 3198 uxores
1544 3154 1600 3198 turn

356 3215 495 3282 potestas
522 3210 649 3279 regendi
676 3216 741 3263 tum
768 3207 885 3276 religio,
906 3214 1022 3274 auctor,
1042 3207 1165 3276 singula
1185 3207 1378 3278 diiudicare,
1398 3214 1601 3268 demonstrat:

355 3279 507 3350 principia
535 3279 692 3332 nominata
720 3285 784 3332 tum
813 3277 993 3331 revelationi
1023 3284 1087 3332 tum
1116 3277 1229 3331 rationi
1256 3295 1317 3334 nec
1342 3297 1406 3336 non
1436 3283 1534 3337 indoli
1559 3283 1602 3335 ho·

357 3351 475 3405 minum
497 3347 687 3418 experientia
706 3347 847 3418 cognitae
869 3363 1053 3415 repugnare.

461 3419 538 3472 Tota
565 3417 701 3472 auctoris
730 3417 910 3487 disquisitio
938 3418 969 3470 in
997 3415 1186 3484 quibusdam
1218 3417 1371 3484 partibus
1402 3421 1461 3475 hoc
1489 3421 1602 3474 deiectu

353 3488 496 3543 laborare
510 3486 643 3550 videtur,
656 3487 740 3555 quod
755 3487 892 3541 rationes
912 3484 1143 3555 philosophicas
1156 3499 1219 3539 non
1236 3486 1330 3552 plene
1342 3491 1482 3545 evolvat.
1503 3491 1598 3545 blinus

352 3573 478 3681 illucque
498 3558 579 3611 clara
593 3563 674 3620 sunt,
695 3556 826 3624 quaede
840 3555 995 3626 gubernio
1009 3555 1089 3609 etde
1105 3569 1209 3609 rerum
1226 3562 1314 3611 statu
1329 3561 1435 3614 nostri
1455 3559 1599 3629 temporis

369 3632 504 3696 oqurtur,

466 3713 493 3766 V.
515 3710 676 3782 prinslrh':
698 3711 871 3766 Zametki
896 3727 915 3765 0
934 3710 1147 3764 literature
1166 3725 1212 3789 po
1240 3726 1294 3765 sv.
1317 3713 1507 3840 Pisanid'u
1533 3716 1601 3768 l'et·

355 3787 451 3852 hago
472 3783 616 3836 Zaveta
632 3795 671 3834 za
692 3783 766 3836 111111.
786 3797 814 3850 g.
835 3779 1145 3848 (Animadversiones
1164 3793 1196 3832 ru
1215 3779 1434 3839 litteraturam

359 3861 429 3907 tura
449 3851 482 3905 V.
503 3851 535 3904 T.
554 3866 592 3903 ex
612 3866 637 3904 a.
658 3852 736 3916 19011
757 3849 807 3914 11.,
828 3851 973 3905 124-146.

464 3936 663 3990 Recentiores
677 3936 707 3989 in
723 3937 849 3990 Oriente
862 3935 1081 3990 excavationes
1100 3934 1255 4004 duplicem
1277 3942 1503 4006 quaestionem
1521 3940 1601 3996 nobis

357 4005 472 4060 inicere
499 4004 659 4058 videntur:
680 4005 718 4059 de
737 4006 886 4061 relatione
904 4021 1017 4074 nempe
1037 4020 1061 4061 s.
1080 4005 1255 4073 scripturae
1274 4007 1315 4061 ad
1339 4008 1535 4079 Babylonem
1555 4023 1600 4063 nec

356 4090 418 4129 non
438 4074 477 4128 de
495 4072 708 4142 inspiratione.
730 4075 807 4130 Cum
829 4075 918 4130 multi
939 4075 1036 4130 multa
1050 4075 1106 4128 hac
1119 4075 1157 4128 de
1172 4090 1204 4128 re
1218 4089 1303 4130 anno
1325 4080 1397 4134 1904
1417 4079 1601 4149 scripserint

356 4143 523 4213 Rybinskij
545 4143 607 4196 duo
628 4143 847 4212 principaliora
867 4160 963 4213 opera
989 4144 1075 4213 eligit
1100 4159 1274 4212 corumque
1299 4157 1531 4216 argumentum
1550 4150 1599 4202 late

356 4211 511 4283 proponit.
543 4213 682 4267 Primum
715 4215 799 4282 quod
829 4215 868 4268 de
899 4213 1047 4268 relatione
1077 4229 1100 4266 s.
1129 4213 1307 4281 scripturae
1342 4218 1384 4271 ad
1418 4219 1486 4273 Bab
1510 4220 1598 4272 lonem

354 4287 473 4346 tractat,
485 4287 547 4336 est:
572 4287 615 4335 ».l.
626 4283 765 4349 Ieremias,
777 4285 839 4337 Das
853 4283 913 4337 alte
927 4284 1108 4337 Testameut
1121 4283 1162 4336 im
1177 4282 1284 4337 Lichte
1299 4284 1358 4340 des
1375 4287 1461 4343 alten
1507 4288 1601 4342 ciente.

356 4351 483 4420 Leipzig
509 4352 599 4405 111111
628 4350 735 4404 Relato
763 4352 854 4406 huius
881 4353 986 4421 operis
1011 4359 1198 4422 argumento
1217 4352 1261 4406 ait
1280 4363 1449 4412 auctorem
1472 4359 1601 4413 mitiores

356 4419 565 4476 rationalistas
581 4419 677 4488 sequi,
689 4435 758 4474 curn
770 4421 850 4476 iacta
861 4422 1009 4476 historica
1019 4422 1172 4486 admittat,
1187 4421 1323 4477 formam
1339 4433 1450 4482 autem
1465 4427 1602 4483 historiae

339 4497 372 4543 'e
392 4491 509 4559 mythis
535 4490 733 4568 desumptam
760 4505 829 4544 esse
857 4492 966 4546 doceat
994 4500 1036 4560 (p.
1063 4495 1112 4546 1⁴29
1132 4507 1167 4570 sq
1185 4511 1200 4545 ¹.
1224 4492 1412 4551 Secundum
1442 4493 1598 4567 Rybinskij

356 4574 436 4627 opus
455 4575 472 4614 a
492 4559 642 4614 Ieremias
657 4560 783 4624 edrtum,
803 4559 874 4615 licet
892 4576 987 4630 opere
1001 4561 1175 4627 Schraderr,
1194 4560 1360 4618 decadem
1386 4568 1519 4622 materia
1536 4575 1600 4620 trar-

357 4633 449 4696 tante,
469 4629 598 4684 inferior
624 4629 673 4696 sit,
703 4645 741 4680 01.
762 4633 895 4697 chucus,
921 4635 1125 4695 coeonobium,
1151 4648 1203 4683 aro
1223 4648 1318 4684 11111111
1338 4651 1436 4690 oscus
1457 4653 1601 4693 uoucsnas.

355 4715 371 4750 n
386 4715 604 4768 epasrmreumro
619 4717 657 4752 cs
676 4715 819 4766 uppremo.
840 4717 876 4753 oo
890 4717 1009 4753 01101111
1023 4717 1210 4754 oeconomus
1230 4717 1444 4769 npnruumauu,
1459 4707 1600 4761 hairberto

353 4770 483 4820 bnrrcrraa
503 4787 542 4821 111,
561 4768 815 4836 rpaguuiorursnrs
837 4771 1045 4837 cosoplmiuxrr,
1065 4788 1101 4823 ua
1120 4771 1304 4837 comparente
1326 4773 1458 4830 Badrin«
1481 4783 1521 4847 (p.
1541 4779 1599 4830 1301.

1478 3801 1496 3841 e
1514 3787 1600 3851 scrip·
