3450 5342
747 511 937 567 -295-

220 698 362 759 librorum
386 720 444 758 non
476 702 682 761 canonicorum
715 702 897 768 auctoritate,
931 719 996 757 cum
1028 702 1059 757 in
1086 700 1211 758 ecclesia
1246 700 1314 757 falsi
1336 699 1469 760 doctores

223 808 253 845 se
276 787 452 845 extulissent
484 786 557 845 haec
581 785 716 845 adnotat:
752 786 874 859 ,Patres
905 787 1048 845 ecclesiae
1079 788 1259 845 christianae
1284 786 1336 847 IV.
1359 788 1469 846 saeculi

223 875 254 933 in
276 874 412 933 conciliis
435 874 644 933 ecelesiasticis
668 873 900 951 praecipiebant,
923 887 955 931 ut
978 894 1015 931 ex
1039 872 1123 933 libris
1148 874 1264 931 l'eteris
1279 874 1468 933 Testamenti

222 960 279 1019 soli
303 960 346 1019 illi
371 960 448 1031 libri,
479 962 529 1039 qui
552 960 666 1039 pridem
698 958 735 1019 ab
759 960 895 1019 omnibus
922 963 997 1019 sacri
1021 960 1143 1019 iudicati
1168 969 1260 1031 erant,
1291 961 1466 1038 legerentur.

220 1048 311 1106 Tales
344 1046 436 1106 libros
472 1046 674 1123 agnoscebant
710 1048 815 1105 Patras
852 1046 943 1106 libros
975 1046 1107 1107 Hebraei
1144 1048 1275 1107 thesauri
1306 1050 1466 1125 scripturae

222 1154 330 1207 sacrae,
353 1156 426 1213 quos
449 1137 606 1193 canonicos
622 1132 817 1193 nominabant
833 1134 933 1211 (ceteri
951 1132 1020 1191 libri
1036 1155 1095 1193 non
1119 1138 1252 1193 carronici
1270 1135 1464 1213 appellantur,

222 1225 291 1301 quia
315 1242 373 1281 uon
396 1221 504 1300 ubique
534 1219 683 1281 codicibus
705 1220 846 1279 libromm
870 1242 1018 1279 sacrorum
1041 1218 1388 1299 comprehendebantur),
1411 1221 1464 1281 sed

223 1308 310 1367 simul
341 1306 502 1367 monebant
530 1325 647 1387 praeter
676 1309 730 1367 hos
761 1309 835 1367 alios
866 1330 930 1366 esse
960 1306 1050 1367 libros
1080 1311 1136 1366 etsi
1167 1311 1198 1366 in
1228 1330 1371 1367 curionem
1404 1330 1463 1367 non

222 1406 355 1473 receptos
378 1396 410 1473 (i.
434 1417 459 1454 e.
491 1416 549 1453 nou
581 1395 808 1475 comprehensos
840 1395 989 1453 Hebraico
1012 1398 1173 1473 scripturae
1203 1416 1303 1454 sacrae
1326 1395 1466 1473 corpore),

221 1492 321 1541 tamen
344 1483 431 1541 utiles
454 1480 492 1540 ad
515 1482 673 1559 legendum
696 1486 786 1544 etiam
810 1483 1108 1544 catechumenis...
1141 1484 1175 1541 ln
1199 1504 1285 1561 quem
1309 1503 1462 1541 uulnerum

222 1568 389 1628 referebant
412 1568 502 1627 libros
533 1572 584 1647 qui
607 1568 685 1649 apud
709 1590 762 1627 nos
785 1589 927 1627 canonem
947 1568 1127 1627 Hebraicum
1152 1570 1289 1647 supplent
1302 1616 1308 1626 .
1321 1615 1349 1626 ..
1376 1570 1465 1627 'Pem-

222 1676 292 1734 pore
322 1654 498 1735 procedente
530 1676 595 1715 cum
625 1656 742 1733 longius
773 1654 998 1734 progrederetur
1028 1668 1057 1715 et
1087 1655 1301 1714 describeretur
1333 1655 1468 1714 doctrina

221 1743 373 1815 ecclesiae,
396 1742 557 1803 discrimen
579 1744 657 1802 inter
679 1742 769 1801 libros
792 1745 949 1801 canonicos
972 1754 1002 1801 et
1025 1764 1084 1801 non
1102 1746 1259 1801 canonicos
1277 1743 1468 1820 explanatum

223 1839 277 1889 est.
300 1828 372 1888 lllos
402 1832 433 1888 in
464 1828 570 1909 quibus
602 1850 703 1887 ornnes
726 1828 793 1887 libri
819 1829 962 1888 Hebraici
992 1830 1124 1888 thesauri
1159 1839 1357 1906 numerantur,
1387 1827 1467 1887 haud

223 1915 312 1975 dubie
328 1916 647 1995 divinitas'inspiratos
663 1937 736 1988 esse,
759 1917 885 1975 ecclesia
907 1916 1039 1996 professa
1054 1928 1111 1984 est;
1135 1916 1188 1973 hos
1205 1916 1333 1993 reliquos
1350 1916 1466 1974 Veteris

221 2004 408 2061 'l'estamenti
439 2003 537 2075 libros,
569 2024 641 2081 quos
673 2003 768 2061 divini
803 2005 923 2081 spiritus
950 2005 1091 2062 instinctu
1116 2005 1297 2081 conscriptos
1319 2023 1384 2060 esse
1408 2023 1466 2060 non

222 2100 339 2149 constat
372 2091 499 2151 ecclesia
529 2091 722 2149 nihilominus
757 2090 843 2149 utiles
878 2090 989 2149 iudicat
1020 2088 1057 2149 ob
1087 2110 1211 2168 eamque
1245 2110 1305 2148 rem
1337 2088 1467 2157 adhibet,

223 2197 400 2255 quamquam
426 2179 523 2237 ineis
554 2176 748 2237 fundamenta
773 2176 942 2253 dogmatum
975 2179 1045 2256 poni
1068 2198 1128 2235 non
1151 2186 1272 2256 possunt
1295 2179 1345 2246 ita,
1376 2187 1407 2235 ut
1429 2178 1467 2234 iis

223 2264 294 2321 solis
316 2264 408 2323 ullum
431 2264 582 2323 doctrinae
606 2284 708 2323 sacrae
731 2265 825 2323 locum
850 2266 998 2342 quispiam
1021 2263 1144 2343 probare
1168 2274 1265 2342 queat.

310 2368 379 2427 Uno
402 2371 491 2427 etiam
520 2368 654 2439 adducto,
684 2388 776 2446 eoque
807 2366 991 2427 celeberrimi
1021 2371 1217 2445 procuratoris
1248 2368 1467 2426 ecclesiasticae

224 2452 402 2519 academiae,
435 2456 550 2513 Pauli
573 2456 740 2513 Solrolov
771 2456 1004 2513 testimoniorum
1036 2457 1108 2513 satis
1136 2457 1200 2513 erit.
1225 2455 1254 2512 ls
1287 2457 1316 2512 iu
1340 2456 1467 2531 pretioso

223 2560 311 2619 opere
338 2542 491 2615 ,Historia
513 2545 720 2621 scripturarum
746 2541 862 2599 Veteris
884 2542 1070 2599 'l'estameati
1093 2542 1124 2599 in
1145 2542 1272 2599 ecclesia
1295 2542 1467 2599 Christiana

224 2626 262 2686 ab
284 2628 472 2687 incunabulis
487 2630 699 2688 christianismi
723 2648 814 2706 usque
831 2628 869 2687 ad
885 2630 1025 2705 (trigenis
1043 2641 1159 2706 tempus
1175 2629 1242 2704 (hoc
1261 2626 1394 2697 additol‘
1412 2622 1467 2702 ¹⁰0)

223 2724 379 2793 postquam
402 2736 478 2793 quae
501 2714 538 2773 de
554 2735 701 2775 sacrorum
717 2712 859 2773 librorum
877 2716 912 2776 V.
931 2716 967 2773 'lt
991 2717 1104 2791 origine
1128 2725 1156 2772 ot
1175 2718 1348 2773 auctoritate
1365 2713 1468 2773 diviua

224 2822 382 2880 eorumque
417 2822 531 2861 canone
565 2805 595 2861 in
631 2804 748 2880 scriptis
779 2811 892 2880 patrum
924 2802 1148 2879 apostolicorum
1184 2814 1213 2858 ot
1248 2802 1467 2879 apologetarum

225 2890 404 2959 iveniuutua
428 2892 573 2967 exposuit,
595 2890 669 2947 haec
691 2888 817 2965 colligit:
853 2892 954 2964 ,Quae
978 2888 1014 2945 de
1038 2908 1091 2946 usu
1119 2910 1177 2946 non
1205 2890 1415 2945 canonicorum
1438 2897 1467 2944 et

225 2974 460 3054 apocryphorum
485 2976 601 3035 l'eteris
616 2976 800 3035 Testamenti
818 2974 959 3033 librorum
981 2976 1120 3040 diximus,
1142 2974 1346 3033 demonstrant
1368 2986 1467 3051 patres

225 3072 255 3119 et
286 3058 426 3121 doctores
450 3062 591 3121 acclesiae
622 3064 703 3121 illius
733 3064 839 3121 aetatis
869 3061 960 3120 libros
993 3082 1051 3120 non
1074 3064 1232 3119 canonicos
1255 3064 1286 3118 in
1309 3060 1400 3118 Lxx
1424 3081 1468 3118 re-

225 3158 325 3226 ceptos
348 3151 449 3225 magni
472 3150 590 3209 fecisse:
621 3170 720 3208 eorum
744 3152 948 3209 auctoritatem
971 3151 1002 3206 in
1025 3147 1146 3207 dubium
1174 3150 1273 3205 vocari
1297 3168 1362 3205 nou·
1380 3167 1466 3226 possa

225 3235 495 3295 existimabant...
524 3236 711 3315 Quamquam
735 3256 955 3314 nonnumquam
978 3234 1069 3293 libros
1092 3237 1258 3303 canonicos,
1282 3236 1467 3311 quinetiam

226 3322 411 3401 apocryphos
434 3323 613 3401 allegabant,
637 3332 737 3381 tamen
753 3326 816 3382 eius
828 3325 946 3400 generis
962 3323 1039 3380 locos
1056 3324 1087 3380 in
1102 3322 1321 3399 comparatione
1334 3323 1468 3379 innume·

227 3406 365 3466 rabilium
389 3429 426 3467 ex
448 3412 598 3469 canonicis
615 3409 698 3468 libris
715 3410 870 3468 allatorum
884 3411 1073 3486 repperimus.
1099 3407 1232 3469 Accedit.
1256 3406 1335 3485 quod
1356 3407 1388 3464 hi
1411 3408 1468 3465 loci

227 3554 433 3563 ·———--—·.-..

262 3610 305 3675 ¹⁸⁰)
323 3610 444 3679 llcropia
463 3610 721 3665 Berxossslsrauxn
740 3610 868 3664 Ilacanltl
886 3626 924 3663 ss
942 3609 1155 3677 Xpucriaacsolt
1175 3625 1283 3678 uepssn
1296 3626 1348 3663 ors
1361 3622 1467 3663 assus

329 3680 537 3748 Xpscriaaorsa
549 3694 583 3741 uo
595 3680 724 3747 Opareaa
742 3694 965 3734 saansareasao.
983 3680 1101 3733 Macros
1115 3685 1188 3733 1886.
1202 3695 1228 3747 p.
1244 3685 1290 3733 tr:
1310 3683 1470 3732 (tasaaaaoo

329 3765 405 3804 sarra
418 3751 623 3821 ynorpeoasaie
636 3762 939 3805 annaeus-recasura
953 3763 1230 3817 rnoupaonseoam
1247 3763 1337 3803 raam
1349 3750 1469 3802 Berxaro

329 3818 435 3873 aarum
452 3834 524 3874 cauo
543 3820 633 3873 conon
653 3832 859 3879 nemausam.
887 3834 936 3872 aro
955 3835 1027 3879 orna
1049 3834 1066 3871 a
1086 3832 1208 3887 pumera
1227 3833 1336 3886 nepueu
1354 3831 1470 3887 pascua·

329 3903 505 3957 rpuaaeaaro
525 3904 652 3957 speueau
667 3902 843 3941 oraocaraos
854 3904 892 3940 aa
904 3903 1177 3942 seasaoanuscaaus
1190 3904 1318 3943 aaaron
1331 3900 1472 3956 asponon

329 3956 404 4011 Lxx
428 3974 464 4013 ca
489 3960 680 4011 occosaausra
710 3959 908 4025 ramesiam
935 3972 990 4011 osa
1017 3972 1217 4025 ycuarpassrn
1235 3974 1274 4011 sa
1293 3972 1369 4013 ansa
1393 3958 1472 4011 raaia

295 4063 302 4073 ·
328 4040 424 4092 mam,
443 4040 680 4096 asropareruocrs
698 4040 848 4095 soropara
866 4026 1242 4094 asoouaaana....sspasas,
1261 4042 1314 4081 oaa
1328 4040 1471 4084 amorosa

330 4110 436 4157 uuorra
447 4099 687 4152 aesseoaaseosia
700 4112 717 4149 a
728 4111 800 4155 taus
813 4110 941 4164 auoupao
956 4134 959 4138 ⁴
998 4094 1057 4150 caia
1075 4112 1172 4163 maru,
1191 4112 1225 4149 ao
1238 4112 1345 4150 rauna
1359 4109 1471 4160 mara,

327 4181 383 4236 upa
402 4169 522 4228 maxa
549 4181 673 4221 coraaxa
696 4180 750 4219 asa
774 4180 954 4220 asaoameca
975 4182 1014 4219 ra
1040 4182 1138 4231 ausim,
1165 4182 1209 4221 uu
1237 4181 1338 4220 samu
1365 4178 1469 4219 secana

327 4251 460 4291 aeuaoro.
480 4236 626 4304 Ilparoaa,
645 4241 699 4290 sou
716 4250 764 4289 ern
785 4250 891 4295 uararu
911 4251 1083 4303 apusorsrca
1102 4251 1210 4293 oruaan
1238 4250 1350 4302 uepaoa
1370 4249 1403 4288 as
1421 4246 1472 4292 aaa

329 4306 517 4359 ooocaouauia
536 4319 784 4363 rotuaruuecsaxa
803 4318 919 4365 amasa,
937 4321 953 4358 s
972 4320 1202 4358 acarnuaressao
1214 4321 1264 4363 aaa
1277 4309 1368 4363 u'saeh
1388 4318 1473 4371 apau-

329 4389 504 4439 crssaauxu,
523 4378 647 4439 (aurosa
667 4390 757 4445 aanp,
784 4377 934 4443 ysauraaie
952 4388 989 4426 aa
1007 4377 1158 4437 normata,
1183 4378 1322 4442 yausain
1341 4388 1393 4427 ora
1409 4374 1473 4439 spb-

329 4458 469 4498 maasoaa
487 4460 506 4497 a
525 4459 606 4512 apos.
622 4460 638 4512 y
653 4444 821 4505 wunsam),
840 4458 1014 4512 upasoaaroa
1027 4458 1061 4497 ae
1074 4458 1112 4497 aa
1124 4447 1222 4512 copula
1240 4447 1472 4506 marmoream,

327 4528 614 4581 noarseprrasmuaxu
638 4528 809 4567 ncraaaocra
836 4527 1016 4577 amonstro,
1041 4528 1077 4565 ao
1104 4528 1178 4567 raus
1200 4515 1392 4581 upoaosarsaie
1411 4512 1473 4565 ooo-

329 4584 469 4637 crseanolt
481 4586 565 4651 phun
580 4582 715 4637 Horasoe
725 4585 913 4636 uosasossaie
926 4596 1200 4637 aeaaaoasseoaauu
1215 4598 1341 4636 marana
1355 4597 1390 4634 aa
1402 4595 1473 4647 paay

326 4666 362 4705 os
379 4666 626 4716 naoaasocsuura,
648 4654 718 4707 oasa
736 4654 886 4711 coactata,
905 4654 1066 4705 annumero
1086 4668 1121 4705 ae
1138 4666 1278 4719 rosopm
1291 4668 1307 4705 o
1320 4652 1470 4705 cusmsain

328 4722 511 4777 comarum
538 4736 574 4773 cs
598 4734 743 4789 repausa,
770 4735 881 4789 aorouy
907 4736 957 4775 aro
985 4735 1197 4791 aprocrssaaaa
1216 4734 1471 4781 summanum

324 4793 398 4843 rurs
410 4805 464 4843 aaa
476 4804 603 4858 apyrars
615 4806 704 4845 saara
716 4806 818 4850 aareao
832 4806 866 4843 ne
878 4805 919 4856 ro,
931 4806 980 4844 aro
994 4805 1052 4843 ura
1064 4793 1256 4858 tesycrosasa
1269 4793 1465 4844 rrcrsuaoara.t
