3450 5342
1192 9 1198 12 ,
1258 7 1655 103 '‘“W

1708 299 1718 672 l

853 505 1021 558 qn-

317 714 375 752 non
398 691 479 750 fuit?
504 693 539 751 lu
554 682 610 750 hac
627 714 665 754 sc.
690 693 856 771 hypothesi,
880 713 944 750 cum
969 713 1005 751 ea
1027 713 1085 751 non
1110 691 1216 750 habeat
1240 691 1343 755 locum,
1368 695 1470 770 nequit
1494 712 1552 748 esse

317 781 399 850 ratio,
422 799 473 838 cur
495 780 546 837 ille
569 783 724 858 poenitens
747 778 783 838 ad
808 778 921 857 aliquid
945 779 1070 856 amplius
1093 799 1180 856 quam
1204 781 1293 836 ceteri
1314 777 1469 856 obligetur.
1493 778 1554 836 Non

317 879 362 923 est
384 887 463 942 ergo,
492 887 544 924 cur
566 865 742 924 arbitremur
772 867 848 925 hanc
879 867 1035 944 positivam
1061 866 1155 940 legem
1180 863 1398 943 superadditam
1429 866 1519 922 fuisse
1539 885 1557 920 a

317 953 436 1011 Christo
460 955 637 1012 institutioni
670 957 823 1030 potestatis
846 954 983 1012 clarium.
1015 987 1055 994 —
1087 947 1127 1032 d)
1150 949 1286 1010 'l'andem
1309 952 1396 1009 huius
1420 951 1556 1028 specialis

317 1040 392 1116 legis
415 1039 496 1098 nulla
528 1042 639 1097 mentio
674 1043 797 1097 occurrit
829 1042 858 1098 in
882 1041 1045 1097 christiana
1067 1038 1238 1096 traditione:
1273 1041 1303 1096 in
1334 1059 1392 1118 qua
1421 1040 1559 1096 asseritur

317 1125 436 1204 quidem
460 1126 509 1184 lex
533 1127 645 1184 (lhristi
668 1126 829 1199 obligantis
852 1141 1018 1204 peccatores
1041 1125 1143 1184 fideles
1166 1125 1203 1184 ad
1228 1125 1432 1189 subiciendum
1456 1145 1488 1183 se
1513 1145 1560 1202 po

317 1215 418 1272 testati
441 1214 577 1282 clarium,
602 1213 653 1272 sed
676 1227 720 1270 est
744 1214 792 1270 lex
817 1215 919 1272 valens
943 1235 980 1272 ex
1000 1234 1094 1292 aequo
1116 1235 1167 1292 pro
1190 1212 1325 1270 omnibus
1348 1211 1560 1291 peccatoribus,

318 1309 347 1358 et
371 1319 446 1379 quae
469 1321 506 1358 ex
523 1302 587 1380 ipsa
603 1303 787 1358 institutione
800 1303 953 1379 potestatis
976 1300 1131 1377 colligitur.
1155 1333 1196 1342 -
1219 1299 1265 1356 Ea
1281 1301 1370 1376 igitur
1386 1298 1435 1356 lex
1448 1299 1562 1356 Christi

319 1388 458 1465 specialis
481 1387 598 1445 admitti
622 1389 732 1464 nequit.

425 1475 504 1551 Ergo
527 1477 609 1537 ratio,
632 1495 683 1532 cur
706 1483 861 1531 torreantur
877 1474 955 1532 idem
979 1471 1107 1532 tribunal
1130 1471 1212 1530 adire
1234 1485 1411 1550 peccatores,
1438 1492 1560 1550 (prorum

318 1570 440 1637 peccata
462 1569 576 1618 retenta
598 1572 672 1625 aunt,
697 1584 730 1618 ea
755 1577 806 1631 est,
840 1564 911 1639 qnia
933 1563 1021 1620 etiam
1056 1563 1224 1638 priusquam
1248 1557 1372 1618 adirent.
1395 1561 1454 1616 iant
1477 1579 1511 1616 se
1535 1560 1562 1614 ei

319 1646 453 1705 subicere
476 1646 659 1704 tenebantur.

425 1735 487 1792 lam
513 1754 589 1801 vero,
621 1737 644 1790 si
669 1736 758 1791 etiam
783 1738 862 1812 prius
886 1747 1021 1811 peccator
1043 1732 1205 1801 tenebatur,
1236 1731 1377 1810 obligatio
1401 1731 1473 1789 haec
1500 1747 1564 1789 orta

320 1830 365 1878 est
387 1840 452 1878 curn
476 1823 540 1898 ipso
562 1838 693 1898 peccato:
717 1843 786 1878 nam
811 1821 922 1879 nullum
946 1818 1026 1877 aliud
1056 1821 1170 1878 initium
1195 1821 1258 1877 eius
1280 1822 1403 1896 originis
1426 1839 1477 1896 pro
1503 1821 1565 1876 sin·
1590 1817 1595 1826 ’

319 1907 397 1982 gulis
420 1907 621 1985 peccatoribus
645 1910 789 1984 assignari
814 1919 917 1986 potest.
952 1907 989 1964 lut
1014 1927 1084 1964 sane
1107 1905 1199 1984 liquet
1223 1905 1301 1985 quod
1324 1915 1440 1984 propter
1462 1907 1562 1983 ipsum

320 2000 472 2071 peccatum
503 2004 619 2052 tenetur
648 1993 744 2051 tidelis
775 2017 805 2051 se
830 1993 961 2051 subicere
988 1991 1133 2052 clavibus:
1164 2014 1231 2051 cum
1254 1996 1317 2072 ipso
1348 2013 1418 2067 ergo
1440 2003 1565 2070 peccato

320 2083 412 2137 oritur
435 2079 508 2138 haee
531 2080 681 2156 obligatio.
717 2081 846 2139 ¹a'ulisunt
869 2102 938 2158 ergo
970 2081 1037 2137 huic
1060 2079 1233 2158 obligationi
1266 2087 1432 2158 peccatores
1460 2099 1565 2136 omnes

321 2187 365 2237 eo,
388 2165 466 2244 quod
490 2170 685 2244 peccaverint.
717 2181 745 2224 ot
770 2168 842 2224 haec
865 2167 1006 2244 obligatio
1036 2169 1196 2245 praevertit
1225 2187 1436 2245 quemcumque
1464 2177 1565 2222 aetum

321 2255 530 2332 poenitentiae,
554 2275 611 2332 quo
634 2272 770 2331 porcator
794 2266 895 2332 postea
918 2255 1123 2312 reconcilietur
1144 2253 1218 2312 Deo

426 2340 517 2399 Porro
540 2340 649 2419 duplici
679 2341 764 2398 morlo
788 2352 883 2418 potest
906 2343 932 2398 ei
956 2343 1017 2399 lieri
1043 2343 1122 2412 satis,
1146 2343 1208 2398 sire
1232 2339 1343 2418 duplici
1367 2339 1452 2397 modo
1468 2351 1568 2416 potest

321 2436 458 2504 peccator
480 2448 512 2486 se
534 2427 666 2485 subicere
684 2431 819 2504 potestati
844 2428 985 2488 clavium:
1011 2449 1115 2505 nempe
1130 2438 1192 2485 tum
1216 2448 1254 2498 re,
1278 2437 1339 2485 tum
1356 2427 1460 2484 saltem
1486 2435 1567 2483 voto.

322 2513 407 2570 Haec
429 2524 526 2572 autem
539 2513 681 2572 subiectio
706 2515 846 2572 saltem
872 2517 900 2571 in
919 2531 985 2572 roto
1000 2525 1044 2571 est
1068 2517 1246 2588 necessaria3
1270 2517 1293 2572 si
1306 2515 1386 2571 enirn
1410 2522 1564 2590 peecatum

321 2601 519 2659 remitteretur
541 2602 599 2659 alio
615 2602 712 2659 medio
737 2601 970 2680 independenter
993 2600 1030 2658 ab
1051 2601 1105 2660 liae
1129 2611 1273 2679 potestate
1295 2601 1359 2658 sine
1383 2599 1567 2676 obligatione

323 2686 487 2745 subiciendi
511 2686 585 2746 illud
608 2687 748 2747 claribus.
773 2689 959 2746 irasceretur
976 2691 1119 2746 institutio
1132 2687 1253 2748 Christi.
1281 2687 1355 2746 Cum
1379 2695 1476 2744 autem
1499 2705 1569 2744 cum

322 2773 378 2830 hac
402 2773 582 2834 subiectione
605 2786 739 2832 conserta
770 2778 807 2832 sit
831 2774 972 2851 obligatio
1000 2795 1101 2853 reapse
1124 2774 1199 2840 illud
1222 2772 1401 2852 praestandi,
1430 2771 1509 2851 quod
1535 2775 1566 2829 in

322 2868 392 2918 voto
415 2860 546 2931 habetur,
574 2883 640 2919 cum
663 2865 779 2919 ‹rt-rasio
802 2885 833 2920 se
856 2861 979 2929 dederit,
1010 2883 1067 2920 non
1092 2873 1186 2940 potest
1210 2864 1252 2920 ita
1274 2861 1418 2930 satisfieri,
1450 2869 1481 2918 ut
1507 2879 1568 2916 non

323 2947 450 3026 amplius
472 2947 589 3017 debeas,
612 2951 636 3004 si
661 2960 743 3025 potes
766 2948 813 3005 rol
837 2963 906 3006 tunc
929 2949 976 3006 rel
1002 2959 1109 3026 postea,
1139 2959 1168 3006 te
1192 2948 1323 3006 subicere
1350 2950 1443 3009 actu“
1478 2945 1570 3004 Pal-

323 3035 444 3106 mieri,
467 3035 639 3112 Deposuit.
656 3036 696 3094 th.
717 3041 775 3092 ltt:
801 3035 837 3095 ef.
854 3038 1007 3105 suarez,
1033 3036 1116 3114 Disp.
1134 3039 1182 3106 tt,
1198 3056 1221 3096 s.
1237 3037 1265 3106 2,
1281 3055 1317 3096 u..
1331 3036 1380 3095 20.

429 3120 510 3179 ldem
534 3122 723 3179 confirmatur
746 3143 783 3178 ex
807 3122 905 3180 verbis
928 3123 1012 3181 Pauli
1039 3125 1056 3179 2
1082 3124 1147 3182 Cor.
1172 3127 1198 3196 5,
1230 3125 1267 3181 18
1292 3143 1313 3180 s.
1345 3121 1390 3178 (ll.
1415 3121 1568 3190 Hurter,

324 3207 427 3285 Gemp.
450 3215 469 3264 t.
493 3209 548 3275 Ill,
572 3208 646 3265 thes.
671 3212 741 3265 att.

436 3290 477 3356 3⁰
506 3294 589 3352 Idem
625 3306 770 3353 testantur
796 3297 909 3354 Patres.
941 3293 1156 3374 {Augustinus}
1191 3297 1283 3354 Serm.
1319 3297 1380 3353 392
1412 3295 1502 3372 (hom.
1527 3293 1568 3350 49

325 3383 402 3439 inter
425 3385 486 3460 50),
511 3403 539 3442 ιι.
564 3385 595 3440 3:
624 3383 736 3443 ,Nemo
759 3381 815 3439 sibi
838 3381 928 3443 dicat:
953 3383 1064 3442 occulte
1087 3403 1151 3460 age,
1175 3380 1252 3460 apud
1276 3381 1374 3440 Deum
1396 3401 1460 3459 ago,
1483 3381 1569 3438 novit

323 3468 414 3540 Deus,
437 3471 488 3548 qui
511 3469 586 3528 mihi
615 3471 757 3544 ignoscat,
790 3471 860 3546 quia
891 3472 922 3528 in
945 3469 1031 3527 eorde
1060 3490 1124 3547 ago.
1147 3469 1227 3546 Ergo
1251 3470 1315 3526 sine
1345 3487 1433 3526 causa
1455 3465 1568 3524 dictam

324 3563 381 3614 est:
405 3553 489 3631 Quae
512 3557 660 3614 solveritis
694 3558 723 3613 in
747 3563 832 3621 terra,
855 3557 951 3614 solnta
981 3568 1065 3614 terunt
1089 3559 1120 3614 in
1143 3554 1248 3614 caelo?
1282 3555 1362 3632 Ergo
1389 3557 1453 3614 sine
1477 3572 1568 3612 cansa

324 3653 392 3700 sunt
414 3643 513 3701 claves
536 3643 623 3700 datae
647 3643 813 3700 ecelesiae?
846 3643 1030 3702 l'rustramus
1054 3642 1250 3720 evangelium,
1281 3642 1453 3700 frustramus
1476 3639 1568 3698 verba

325 3729 460 3787 Christi?
497 3731 698 3790 l'romittimus
723 3728 813 3789 vohis,
844 3730 923 3806 quod
952 3730 1000 3788 ille
1025 3728 1151 3807 negar?“
1187 3729 1232 3788 Of.
1257 3729 1349 3787 Serm.
1373 3729 1433 3786 351
1459 3735 1488 3784 et
1511 3727 1567 3804 Ep.

325 3818 385 3872 228
410 3816 446 3873 ad
473 3817 614 3880 Honorat‚
637 3820 822 3892 intuentum
847 3819 969 3874 exitium
988 3819 1118 3894 sequitur
1142 3817 1216 3887 illos,
1240 3819 1291 3894 qui
1314 3813 1351 3872 de
1374 3817 1431 3874 isto
1447 3812 1564 3872 saeculo

325 3901 373 3958 vel
397 3922 455 3959 non
480 3907 644 3978 regenerati
668 3915 776 3961 exeunt
805 3904 853 3959 vel
884 3905 998 3978 ligati:
1034 3924 1120 3980 quem
1152 3904 1247 3961 locum
1271 3923 1329 3960 non
1362 3921 1447 3980 posse
1471 3901 1566 3978 accipi

326 3985 362 4044 de
386 3988 449 4045 sola
471 3989 675 4047 exhortatione
700 3990 747 4068 [cl.
772 3990 899 4048 (Jollet.
924 3991 969 4045 lh·
994 4011 1076 4067 poen.
1100 4011 1127 4068 p.
1151 3993 1178 4059 2,
1203 4011 1230 4047 ιι.
1248 3987 1320 4067 668]
1339 3997 1420 4067 patet
1442 4007 1479 4046 ex
1501 4007 1569 4045 cun-

326 4084 418 4144 textu,
443 4077 548 4132 utiam
572 4097 659 4153 supra
674 4079 823 4134 innuimus
847 4077 888 4132 th.
902 4079 928 4141 2,
952 4099 977 4154 p.
994 4077 1042 4136 [Υ.
1066 4077 1145 4154 prob.
1170 4079 1239 4134 min.
1263 4076 1325 4152 lin.)
1341 4109 1383 4118 -
1404 4075 1489 4146 Leo,
1512 4074 1567 4151 Ep.

329 4162 389 4218 108
407 4158 462 4239 (ad
473 4161 633 4220 Theodonl
654 4183 677 4219 e.
693 4166 724 4220 2:
753 4163 926 4239 „lllultiplex
944 4162 1144 4222 misericordia
1157 4165 1214 4223 Dei
1231 4166 1273 4221 ita
1284 4161 1416 4242 lapsibus
1432 4160 1568 4220 subvenit

326 4246 473 4319 humanis,
496 4260 601 4306 utnon
618 4251 710 4306 solnm
735 4272 786 4326 per
800 4249 938 4327 baptismi
956 4253 1089 4326 gratiam,
1113 4249 1164 4308 sed
1187 4252 1276 4308 etiarn
1293 4269 1344 4328 per
1366 4249 1565 4328 poenitentiae

326 4331 505 4391 medicinam
535 4356 601 4412 spes
633 4339 711 4393 vitae
743 4350 893 4412 reparetur
916 4347 1061 4399 aeternae.
1097 4349 1126 4394 ut
1155 4340 1204 4415 qui
1236 4337 1468 4414 regenerationis
1491 4333 1568 4392 dona

326 4419 496 4490 violassent,
521 4427 636 4499 proprio
660 4445 690 4480 se
716 4423 822 4480 iudicio
854 4423 1093 4491 condemnantes,
1125 4423 1162 4482 ad
1186 4425 1388 4482 remissionem
1413 4423 1566 4480 criminum

327 4509 530 4584 pervenirent:
554 4511 596 4567 sic
627 4509 747 4566 divinae
779 4510 919 4568 honitatis
950 4511 1106 4588 praesidiis
1138 4511 1289 4582 ordinatis,
1323 4519 1355 4568 ut
1384 4509 1567 4586 indulgentia

327 4593 385 4650 Dei
408 4596 466 4653 nisi
489 4596 753 4673 supplicationibus
785 4595 967 4655 sacerdotum
1001 4607 1127 4676 nequeat
1150 4597 1284 4656 obtineri.
1321 4595 1468 4654 Mediator
1490 4596 1567 4653 enim

326 4680 385 4738 Dei
408 4691 437 4738 et
461 4681 620 4741 hominum.
651 4684 738 4740 homo
762 4683 897 4741 Christus
930 4685 1009 4742 lesus
1042 4687 1118 4742 hunc
1142 4686 1316 4762 praepositis
1348 4684 1489 4742 ecclesiae
1511 4691 1568 4738 tra-

328 4763 405 4824 didit
427 4778 611 4844 potestatem.
643 4782 671 4824 nt
696 4785 722 4824 ot
748 4770 954 4827 corititentihns
986 4775 1132 4830 actionem
1163 4773 1362 4849 poeniteutiae
1395 4770 1508 4839 darent,
1541 4782 1569 4827 et
