3450 5342
696 486 889 541 -171-

167 674 299 731 Piscium
323 674 543 731 immaturarum
558 692 742 731 communem
758 694 823 732 esse
838 675 962 752 pinnam
985 672 1096 731 caudae
1113 672 1282 742 indivisam,
1299 674 1416 751 qualem

168 759 290 838 squalus
312 761 445 817 retineat.
479 761 579 818 Etiam
613 762 742 837 picturas
775 761 948 819 animalium
980 760 1149 839 (reptilium,
1185 762 1292 833 avium,
1326 780 1417 819 mam-

169 845 307 915 maliuml
329 849 360 905 in
383 845 547 905 individuis
581 857 660 906 certo
695 847 799 906 ordine
834 848 1002 925 frequenter
1033 868 1063 905 se
1094 850 1238 925 excipere,
1262 856 1293 905 ut
1317 849 1416 925 virgas

170 943 355 993 transversas
368 933 554 1005 antecedant,
570 934 711 1006 maculae,
727 936 856 993 maculas
869 936 971 1011 virgae
984 933 1222 1011 longitudinales.
1239 935 1274 992 ln
1290 934 1417 993 hominis

170 1023 263 1099 ipsius
287 1020 447 1099 embryone
470 1041 558 1099 supra
580 1020 720 1079 chordam
744 1020 836 1101 (rpuod
859 1020 1082 1079 tundamentum
1107 1030 1152 1079 est
1176 1022 1290 1079 futurae
1314 1023 1417 1099 spinae

170 1107 260 1178 dorsi,
284 1110 315 1165 in
338 1108 449 1165 infimis
471 1106 647 1167 vertebratis
670 1110 856 1167 immutatum
880 1128 1073 1186 permanens余
1097 1106 1230 1166 Babak
1252 1129 1279 1187 p.
1297 1106 1416 1187 :rr-a)

170 1193 332 1253 medullam
349 1194 477 1266 formari,
500 1194 579 1253 infra
590 1194 730 1253 chordam
743 1195 886 1268 canalem,
910 1212 964 1274 per
986 1216 1073 1273 quem
1089 1197 1291 1273 concoquitur:
1316 1206 1418 1273 postea

171 1280 291 1340 demum
315 1280 483 1341 rudimenta
505 1282 705 1340 uertebrarum
729 1303 767 1341 ex
790 1294 913 1361 utraque
938 1282 1017 1340 illius
1041 1284 1106 1341 axis
1130 1292 1212 1361 parte
1229 1302 1417 1360 compararer

171 1389 230 1446 quo
254 1368 332 1427 facto
356 1367 393 1426 ad
418 1369 654 1427 articulationem
678 1372 721 1427 ita
743 1371 978 1447 progressionem
1002 1369 1074 1440 fieri,
1097 1378 1128 1427 ut
1152 1372 1183 1427 ia
1207 1370 1320 1428 canalis
1338 1369 1417 1429 illius

170 1456 269 1513 fronte
291 1454 452 1515 branchiae
475 1464 654 1527 nascantur余
678 1477 728 1514 eas
751 1456 788 1514 ad
812 1456 885 1515 illud
909 1466 1024 1535 tempus
1047 1466 1188 1534 spectaro,
1211 1476 1268 1533 quo
1285 1456 1417 1535 patribus

171 1545 281 1601 nostris
305 1544 336 1599 11
358 1562 435 1620 aqua
466 1542 677 1613 habitantibus,
701 1564 739 1601 ex
762 1564 840 1621 aqua
871 1552 921 1601 altr
951 1542 1130 1603 hauriendus
1161 1545 1257 1602 buerit.
1290 1543 1419 1623 11111111-

170 1650 258 1687 ouem
284 1632 389 1687 9-111
419 1651 488 1688 mm.
521 1631 640 1707 longum
671 1629 966 1709 duodequadraginta
998 1630 1148 1689 vertebras
1178 1630 1307 1689 habe-re:
1340 1630 1418 1689 unde

171 1738 210 1774 ex
234 1719 364 1795 quinque
387 1736 539 1775 numerum
564 1716 765 1775 vertebrarum
788 1718 917 1776 hominis
941 1716 1033 1775 adulti
1057 1716 1269 1776 excedentibus
1293 1717 1417 1776 caudam

171 1802 244 1861 olim
267 1805 434 1862 constitisse
457 1806 519 1861 iure
541 1807 644 1861 conici.
690 1805 764 1862 ltem
788 1805 853 1883 plus
877 1825 964 1882 quam
988 1803 1141 1864 duodecim
1166 1806 1249 1883 paria
1272 1816 1417 1863 costarum

171 1890 323 1948 hominem
348 1890 419 1948 olim
442 1890 580 1949 habuisse
603 1903 632 1949 et
655 1902 754 1949 sterno
777 1892 842 1969 plus
866 1912 953 1971 quam
977 1902 1088 1969 septem
1123 1894 1219 1950 unitas
1252 1892 1362 1949 luisse:
1386 1912 1417 1949 os

171 1978 325 2056 pisil'orme
347 1976 544 2036 rudimentum
568 1998 632 2037 esse
655 1978 742 2056 digiti
759 1981 845 2049 sexti,
860 1979 1066 2055 cartilaginem
1090 1979 1283 2053 marginalem
1301 1980 1418 2055 septimi

173 2064 394 2142 (praepollicis).
428 2064 623 2141 Lauuginem,
657 2086 716 2144 qua
750 2066 844 2123 foetus
878 2076 943 2143 post
978 2078 1092 2124 sextum
1127 2086 1266 2135 mensem,
1303 2067 1419 2141 tegitur,

172 2153 306 2210 foramen
330 2150 647 2230 supraeondyloideum
669 2152 829 2210 manifesta
852 2154 939 2229 signa
961 2172 1024 2211 esse
1047 2156 1170 2229 originis
1198 2154 1315 2230 speciei.
1339 2152 1422 2228 Quas

173 2259 220 2297 res
244 2239 331 2297 aliter
352 2238 497 2317 explicari
521 2259 579 2296 non
603 2260 688 2317 posse
712 2260 747 2297 ac
769 2242 866 2318 posita
888 2240 1057 2298 evolutione
1089 2244 1251 2319 specierum
1285 2240 1421 2297 altiorum

174 2346 213 2383 ex
237 2324 434 2385 inferioribus.

280 2457 338 2514 iles
362 2477 421 2514 non
444 2466 529 2513 tauta
551 2455 636 2514 uobis
660 2454 777 2514 videtur
800 2477 873 2522 esse,
897 2466 1006 2535 quiante
1030 2453 1067 2513 ab
1091 2456 1269 2513 advorsariis
1293 2456 1423 2531 tingitur.

175 2544 326 2620 imprimis
357 2544 422 2618 ipsa
444 2542 493 2599 lex
517 2544 574 2600 ista
604 2542 791 2619 biogenetiea
824 2546 900 2601 mira
923 2554 952 2601 et
975 2544 1028 2601 soli
1054 2544 1268 2621 speculatorum
1302 2556 1424 2601 naturae

175 2632 268 2689 amori
299 2629 418 2687 videtur
447 2650 512 2687 esse
532 2629 610 2687 data.
636 2630 712 2687 Nam
735 2651 794 2707 qua
816 2630 876 2688 alia
900 2632 1013 2687 ratione
1048 2639 1153 2688 natura
1175 2629 1240 2687 duci
1267 2633 1369 2709 potuit,
1394 2642 1426 2688 ut

176 2717 376 2775 evolutionem
408 2718 518 2794 speciei
542 2718 574 2773 in
596 2715 752 2775 individuo
780 2716 1016 2791 redintegraret?
1047 2718 1106 2778 (Of.
1129 2718 1164 2775 'l'.
1189 2716 1325 2787 Pescb,
1350 2718 1425 2777 Iust.

177 2804 319 2882 psycbol,
342 2814 363 2864 t.
386 2803 409 2868 l,
440 2824 468 2861 1.
501 2805 571 2872 161,
604 2808 621 2860 3
654 2804 722 2875 111.余
755 2804 993 2880 Hagemann,
1027 2800 1243 2883 lllctaphysik続
1281 2806 1371 2871 1877),
1395 2826 1425 2883 p.

179 2894 239 2949 tor
264 2897 298 2967 s.)
323 2894 402 2948 Sane
433 2910 522 2968 quam
545 2893 577 2948 in
600 2903 757 2965 angustum
787 2912 891 2968 cogere
923 2894 1017 2969 potnit
1040 2902 1069 2949 ct
1093 2893 1248 2949 immutare
1280 2892 1422 2968 (amnica,

175 2978 354 3050 allantoisl3
377 2979 414 3035 cf.
438 2976 578 3049 Babrilr,
602 2999 628 3055 p.
653 2981 716 3055 lli),
742 2978 819 3038 hanc
842 2988 871 3035 et
896 2978 1045 3055 negligere
1070 2982 1171 3055 potuit.

282 3106 398 3165 Deinde
422 3119 533 3165 certum
556 3118 601 3165 est
622 3110 717 3186 prima
738 3107 940 3185 disparatione
964 3109 1187 3184 variationeque
1203 3111 1234 3165 iu
1250 3110 1315 3166 oris
1331 3129 1423 3165 maru-

178 3194 300 3252 malium
323 3195 502 3272 peculiarem
536 3194 767 3253 vertebratornm
791 3195 915 3253 formam
950 3197 1076 3272 exprimi
1108 3194 1318 3268 (Kallikos
1350 3196 1423 3252 Ent-

178 3279 445 3358 wickluugsgescb.
468 3281 496 3339 d.
519 3282 682 3339 bleuschen
705 3303 732 3340 u.
756 3280 784 3339 d.
808 3282 876 3339 hoh.
899 3276 1033 3339 'l'lriere2
1057 3281 1181 3359 Leipzig
1207 3284 1297 3347 1879,
1329 3284 1422 3351 ltili),

178 3377 208 3426 et
231 3366 268 3425 de
292 3367 391 3426 herbis
413 3378 527 3426 constat
550 3370 582 3426 11
604 3368 765 3449 embryone
789 3368 1072 3447 phanerogamarum
1097 3390 1134 3425 ex
1150 3380 1288 3446 quattuor
1310 3368 1424 3427 cellulis

178 3458 328 3513 constanti
351 3455 510 3513 discrimen
540 3455 644 3514 adesse
667 3459 744 3514 inter
767 3455 965 3514 rudimentum
990 3454 1097 3513 radicis
1121 3464 1150 3513 et
1172 3466 1286 3533 partem
1317 3456 1424 3531 germi-

179 3553 301 3600 nantem
340 3542 400 3623 (W.
435 3542 690 3613 Hofmeister,
736 3530 792 3601 bb.
826 3542 875 3601 die
910 3542 1087 3619 Enstelrung
1120 3541 1172 3600 des
1206 3540 1339 3621 limbryo
1373 3541 1426 3599 der

178 3628 433 3707 Phanerogamen.
456 3630 581 3707 Leipzig
606 3633 701 3703 lelll3
724 3632 761 3687 cl'.
785 3632 930 3688 stimmon
954 3649 1006 3686 aus
1022 3630 1061 3687 M.
1079 3630 1112 3686 L.
1129 3629 1254 3695 xxiv,
1274 3632 1423 3705 ato-t).

179 3716 255 3773 Item
279 3716 515 3775 consideratione
538 3715 660 3791 dignum
684 3727 726 3774 est
752 3718 939 3796 (lyparuceas
963 3736 980 3773 a
1004 3716 1172 3775 Gramineis
1203 3726 1299 3775 aetate
1323 3715 1424 3774 adulta

179 3805 277 3861 minus
307 3803 424 3862 differre
457 3824 544 3881 quam
580 3805 665 3862 initio
700 3804 745 3881 (O.
780 3803 1002 3870 liutberlet,
1038 3800 1263 3881 Naturphimffl
1297 3824 1324 3881 p.
1349 3806 1424 3877 atra,

179 3888 357 3967 Wigand,
395 3892 527 3949 Darwin.
559 3892 590 3961 l.,
626 3893 700 3963 :lom
735 3890 771 3949 cf.
802 3890 888 3961 liis,
924 3890 1037 3949 [lusere
1069 3891 1268 3968 K'orperform.
1303 3891 1427 3969 Leipzig

182 3978 274 4048 1875,
308 3999 335 4056 p.
372 3980 432 4035 198
466 3977 532 4054 etc.)
567 3989 595 4035 ct
631 3978 729 4036 larvas
763 3980 939 4035 insectorum
975 3976 1012 4035 ad
1047 3976 1179 4035 diversos
1211 3977 1328 4035 ordines
1363 3998 1427 4055 por-

180 4065 310 4122 tinentes
355 4084 442 4143 saepe
483 4065 650 4123 simillimas
693 4067 769 4123 inter
813 4086 843 4122 se
886 4084 958 4135 esse,
999 4063 1131 4122 eiusdem
1176 4063 1287 4123 ordinis
1328 4065 1427 4123 larvas

180 4154 301 4209 omniuo
324 4150 532 4229 discrepantes.
556 4151 642 4227 Quod
666 4172 736 4209 vero
759 4153 952 4209 contormatio
984 4150 1058 4209 fetus
1083 4153 1256 4209 animalium
1287 4151 1424 4209 altiorum

179 4236 218 4295 ad
242 4238 367 4296 eandem
390 4259 574 4296 communem
604 4238 741 4315 dirigitur
771 4243 923 4307 rationem,
959 4237 1028 4295 inde
1063 4238 1135 4296 illud
1171 4239 1264 4296 solum
1300 4240 1428 4295 efficitur

179 4328 316 4402 quamvis
339 4325 511 4403 ampliorem
535 4327 658 4383 classem
682 4326 854 4384 animalium
879 4324 987 4383 modo
1011 4344 1051 4381 ac
1075 4329 1233 4383 ratione
1257 4344 1320 4383 osse
1344 4324 1426 4383 aetli-

179 4413 297 4469 ficatam
321 4413 512 4491 (Agassiz,
542 4414 605 4470 Der
637 4411 940 4490 Scbbpfuugsplan.
975 4412 1118 4469 Ileutsoh.
1153 4412 1254 4490 Leipz.
1282 4414 1427 4472 187118.

182 4501 244 4556 171)
267 4500 308 4571 tt,
331 4498 508 4576 ll'igand
533 4500 594 4557 Der
616 4499 833 4557 llarwinismus
856 4501 880 4559 I.
904 4502 932 4555 8.
957 4500 1097 4571 att-83
1121 4500 1217 4557 Natnr
1239 4499 1298 4557 und
1326 4500 1427 4559 Oileu-

178 4584 296 4661 barung
330 4586 384 4655 111,
422 4589 491 4645 183.
522 4587 584 4643 Nec
617 4587 683 4663 plus
714 4586 773 4643 illis
808 4584 1052 4644 similitudinibus
1083 4585 1270 4644 tribuendum
1302 4600 1346 4643 est
1376 4582 1425 4659 (tl.

181 4672 369 4742 Hamanu,
401 4672 711 4748 lintwiclrluugslcbre
742 4672 802 4731 und
836 4674 932 4733 llarw.
965 4676 993 4732 8,
1025 4676 1073 4734 23,
1106 4707 1148 4717 -
1171 4675 1204 4731 F.
1229 4672 1424 4745 blichelis,

179 4756 442 4837 Huckelogoniel.
466 4762 552 4818 Bonn
578 4761 682 4837 1876).
