3450 5342
697 473 736 482 -
765 439 824 495 103
848 470 891 481 -·-

169 633 310 708 temporis
326 631 554 689 circumstantiis
569 650 633 689 sese
649 627 870 687 accommodare
883 628 1011 686 noluisse
1027 627 1148 687 dicunt:
1173 629 1223 685 alii
1237 626 1364 705 denique
1377 661 1419 669 —

171 717 210 775 ad
232 738 305 796 qnos
328 718 368 779 hl.
391 718 494 795 l’opov
517 718 645 795 pertinet
662 750 695 758 -
710 736 777 774 curn
790 726 889 795 utpote
913 717 1055 773 eximium
1069 734 1102 773 ae
1119 715 1222 773 fortem
1240 716 1418 793 episcopum,

171 808 294 864 summis
316 803 453 862 laudibus
476 804 608 862 ederunt.

278 893 428 962 Arsenius,
451 912 477 949 a.
502 891 593 949 1597.
617 892 647 947 in
672 890 697 947 V
701 888 820 947 ladimir
843 888 1000 969 Volynslrij
1020 899 1114 961 natus,
1137 890 1264 966 peractis
1279 889 1310 946 in
1327 889 1418 945 variis

171 981 340 1037 seminariis
364 976 479 1051 studiis,
509 998 535 1035 a.
561 979 652 1035 1716.
675 976 838 1035 monachus
859 974 955 1035 factus
978 989 1031 1034 est.
1054 978 1123 1053 Ipse
1146 978 1265 1033 natione
1288 974 1417 1033 l'olonus

171 1066 241 1139 fnit3
264 1068 296 1123 in
318 1065 466 1143 baptismo
488 1063 655 1123 Alexandri
677 1084 785 1123 nomen
808 1065 837 1121 ei
859 1062 986 1121 inditum
1010 1074 1062 1132 est,
1088 1096 1125 1104 —
1151 1062 1312 1120 monachus
1325 1060 1418 1119 factus

172 1153 319 1211 Arrenius
342 1154 576 1211 nominatnsest„
599 1150 648 1210 Ab
671 1172 696 1211 a.
723 1152 892 1209 1718-26
916 1152 948 1209 in
964 1148 1128 1209 Academia
1144 1150 1300 1207 Kioviensi
1313 1147 1418 1206 studiis

171 1240 389 1318 philosophicis
412 1248 441 1297 et
463 1238 638 1315 theologicis
661 1240 788 1295 vacavit.

276 1330 316 1385 A.
340 1328 433 1384 1741.
456 1327 609 1405 episcopus
632 1326 664 1382 in
685 1323 819 1383 'I'obolsh
842 1323 1014 1401 designatus
1038 1333 1090 1381 est.
1124 1324 1157 1380 ln
1182 1325 1345 1381 iuramento
1369 1340 1420 1379 suo

172 1415 402 1472 consecrationis
424 1424 555 1491 tempore
586 1414 694 1471 emisso
716 1411 808 1469 verba
829 1410 974 1489 quaedam
999 1432 1016 1469 a
1038 1411 1240 1487 regulamento
1268 1409 1349 1465 Petri
1381 1406 1419 1465 M.

172 1503 364 1580 praescripta,
387 1520 452 1558 cum
475 1498 672 1577 praesidentis
695 1519 726 1568 ,s.
749 1497 864 1577 synodi·
889 1500 1061 1556 auctoritate
1078 1508 1285 1575 protegeretur,
1309 1492 1420 1553 delibe-

172 1600 237 1646 rate
259 1589 385 1645 mutavit
407 1583 449 1667 (p.
472 1592 521 1662 ⁸l²
556 1584 633 1664 quod
656 1587 684 1642 ei
708 1596 773 1662 post
797 1587 836 1642 22
869 1604 1002 1643 annosa
1026 1584 1177 1643 nominata
1200 1584 1419 1640 consecratione

172 1677 291 1733 crimini
314 1668 431 1732 versum
454 1684 507 1731 cst.
541 1674 615 1731 Cum
640 1674 671 1729 in
694 1692 775 1729 snam
799 1670 957 1729 dioecesim
982 1672 1127 1741 intrasset,
1151 1672 1267 1732 clerum.
1292 1672 1341 1747 qui
1366 1687 1419 1726 nec

173 1761 339 1819 eruditione
363 1780 417 1819 nec
435 1758 565 1818 moribus
588 1780 606 1817 a
628 1759 717 1835 vulgo
739 1757 901 1827 differebat,
925 1760 998 1817 sicut
1022 1780 1059 1815 ex
1082 1778 1141 1815 rana
1163 1766 1246 1835 parte
1262 1758 1420 1813 reformare

172 1847 343 1916 conabatur,
377 1850 479 1906 itaer
501 1846 595 1905 altera
617 1857 700 1923 parte
730 1846 963 1904 ecclesiasticum
995 1845 1183 1923 privilegium
1207 1844 1261 1901 l'ori
1285 1841 1421 1900 omnihus

173 1935 289 1994 viribus
311 1934 498 2001 defendebat.
522 1934 553 2011 (9
578 1942 663 2011 sqq).
1310 1967 1314 1975 -

280 2024 321 2079 At
351 2024 411 2079 iam
446 2025 493 2080 lt).
525 2020 597 2079 febr.
623 2022 714 2078 1742.
738 2019 918 2097 Petropolim
942 2018 1144 2097 proficiscitur,
1178 2016 1226 2075 ubi
1251 2014 1333 2072 brevi
1357 2028 1422 2093 post

174 2108 362 2187 metropolita
385 2110 416 2165 in
438 2109 550 2166 llostov
573 2118 603 2164 et
625 2105 788 2165 membrum
811 2128 842 2172 ‚s
866 2104 981 2185 synodi‘
1005 2107 1181 2167 nominatur.
1223 2104 1422 2160 loramentum

174 2206 276 2255 tamen
305 2206 456 2272 tamquam
479 2216 510 2265 ,s
532 2192 648 2273 synodi‘
678 2192 850 2254 membrum.
880 2214 945 2251 cum
970 2196 1001 2251 in
1024 2214 1059 2251 eo
1082 2192 1155 2249 haee
1179 2190 1289 2247 verba:
1318 2187 1424 2261 ,confi-

174 2295 240 2341 teor
261 2303 346 2361 porro
378 2292 408 2340 et
429 2279 617 2339 iureiurando
640 2300 776 2338 assevero
809 2300 976 2358 supremum
1000 2278 1119 2337 huiusce
1154 2278 1271 2355 collegii
1299 2275 1423 2352 (scilicet

175 2369 314 2449 ,syuodi‘l
337 2368 464 2427 indicem
487 2388 552 2425 esse
575 2370 669 2446 ipsum
692 2368 782 2424 totins
799 2367 920 2425 llossiae
943 2369 1167 2444 imperatorem*
1195 2367 1421 2429 continerentur,

177 2458 312 2515 emittere
335 2458 491 2513 recusavit.
515 2455 590 2513 Cum
613 2464 710 2512 antem
733 2454 807 2512 haec
827 2453 918 2511 verba
941 2456 972 2511 iu
995 2454 1055 2512 alia
1077 2488 1118 2495 —
1143 2472 1247 2530 nempe
1271 2450 1422 2509 Christum

179 2564 244 2602 esse
267 2562 433 2620 supremum
455 2540 581 2601 iudicem
608 2542 822 2618 -sicutipse
845 2539 972 2608 volebat,
996 2549 1108 2598 mutata
1130 2550 1237 2607 essent,
1262 2541 1323 2615 ipse
1347 2538 1424 2593 iura·

176 2641 309 2689 mentum
332 2649 388 2688 nec
411 2628 570 2688 secundum
593 2627 670 2686 hanc
692 2626 880 2685 emendatam
904 2628 1027 2685 formam
1051 2628 1186 2685 emittere
1210 2626 1310 2683 voluit.
1354 2622 1423 2679 ldeo

175 2718 363 2795 imperatrice
390 2716 472 2773 hisce
505 2714 543 2773 dc
565 2713 660 2773 'rebus
689 2716 812 2773 certiore
835 2714 923 2778 facta,
958 2717 988 2772 in
1014 2716 1122 2771 liestov
1157 2712 1351 2791 proficiscitur
1386 2710 1424 2787 lp.

179 2803 241 2881 14).
287 2804 362 2861 Cum
390 2811 488 2861 autem
511 2801 650 2881 synodus,
684 2822 736 2860 cur
763 2804 794 2859 in
818 2803 878 2860 suis
905 2800 1085 2859 sessionibus
1112 2811 1142 2857 ut
1173 2798 1333 2857 membrum
1366 2816 1424 2853 non

178 2900 339 2971 appareret,
363 2892 581 2967 interrogasset,
604 2890 749 2947 Arsenins
773 2905 804 2947 se
828 2888 915 2947 buius
937 2889 1106 2947 omissionis
1129 2906 1232 2945 causas
1244 2884 1425 2963 imperatrici

178 2980 349 3055 exposuisse
369 2975 529 3054 respoudit.
551 2976 605 3034 Lis
628 2974 747 3053 quidem
767 2978 798 3033 in
821 2995 887 3034 eum
911 2976 996 3033 illata
1017 2983 1070 3043 est,
1094 2973 1144 3033 scd
1169 2994 1233 3031 cum
1254 2972 1426 3050 imperatrix

178 3077 208 3123 et
231 3086 262 3133 ,s
284 3063 400 3143 synodi‘
422 3062 595 3143 praesidens
618 3083 670 3140 pro
692 3065 757 3141 ipso
779 3072 886 3133 essent,
909 3082 944 3120 eo
967 3063 1051 3120 finita
1074 3072 1126 3129 est,
1150 3059 1226 3139 quod
1251 3080 1327 3117 nora
1352 3060 1427 3115 iura-

179 3153 271 3209 menti
296 3150 389 3208 forma
411 3148 563 3209 combusta
585 3159 629 3208 est
652 3151 692 3227 (p.
718 3151 757 3207 15
781 3148 845 3227 aql.

290 3238 346 3315 Ep.
370 3238 522 3309 Arsenius,
550 3239 626 3295 sient
648 3237 843 3295 iuramentum
876 3245 908 3293 nt
931 3234 1053 3293 membri
1078 3232 1230 3313 synodalis
1253 3233 1425 3309 requisitum

183 3324 221 3382 ab
247 3327 310 3403 ipso
331 3334 482 3402 praestare
504 3325 645 3401 neglexit,
668 3324 711 3381 ita
732 3324 822 3381 etiam
845 3324 937 3401 ipsius
954 3320 1059 3401 synodi
1084 3320 1201 3398 plenam
1225 3316 1426 3395 independen-

182 3412 263 3480 tiam‚
287 3420 429 3489 quamtum
452 3412 569 3472 ineius
591 3409 704 3468 viribus
726 3420 798 3480 erat,
821 3408 980 3468 defendere
1003 3406 1139 3466 studebat
1163 3411 1202 3485 (p.
1227 3402 1289 3472 all.

287 3499 361 3555 Cum
394 3500 426 3555 in
458 3498 569 3556 Rostov
602 3496 781 3556 advenisset.
814 3497 915 3555 omnia
948 3496 1106 3554 reformare
1137 3491 1329 3551 intendebat:
1365 3492 1426 3566 ipse

182 3586 371 3644 seminarium
406 3586 438 3642 in
470 3584 622 3643 Jaroslavl
656 3586 892 3661 reorganiaavit;
930 3592 1032 3641 contra
1065 3604 1123 3650 eos,
1161 3582 1211 3659 qui
1246 3574 1427 3646 ,raskoluiki‘

182 3680 333 3742 vocantur,
356 3673 475 3748 primus,
498 3672 599 3729 rituali
615 3670 782 3729 differentia
803 3681 836 3729 ut
851 3690 882 3728 re
906 3668 1081 3729 secundaria
1104 3678 1132 3726 et
1148 3665 1324 3725 accidentali
1347 3682 1430 3742 prae-

182 3760 327 3828 termissa,
361 3756 398 3816 de
421 3778 510 3816 causa
531 3778 631 3817 eorum
662 3758 858 3836 separationis
881 3756 918 3815 ab
948 3757 1073 3815 ecclesia
1097 3754 1261 3814 orthodoxa
1290 3752 1428 3811 tractavit

182 3864 341 3923 eorumque
364 3847 533 3924 opinionem
561 3843 673 3904 Christi
701 3845 857 3903 ecelesiam
883 3846 914 3902 in
938 3847 1023 3902 terris
1055 3842 1234 3921 dispansisse
1267 3838 1428 3897 debellavit

183 3928 224 4010 (p.
248 3932 310 4009 26).
349 3930 465 3990 Eodem
488 3941 618 4010 ternpore
640 3932 831 4009 reliquiarum
854 3952 876 3989 s.
900 3932 1044 3989 Demetrii
1068 3930 1272 3988 llostoviensis
1295 3926 1429 3985 inventio

184 4032 273 4097 atque
296 4018 423 4077 clevatio
447 4019 526 4076 facta
547 4030 608 4091 est3
630 4052 674 4063 -
697 4017 734 4077 de
745 4022 827 4077 cuius
850 4020 944 4077 sancti
969 4020 1070 4096 primis
1094 4017 1243 4074 miraculis
1266 4012 1428 4089 singularia

182 4103 329 4184 quaedam
354 4117 511 4163 narrantur
533 4106 572 4183 (p.
595 4108 636 4163 46
660 4107 736 4185 sqq).

288 4192 420 4251 Maxime
442 4202 542 4249 tamen
565 4194 710 4250 Arsenins
732 4203 835 4251 contra
864 4191 1005 4251 bonorum
1036 4190 1303 4248 ecclesiasticorum
1328 4204 1428 4243 saecu·

184 4280 387 4337 larizatiouem
418 4278 588 4357 pugnabat:
624 4277 654 4336 id
677 4279 756 4357 quod
788 4282 851 4337 eius
875 4280 1066 4337 remotionem
1100 4278 1216 4335 accivit.
1264 4275 1345 4331 laicet
1370 4272 1429 4329 iam

183 4386 260 4425 saer.
283 4365 368 4423 er.
391 4377 421 4423 et
443 4365 512 4423 XV.
535 4366 691 4424 ecclesiam
726 4367 933 4445 proprietatem
958 4362 1107 4443 possidere
1131 4384 1215 4441 posse
1238 4360 1431 4419 communiter

184 4452 275 4530 idque
298 4452 439 4531 explicite
462 4450 623 4511 admissum
646 4455 692 4523 sit,
715 4464 815 4510 tamen
842 4462 973 4531 tempore
997 4450 1181 4529 procedente,
1208 4470 1273 4507 cum
1298 4463 1430 4525 proceres

182 4540 290 4617 populo
313 4541 458 4618 imperare
470 4549 610 4617 cuperent
631 4560 755 4617 cumque
772 4539 895 4617 populus
918 4541 981 4617 ipse
1004 4536 1266 4615 independeutiam
1291 4535 1432 4591 maiorem

182 4628 317 4703 accipere
329 4624 519 4697 desideraret,
542 4627 637 4703 magis
648 4628 802 4704 magisque
818 4626 874 4683 hoc
887 4626 1029 4684 ecclesiae
1046 4628 1090 4683 ins
1114 4624 1281 4702 impugnari
1297 4630 1432 4696 coeptum

182 4722 237 4771 est.
260 4714 298 4771 A.
313 4714 394 4770 1666
418 4713 670 4771 autemeeclesiac
694 4723 822 4791 potestas
844 4711 1016 4791 possidendi
1040 4732 1127 4789 quam
1152 4712 1281 4768 maxime
1305 4707 1433 4764 limitata
