3450 5342
767 457 962 512 -113-

238 641 316 716 rent
334 635 413 690 Nam
439 650 537 691 canon
563 637 678 693 missae
695 637 769 694 iude
787 639 848 695 iam
868 640 908 696 ab
926 641 1106 710 apostolicis
1131 643 1328 714 temporibus
1353 645 1476 702 silentio

238 703 360 785 recitari
378 705 557 773 consuevit;
576 707 625 762 Le
644 707 775 764 Brunn
794 713 883 764 acute
898 710 1012 780 probat
1024 711 1107 766 hunc
1127 727 1245 768 morem
1265 712 1476 771 universalem

236 778 341 844 inepte
358 774 458 830 tuisse
484 779 649 843 mutatum,
672 793 743 833 cum
768 777 848 834 lust.
867 778 892 833 1.
911 779 1091 849 postulavit,
1116 787 1152 837 ut
1176 797 1275 838 canon
1302 782 1417 840 missae
1436 785 1480 840 di·

238 843 350 900 stincte
367 859 472 900 coram
483 845 601 916 populo
615 846 740 916 pietatis
753 846 935 904 excitandae
948 863 1043 905 causa
1056 850 1247 908 recitaretur.
1266 851 1343 914 (Cir.
1357 857 1482 923 praeter

236 913 443 970 litteraturam
468 916 614 985 auctoris,
632 915 660 972 J.
688 916 870 988 deaing,
898 917 1114 989 Vorlesungen
1135 920 1213 978 iiber
1238 921 1288 977 die
1307 921 1347 977 bl.
1369 921 1480 980 liesse.

238 983 450 1054 Regensburg
469 999 520 1055 pg.
539 987 592 1042 456
611 988 667 1052 ss.)

339 1053 448 1137 Neque
472 1062 739 1112 sacramentorum
765 1055 960 1127 dispensatio
985 1057 1090 1130 exigit,
1109 1065 1144 1115 ut
1165 1059 1267 1116 lorma
1293 1062 1480 1118 sacramenti

235 1123 406 1178 domestica
425 1124 647 1194 pronuntietur
664 1125 709 1182 liii
754 1141 780 1194 a,
799 1127 874 1196 quia
893 1134 1123 1184 sacramentum
1143 1129 1262 1200 gratiae
1288 1129 1478 1188 infusionem

236 1193 410 1264 respective
436 1199 642 1264 augmentum
670 1195 702 1251 ei
726 1195 768 1250 cit
794 1211 833 1252 ex
861 1211 957 1266 opere
983 1203 1122 1268 operato.
1150 1197 1242 1264 Quod
1269 1205 1479 1270 protestantes

236 1261 338 1318 dicere
357 1269 524 1334 nequeunt,
550 1264 604 1334 qui
630 1271 825 1322 sacramenta
849 1272 970 1322 tantum
998 1266 1179 1392 signiticant
1196 1274 1227 1324 et
1246 1269 1340 1324 modo
1359 1271 1480 1341 praedi·

235 1339 324 1388 cante
342 1332 486 1401 lormam,
505 1333 532 1389 si
550 1350 614 1417 qua
632 1340 770 1402 utantur,
789 1335 1003 1405 pronuntiarit.
1069 1343 1177 1394 contra
1201 1338 1371 1394 catholicus
1391 1339 1479 1396 mini·

236 1417 286 1458 ine
309 1402 445 1476 formam
469 1402 642 1476 intelligere
669 1403 778 1470 debet;
804 1404 977 1461 dummodo
997 1405 1038 1462 sit
1061 1406 1118 1463 rite
1143 1407 1326 1478 dispositus,
1352 1423 1389 1464 so
1407 1408 1477 1479 ipso

234 1471 296 1527 iam
316 1477 546 1528 sacramentum
565 1473 705 1545 percipit
724 1473 828 1539 Quare
852 1475 1030 1546 urgendum
1057 1475 1184 1546 quidam
1204 1482 1260 1540 est,
1279 1482 1314 1534 ut
1333 1482 1476 1548 pastores

235 1541 386 1612 populum
412 1542 472 1598 sibi
496 1543 700 1600 commissum
720 1543 759 1599 de
778 1559 894 1616 magno
921 1545 1067 1618 liturgiae
1095 1545 1243 1602 thesauro
1270 1547 1427 1612 edoceant,
1446 1552 1478 1603 at

235 1611 363 1668 minime
390 1614 601 1669 necessarium
631 1613 758 1670 videtur
784 1613 885 1684 ipsam
919 1621 1187 1672 sacramentorum
1221 1615 1475 1674 distributionem

235 1681 406 1738 domestica
423 1681 532 1754 lingua
553 1683 783 1740 administrare.
808 1683 1086 1741 Sacramentalium
1108 1701 1182 1740 vero
1201 1684 1353 1740 contactio
1370 1684 1478 1756 lingua
1522 1745 1526 1754 ,

235 1750 406 1808 domestica
424 1751 494 1807 lieri
514 1757 618 1822 potest
635 1759 666 1809 et
683 1752 723 1808 de
735 1753 818 1810 tacto
835 1753 928 1809 etiam
949 1754 1166 1824 compluribus
1179 1754 1255 1810 locis
1268 1754 1313 1812 iit.
1330 1755 1477 1812 Recitatio

235 1836 311 1876 vero
331 1821 487 1890 breviarii,
506 1837 577 1877 cum
596 1837 635 1878 ex
653 1821 760 1878 officio
777 1821 823 1891 fit,
843 1823 952 1880 Latine
971 1829 1019 1879 est
1037 1823 1187 1890 iacienda,
1230 1823 1292 1880 uod
1311 1824 1420 1896 utique
1433 1839 1478 1881 sc·

234 1890 363 1948 clasiae
381 1891 449 1947 suis
474 1891 628 1948 ministris
655 1891 724 1948 iure
751 1893 912 1961 postulare
940 1898 1053 1962 potsse
1082 1894 1196 2018 Quodsi
1235 1894 1321 1952 sicus
1349 1895 1480 1952 recitare

234 1958 309 2017 velit
327 1961 422 2016 horas
441 1961 613 2030 canonicas,
632 1962 710 2018 nihil
728 1961 868 2033 impedit,
886 1963 1056 2034 quominus
1073 1963 1083 2018 i
1125 1963 1232 2034 lingua
1252 1978 1309 2019 sua
1326 1962 1427 2020 iaciat.

337 2030 398 2088 His
424 2031 573 2087 omnibus
601 2031 659 2087 rite
685 2031 833 2104 expensis
865 2031 1031 2088 manifesto
1062 2040 1193 2104 apparet
1223 2047 1314 2089 usuui
1349 2032 1475 2106 liuguae

233 2099 423 2156 domesticae
451 2100 577 2156 minime
606 2117 676 2158 esse
703 2101 916 2158 necessarium
943 2101 976 2159 iii
996 2103 1111 2159 missae
1139 2101 1301 2168 sacrificio,
1325 2102 1357 2158 iii
1377 2117 1476 2160 sacra-

235 2173 411 2225 mentorum
435 2170 715 2239 administratione,
746 2170 780 2227 iii
802 2171 1074 2228 sacramentalium
1102 2171 1302 2230 coniectione.
1329 2171 1476 2228 Ecoutra

233 2239 382 2309 exiguum
402 2239 479 2297 illud
497 2239 753 2311 emolumentum,
771 2241 856 2313 quod
871 2241 1059 2298 domesticae
1072 2241 1197 2312 linguas
1210 2257 1289 2298 usus
1301 2241 1334 2299 in
1348 2241 1475 2314 liturgia

233 2309 406 2434 gasberet.
431 2310 516 2366 nullo
536 2311 630 2366 modo
648 2310 802 2384 adaequat
827 2325 943 2392 magna
960 2310 1148 2368 detrimenta
1171 2311 1301 2380 oritura,
1320 2313 1348 2367 si
1366 2311 1474 2394 lingua

279 2377 344 2433 tina
376 2377 598 2436 eliminaretur.
626 2381 779 2438 Oreretur
798 2380 929 2451 spiritus
967 2381 1230 2450 (contradictionis,
1262 2381 1475 2448 revolutionis,

233 2447 478 2530 protestationis,
515 2450 664 2533 spiritus⁸
682 2451 816 2533 recentia
849 2450 1066 2534 philosopiiiae
1100 2457 1130 2507 et
1158 2450 1389 2532 nationalitatis,
1421 2451 1474 2532 qui

232 2517 432 2644 ldn‘iildehgus
456 2535 563 2602 veram
587 2521 627 2576 de
644 2519 772 2646 liturgia
798 2521 900 2577 ideam
929 2526 1118 2590 exstirparet
1146 2526 1176 2577 et
1200 2521 1410 2591 periculosum
1431 2536 1474 2576 in·

257 2603 266 2640 i
295 2603 369 2644 eren
397 2604 500 2645 sinum
520 2606 548 2646 ei
567 2605 739 2662 suggerere

336 2675 469 2746 Accedit,
482 2677 642 2733 ecelesiam
656 2693 720 2734 non
729 2678 873 2734 absolute
887 2678 942 2733 se'd
956 2677 1168 2734 condicionate
1181 2683 1302 2733 tantum
1316 2683 1472 2758 exoptare,

233 2750 267 2801 ut
285 2744 318 2800 iu
337 2752 604 2804 sacramentorum
618 2752 649 2803 et
662 2747 933 2803 sacramentalium
954 2746 1225 2802 administratione
1243 2745 1348 2802 omnia
1366 2745 1473 2828 lingua

233 2814 342 2870 Latina
362 2831 437 2885 pera
460 2820 562 2872 antur.
581 2815 672 2881 Quod
691 2817 759 2872 luce
775 2815 947 2872 meridiana
960 2816 1074 2872 elarius
1088 2821 1172 2886 patet
1184 2831 1223 2872 ex
1236 2829 1297 2871 usu
1312 2829 1473 2871 variorum

232 2884 392 2940 ritualium
446 2901 683 2943 ioecesauorum
712 2887 829 2941 Romae
856 2886 1114 2956 approbatorum.
1144 2885 1193 2940 lta
1219 2901 1245 2940 s.
1275 2901 1303 2954 g.
1332 2885 1476 2940 Manuale

232 2953 349 3010 rituum
363 2954 515 3011 dioecesis
529 2956 699 3023 Pragensis
710 2971 749 3010 ex
759 2957 810 3011 sti
821 2955 945 3026 paginis
961 2957 1012 3011 160
1025 2961 1170 3010 numerat
1191 2954 1354 3010 Bohemica
1369 2953 1476 3024 lingua

233 3039 272 3078 ex
295 3039 411 3080 reseas.

273 3040 294 3094 p
335 3089 444 3166 Neque
471 3099 593 3150 constat
630 3094 823 3150 sacerdotem
850 3093 951 3150 luisse
978 3109 1127 3164 uinquam
1159 3093 1472 3162 excommunicatum,

232 3163 306 3232 quia
324 3178 403 3218 usus
431 3163 472 3219 sit
495 3163 603 3234 lingua
627 3164 799 3219 domestica
816 3164 848 3220 in
868 3161 1127 3220 administrandis
1152 3161 1364 3219 sacramentis.
1394 3161 1474 3218 Sunt

231 3232 386 3304 regiones,
403 3233 435 3288 iu
454 3233 571 3304 quibus
590 3231 709 3290 nostris
727 3233 913 3304 praesertim
933 3232 1130 3302 temporibus
1156 3230 1290 3287 multum
1316 3233 1472 3288 desudant

232 3303 410 3358 sacerdotes
433 3303 465 3359 iii
493 3303 720 3360 introducenda
755 3303 861 3370 lingua
896 3302 1068 3359 domestica
1095 3301 1126 3357 in
1145 3300 1282 3372 liturgia,
1310 3305 1342 3356 at
1360 3301 1468 3372 populi

231 3371 478 3430 aedificationem
510 3373 542 3428 hi
571 3379 701 3429 conatus
733 3373 860 3430 mininie
890 3375 1014 3443 augent.
1047 3371 1086 3427 Et
1113 3377 1278 3452 provocat.
1291 3375 1402 3451 auctor
1429 3371 1469 3426 ad

233 3441 398 3498 Bohemiae
417 3442 578 3514 populum,
596 3442 652 3498 ubi
671 3444 769 3499 multa
786 3443 819 3499 iu
838 3459 872 3499 re
886 3443 1128 3498 sacramentaria
1140 3439 1246 3496 nativa
1258 3440 1366 3512 hugus
1379 3439 1469 3508 irunt

230 3511 318 3566 etad
338 3511 496 3568 lioraviae
513 3517 632 3583 gentes,
650 3512 706 3568 ubi
724 3513 790 3570 lere
808 3512 926 3584 ubique
950 3511 1036 3567 iuxta
1054 3511 1218 3592 antiquum
1239 3509 1334 3565 ritum
1361 3507 1469 3566 Latine

231 3587 425 3638 sacramenta
437 3587 468 3638 et
480 3581 716 3638 sacramentalia
734 3581 1004 3638 administrantur.
1023 3579 1079 3636 llle
1099 3594 1251 3636 minorem
1271 3578 1469 3638 devotionem

230 3651 440 3722 pietatemque
458 3651 593 3707 exhibet
1293 3718 1300 3730 ·
1444 3717 1450 3729 Ι

333 3720 487 3793 Linguam
507 3721 539 3776 in
558 3735 619 3777 usu
638 3721 793 3777 cotidiano
811 3737 874 3777 uon
894 3719 1079 3776 existentem
1099 3722 1273 3788 exposcunt
1292 3717 1471 3802 inliturgia

230 3790 389 3861 mysteria,
416 3807 455 3846 ne
475 3791 590 3846 scilicet
615 3791 656 3846 ab
683 3791 865 3847 hominibus
894 3789 1109 3860 profanentur.
1141 3787 1252 3844 Omnis
1281 3787 1391 3858 religio
1421 3801 1471 3843 res

231 3864 355 3916 sanctas
372 3860 412 3916 ali
436 3876 477 3916 uo
503 3861 596 3916 modo
616 3867 741 3930 separat
760 3861 800 3916 ab
818 3877 880 3916 usu
908 3858 1050 3942 prolano,
1078 3857 1163 3928 quod
1189 3873 1228 3940 ex
1248 3857 1473 3924 Romanorum,

230 3929 400 3996 Gallorum,
452 3930 731 3989 uhainedanorum.
751 3931 1002 3986 Brahmanorum
1018 3929 1149 3984 historia
1162 3932 1239 3982 satis
1271 3931 1342 3983 atet.
1354 3925 1472 3982 Auctor

229 3999 383 4070 explanat,
411 4001 571 4070 quomodo
599 3999 709 4056 Latina
723 3993 841 4070 'lingua
870 3999 1034 4068 aptissima
1058 3998 1107 4065 sit,
1148 4011 1206 4052 uae
1231 3943 1384 4079 cremento
1412 4010 1471 4078 suo

229 4069 362 4138 mystico
391 4069 551 4140 liturgiam
583 4070 685 4141 magis
704 4075 842 4126 sanctam
862 4069 1113 4139 illibatamquer
1153 4067 1215 4122 dat.
1235 4065 1398 4148 Homines,
1416 4081 1470 4136 qui

228 4137 334 4194 vocari
354 4137 454 4195 solent
484 4139 723 4210 ‘intelligentem
744 4139 819 4194 dicit
837 4139 943 4209 pleros
967 4153 1006 4193 ue
1025 4137 1134 4193 atheos
1154 4151 1239 4202 esse,
1263 4140 1337 4191 item
1364 4148 1471 4206 opera·

228 4207 301 4334 {gg
337 4208 398 4291 Qui
424 4214 554 4335 ἦξεῐιιιῐ
591 4209 708 4265 nullam
746 4209 911 4280 patiuntur
945 4154 1167 4263 ‘difficultatem
1196 4221 1235 4261 ex
1254 4220 1314 4261 usu
1345 4205 1470 4276 linguae

297 4293 356 4335 nae
374 4295 406 4335 ιιι
461 4295 501 4335 ur
535 4296 562 4335 a.

332 4349 452 4413 Quodsi
471 4295 607 4406 otffcitur
624 4349 736 4420 primia
755 4348 900 4404 ecclesiae
920 4347 1052 4403 saeculis
1071 4345 1171 4401 fuisse
1198 4343 1337 4416 linguam
1364 4342 1471 4424 dome:

228 4417 336 4474 sticaiu
356 4419 503 4475 usitatam
522 4419 555 4474 in
574 4423 638 4474 tota
656 4419 793 4490 liturgia,
812 4417 954 4474 Latinam
969 4415 1019 4473 vel
1033 4415 1193 4480 Graecam,
1212 4411 1383 4482 respondet
1409 4417 1470 4494 etsi

227 4486 285 4543 hoc
303 4492 432 4558 constet,
451 4493 555 4544 tamen
574 4503 613 4544 ex
631 4488 690 4544 alia
709 4492 798 4558 parte
816 4491 959 4544 constare
978 4485 1120 4568 viguisse
1138 4481 1334 4553 disciplinam
1354 4495 1467 4536 arcarii.

226 4555 266 4611 nt
283 4573 347 4613 non
366 4562 443 4628 puto
462 4558 542 4614 bene
560 4560 618 4614 liac
636 4557 756 4612 ratione
766 4571 861 4626 posse
880 4555 961 4612 solvi
980 4555 1194 4622 obiectionem,
1222 4567 1292 4634 euni
1318 4550 1382 4605 duo
1401 4548 1467 4604 lere

227 4627 350 4682 macula
368 4627 436 4684 sine
453 4629 559 4684 arcani
578 4625 744 4697 disciplina
766 4624 894 4682 ecclesia
919 4625 1056 4696 viguerit
1081 4627 1111 4680 ct
1129 4630 1234 4679 tamen
1259 4621 1366 4690 lingua
1397 4633 1465 4674 vei·-

226 4695 335 4752 uacula
353 4697 386 4752 in
404 4712 466 4754 usu
485 4697 587 4753 inerit.

330 4783 449 4840 Deinde
476 4799 493 4840 e
517 4782 763 4840 charismatibus
791 4781 877 4838 ducit
904 4785 1013 4838 auctor
1038 4783 1261 4851 argumentum
1282 4790 1341 4858 pro
1375 4789 1477 4844 oppoi·

226 4851 357 4909 trinitate
368 4853 494 4925 linguae
507 4852 643 4910 Latinae.
663 4851 885 4923 Quaecumque
897 4854 946 4906 est
958 4849 1094 4906 essentia
1107 4849 1219 4902 horum
1235 4845 1460 4901 charismatum

275 4975 335 5019 Sisi.
348 4975 391 5019 uit
402 4975 473 5019 theol.
1267 4933 1285 4988 8
