3450 5342
701 409 891 464 -211-

275 589 327 645 Dr.
349 589 397 646 Fr.
416 590 542 660 Koraos,
567 589 732 662 tamtarn
750 605 768 647 r
786 592 968 663 argeus-u
986 591 1044 651 vti
1062 589 1294 650 adveniunt
1320 589 1417 646 Theo

162 659 272 730 logias
284 661 372 715 locus
385 659 468 716 inter
480 658 662 730 disciplinas
676 661 881 717 universitate
895 662 1147 730 comprehensas.
1161 661 1212 715 Pr.
1228 661 1294 716 1907
1309 675 1329 729 p
1355 701 1360 712 .
1374 661 1418 714 21.

277 730 332 785 lus
357 729 416 784 loci
444 730 564 800 proprii
584 730 615 784 in
634 730 840 786 universitate
868 730 1042 800 theologiae
1068 729 1236 785 catholicae
1265 729 1318 784 vin
1342 727 1418 784 icari

162 804 275 924 potest
304 799 352 854 val
372 799 422 866 ita,
442 804 477 854 ut
494 800 680 856 ostendatur
705 799 892 870 theologiam
919 799 1100 856 catholicam
1120 805 1151 854 et
1172 814 1278 854 veram
1299 813 1370 854 esse
1387 802 1419 854 et

179 869 312 925 ontibus
332 883 424 924 verae
450 868 649 924 revelationis
674 869 763 925 inniti
790 875 820 924 at
844 886 883 926 ue
907 875 1043 940 utroque
1068 869 1162 924 modo
1187 867 1416 925 consideratam

163 938 252 996 inter
270 937 453 1008 disciplinas
472 952 489 993 a
509 943 611 993 mente
632 939 767 994 humana
786 886 885 994 auitas
899 940 1036 1010 primum
1053 943 1159 994 tenere
1177 939 1288 1005 locum,
1303 937 1418 1005 velita,

164 1013 203 1063 ut
227 1006 464 1064 demonstretur
488 1007 725 1076 disciplinarum
751 1009 783 1064 in
809 1008 1015 1065 universitate
1044 1007 1278 1064 tractandarum
1304 1013 1335 1063 et
1353 1021 1416 1062 non

164 1077 402 1134 tractandarum
430 1076 590 1133 criterium
618 1093 680 1132 nou
699 1091 769 1134 esse
789 1078 1042 1134 dissentientium
1062 1078 1144 1133 inter
1164 1093 1198 1132 se
1217 1075 1417 1146 philosopho·

164 1163 239 1202 rum
260 1147 431 1202 sententias
451 1146 505 1202 sed
525 1146 615 1202 unice
635 1148 763 1203 modum
784 1163 877 1204 verae
896 1148 1056 1203 doctrinae
1076 1147 1251 1216 proprium,
1269 1161 1334 1228 quo
1349 1161 1417 1201 eru·

166 1216 243 1284 dite,
276 1215 440 1284 subtiliter,
471 1221 613 1271 accurate
640 1217 743 1272 omnis
774 1218 917 1288 quaestio
948 1223 1108 1283 tractatur,
1140 1233 1197 1272 nec
1225 1214 1417 1271 divisionum

165 1285 200 1340 in
221 1285 383 1341 facultates
410 1285 562 1341 rationem
588 1301 658 1342 esse
677 1286 863 1342 divisionem
891 1285 1127 1356 disciplinarum
1153 1286 1271 1341 abhoc
1299 1285 1346 1341 vel
1366 1283 1418 1340 illo

167 1355 358 1425 philosopho
378 1360 535 1420 statutam,
555 1371 665 1410 verum
680 1356 723 1411 rei
739 1356 902 1411 utilitatem
922 1372 957 1411 ac
975 1356 1202 1412 necessitatem.
1231 1355 1309 1411 Cum
1330 1354 1418 1424 prior

168 1424 222 1479 via
241 1426 280 1480 ab
299 1439 316 1480 a
340 1424 544 1496 gressoribus
563 1441 688 1495 qunque
708 1425 837 1492 ineatur,
861 1425 998 1497 scriptor
1016 1425 1111 1481 huius
1129 1424 1233 1492 libelli,
1252 1423 1297 1478 rei
1316 1425 1418 1480 catho-

166 1493 246 1549 licae
273 1441 423 1550 deffensor
449 1493 596 1564 optimus,
622 1499 706 1550 totus
734 1501 880 1550 versatur
904 1494 936 1551 in
956 1495 1203 1550 demonstrando
1229 1492 1417 1563 theologiam

168 1562 362 1631 catholicam,
387 1564 413 1617 si
439 1579 514 1619 vera
539 1564 579 1618 sit
608 1595 636 1602 -
671 1564 756 1634 quod
782 1564 891 1635 utique
919 1565 978 1619 hoc
1005 1564 1108 1620 libello
1134 1564 1417 1620 demonstrandum

169 1647 234 1688 non
248 1639 338 1688 est·
352 1647 421 1688 esse
435 1632 673 1689 tundamentum
686 1635 825 1690 omnium
842 1635 973 1690 aliarum
993 1634 1239 1716 disciplinarum.
1253 1633 1418 1688 Praeterea

169 1708 365 1771 argumenta,
384 1701 501 1772 quibus
520 1703 694 1759 adversarii
713 1703 824 1759 docere
843 1710 1005 1772 conantur,
1030 1709 1181 1759 rationem
1208 1701 1419 1772 theologiaea

169 1770 313 1827 doctrina
344 1771 475 1827 alienam
504 1787 582 1837 esse,
614 1772 737 1828 relutat.
772 1773 831 1838 Qui
861 1772 1037 1829 adversarii
1064 1773 1145 1828 caeci
1174 1771 1279 1828 studio
1311 1777 1341 1826 et
1371 1771 1419 1826 ira

170 1840 321 1896 videntur
344 1856 423 1906 esee,
451 1857 530 1910 oum,
564 1841 589 1896 si
614 1842 766 1912 prodesse
793 1843 915 1910 vellent,
939 1858 958 1897 a
984 1857 1113 1898 munere
1137 1841 1268 1898 docendi
1295 1840 1418 1910 plebem

170 1925 226 1965 eos
251 1909 356 1980 potius
387 1925 492 1966 arcere
515 1911 673 1978 deberent,
703 1912 758 1982 qud
784 1913 912 1979 minore,
946 1927 1040 1982 quam
1069 1927 1149 1982 quae
1180 1909 1418 1967 universitatem

172 1981 270 2046 decet,
304 1980 500 2036 accuratione
530 1979 689 2036 doctrinae
723 1981 762 2036 de
790 1983 854 2037 Deo
881 1997 1009 2051 operam
1036 1981 1119 2048 dant,
1155 1997 1217 2036 nou
1245 1977 1419 2036 subtilioris

173 2049 360 2104 eruditionis
385 2050 504 2132 copiam
526 2049 604 2105 velle
631 2049 797 2121 impedire;
828 2051 974 2107 scientiae
998 2051 1161 2122 penuriam
1181 2050 1419 2120 exprobrarent,

173 2133 236 2172 non
262 2118 381 2189 copiam
407 2134 474 2174 eius
493 2119 658 2190 {augmenti
678 2120 798 2190 eripere
817 2127 1014 2176 conarentur.
1042 2152 1073 2160 —
1095 2120 1201 2176 Simile
1220 2118 1292 2174 huie
1316 2117 1420 2173 libello

174 2194 397 2258 argumentum
417 2194 568 2244 tractatur
587 2189 617 2244 in
633 2189 772 2245 eiusdem
794 2191 958 2260 scriptoris
977 2190 1082 2245 libello
1101 2190 1286 2246 Germanico
1308 2186 1419 2242 »Theo

173 2257 256 2327 logie
290 2258 353 2312 und
383 2258 583 2328 Philosophia
617 2259 648 2314 in
677 2259 762 2315 ihrer
795 2277 833 2314 or
855 2260 1003 2315 anischen
1027 2260 1233 2328 Verbindung
1267 2257 1323 2313 mit
1347 2257 1418 2312 dem

174 2333 369 2395 gesammten
390 2328 514 2383 Wissen
533 2329 599 2383 und
619 2329 722 2384 Leben
742 2330 798 2384 der
850 2330 1026 2385 enschheit«
1049 2330 1131 2398 Prag
1152 2331 1218 2384 1907
1237 2343 1288 2397 pp.
1307 2328 1349 2382 22.

656 2503 939 2584 nonomen.
1357 2397 1385 2450 V*

278 2658 466 2744 Mnemon
484 2657 726 2726 Stroszewati
751 2661 906 2732 fitozohe
922 2664 981 2731 tw.
997 2663 1188 2748 hupuetyna
1200 2678 1244 2730 na
1254 2658 1302 2727 tta
1315 2659 1420 2744 apoll,

176 2745 406 2832 (Philosophia
436 2764 462 2814 a.
485 2748 657 2834 Augustini
690 2748 721 2816 ln
751 2749 824 2817 luae
848 2749 1023 2834 epochae).
1053 2751 1194 2823 Kretea,
1225 2749 1337 2828 Salika
1359 2769 1421 2828 wy-

176 2836 328 2896 dawuicza
350 2837 463 2916 poleka
489 2841 580 2910 1905,
604 2859 689 2918 pagg.
714 2841 785 2910 386,
802 2860 879 2916 mag.
902 2835 946 2910 ⁸⁰,
962 2841 1088 2917 pretium
1113 2841 1131 2896 ἴ)
1154 2859 1212 2897 cor.

284 2941 402 3014 Auctor,
426 2941 573 3020 professor
595 2941 761 3002 ordinarius
785 2943 990 3021 philosophiae
1014 2945 1045 3000 in
1068 2944 1262 3000 universitate
1293 2939 1419 3017 lagello-

177 3031 245 3087 nica
268 3028 439 3099 Orucoviae,
462 3028 538 3086 libro
560 3029 616 3086 hoc
638 3031 851 3108 praelectiones
874 3051 950 3101 suas,
973 3051 1046 3108 (luas
1069 3049 1094 3089 a.
1131 3029 1244 3101 latiale
1269 3025 1420 3098 habuerat,

177 3115 296 3192 collegit
326 3124 355 3173 et
385 3115 480 3173 edidit
510 3117 604 3173 forma
636 3119 726 3176 etiam
761 3120 992 3196 praelectionum
1026 3126 1149 3174 retentu.
1181 3113 1272 3172 Liber
1305 3123 1420 3171 constat

179 3206 215 3260 12
240 3201 495 3280 praelectionibus,
524 3223 647 3281 quarum
677 3213 814 3281 quattuor
838 3207 948 3284 priores
972 3213 1040 3262 sunt
1063 3202 1208 3281 quaedam
1239 3199 1417 3258 introductio

176 3289 212 3347 ad
241 3289 458 3367 philosophiam
483 3311 505 3347 e.
528 3291 690 3368 Augustini
720 3292 825 3350 melius
856 3290 1090 3367 intelligendam.
1119 3291 1142 3347 Ι.
1167 3286 1352 3346 Describitur
1373 3285 1419 3342 hi-

178 3379 267 3435 storia
288 3385 319 3434 et
340 3377 493 3434 character
515 3377 720 3456 philosophiae
743 3379 875 3436 Graecae
899 3393 968 3436 ante
991 3377 1143 3437 Christum
1166 3386 1275 3434 netum.
1300 3373 1339 3432 ΙΙ.
1363 3373 1420 3430 lie-

180 3464 249 3540 ligio
272 3463 434 3522 christiana
457 3465 578 3542 eiusque
600 3467 752 3544 primitiva
775 3464 917 3523 habitudo
940 3465 978 3524 ad
1001 3463 1228 3543 philosophiam.
1252 3461 1421 3520 Necessitas

180 3549 358 3608 defendendi
390 3551 562 3628 religionem
594 3550 786 3610 christianam
811 3574 828 3610 a
851 3552 1035 3630 philosophis
1066 3548 1286 3629 aggressoribus
1319 3546 1422 3625 genuit

179 3636 393 3716 philosophiam
422 3637 622 3697 christianam.
650 3639 836 3698 Describitur
863 3641 926 3698 eiua
954 3639 1084 3697 evolutio
1111 3636 1228 3696 saeculo
1256 3636 1287 3693 ΙΙ
1310 3646 1340 3692 et
1364 3633 1420 3704 III,

182 3726 299 3801 eiusque
324 3724 428 3781 relatio
450 3723 487 3780 ad
510 3726 741 3800 gnosticismum,
768 3727 1041 3796 manichaeismum,
1071 3725 1344 3802 neoplatonismum.
1365 3721 1422 3778 ΠΙ.

181 3810 274 3886 Quale
297 3821 476 3868 momentum
499 3810 538 3868 ad
561 3811 777 3890 philosophiam
801 3814 994 3872 christianam
1017 3811 1153 3869 habuerit
1174 3812 1238 3869 vita
1260 3809 1423 3867 monastica

180 3895 350 3970 ostenditur,
374 3899 520 3956 maximus
530 3918 701 3975 progressus
724 3901 932 3978 speculationis
944 3899 1123 3958 christianae
1146 3899 1178 3955 in
1188 3896 1305 3956 saeculo
1318 3895 1360 3952 lv
1372 3893 1423 3952 de·

181 3983 322 4043 scribitur.
344 3984 397 4041 IV.
420 3985 480 4042 Res
502 3983 640 4062 politicae
663 3996 692 4043 et
715 3987 839 4046 sociales
862 3986 900 4044 ab
923 3985 1097 4046 Alexandro
1112 3985 1153 4042 M.
1171 4005 1262 4062 usque
1278 3982 1316 4041 ad
1332 3982 1421 4040 finem

181 4071 287 4130 saeculi
314 4070 357 4127 lv
380 4091 407 4148 p.
431 4070 486 4128 Ch.
511 4092 538 4129 u.

286 4157 489 4216 Praeiectione
523 4157 558 4215 V.
590 4160 648 4217 iam
681 4163 785 4238 incipit
817 4171 959 4219 tractatus
987 4159 1024 4217 de
1056 4161 1119 4238 ipso
1154 4159 1329 4236 Augustino.
1361 4156 1422 4212 Ile-

180 4248 285 4323 saripto
309 4245 433 4322 primum
457 4255 534 4302 statu
557 4245 678 4304 Africae
701 4249 950 4326 septentrionalis,
974 4249 1036 4305 vita
1058 4268 1080 4304 s.
1105 4248 1241 4304 Doctoris
1256 4241 1423 4312 exhibetur,

181 4333 313 4391 educatio
335 4333 406 4403 eius,
430 4330 558 4389 influxus
581 4335 665 4405 varii,
689 4336 861 4412 praesertim
891 4333 1161 4411 neoplatouicorum
1185 4341 1214 4390 et
1237 4329 1425 4388 manichaeo-

181 4441 250 4478 rum.
276 4419 326 4476 Vl.
348 4419 479 4476 'l'heoria
501 4420 679 4495 cognitionis
709 4423 937 4498 Augustiniana,
961 4420 1096 4478 doctrina
1117 4417 1154 4476 de
1178 4419 1312 4487 veritate,
1336 4416 1425 4472 certi-

181 4505 289 4576 tudine,
313 4505 477 4584 mediisque
501 4505 577 4563 hauc
600 4508 807 4565 certitudinem
831 4506 1013 4584 acquirendi.
1038 4506 1151 4564 Iudicio
1167 4505 1301 4575 auctoris,
1325 4523 1347 4560 s.
1364 4503 1426 4558 Au-

182 4595 322 4670 guatinas,
347 4592 433 4650 homo
457 4594 575 4650 criticus
598 4614 690 4672 usque
713 4593 750 4652 ad
774 4597 1002 4672 scepticismum,
1026 4591 1220 4651 nihilominus
1248 4586 1426 4647 certitudine

183 4678 335 4738 subiectivi
366 4680 437 4738 iacti
468 4681 645 4739 existentiae
678 4683 813 4760 propriae
844 4682 1022 4758 scepticismi
1057 4678 1221 4737 doctrinam
1257 4675 1426 4754 prostravit.
