3450 5342
822 335 991 390 ..14—

385 513 591 570 Posterior
611 517 830 572 commentatio
849 523 898 572 est
916 518 955 571 dc
996 518 1156 574 uaestione
1173 517 1476 588 ucetico-theologica
1494 518 1528 572 in

280 581 420 662 Blatonis
439 583 635 654 philosophia
654 586 693 652 (J.
713 585 954 654 Kratochvil,
973 534 1332 658 doetichotheotogicka
1351 586 1469 642 zahada
1490 604 1529 643 ve

278 650 406 706 filosofii
428 653 619 720 Platonovel.
640 655 747 726 Neque
766 656 798 711 in
818 657 876 712 hac
894 673 963 712 cum
985 656 1133 712 omnibus
1148 657 1241 712 rebus
1260 656 1438 712 consentire
1456 673 1528 726 pos·

279 735 399 776 sumus.
438 723 470 776 P.
489 723 593 778 tit-2
621 726 748 794 exponit
768 725 927 781 Platonem
948 726 1107 781 criterium
1135 725 1276 782 veritatis
1297 727 1445 781 statuisse
1464 727 1528 781 eai-

278 789 426 870 dentiam.
465 793 526 846 Nec
545 793 683 850 seusatio
709 795 748 850 ad
769 795 910 851 veritatis
936 795 1145 865 cognationem
1166 794 1284 850 sufficit
1309 810 1366 850 nec
1386 796 1528 850 subiecti·

278 875 401 915 vrsmus
422 877 477 916 seu
498 861 622 932 Skepsis
642 863 827 933 sophistica;
860 871 963 919 tamen
983 871 1066 920 certe
1087 865 1248 930 possibilis
1273 871 1322 919 est
1340 865 1476 934 cognitio
1497 874 1528 920 et

277 930 452 1000 acquiritur
473 947 582 1001 reapse
606 933 786 988 notionibus
808 933 1050 990 uniuersalibus.

383 998 462 1055 Sunt
477 1002 550 1056 iraee
564 1002 715 1058 eiernenta
730 1019 768 1057 ex
783 1003 958 1066 Theaeteto,
976 1004 1031 1057 sed
1048 1009 1151 1059 minus
1167 1005 1245 1058 bene
1261 1002 1418 1072 explicata.
1438 1003 1527 1059 Plato

277 1067 430 1150 dtocettibi
450 1085 504 1124 neo
529 1087 567 1124 ex
587 1069 654 1140 ipse
675 1072 853 1128 sensatione
882 1088 938 1128 nec
956 1089 991 1128 ex
1019 1073 1079 1128 ulla
1098 1072 1288 1154 operatione.
1319 1072 1446 1140 quaein
1474 1073 1528 1128 illa

277 1142 337 1192 sita
357 1145 396 1193 stt
425 1155 471 1194 tex
492 1140 569 1194 risis
589 1156 739 1197 eorumve
758 1142 985 1198 coniunctione)
1013 1141 1219 1212 cognitionem
1241 1142 1318 1196 oriri
1338 1158 1440 1211 posse.
1477 1143 1528 1197 Ita

280 1207 361 1261 enim
383 1209 548 1264 haeremus
569 1211 650 1265 iutra
670 1209 789 1266 fluxum
810 1217 940 1267 naturae
960 1229 1060 1266 rerum
1081 1213 1272 1267 continuum.
1309 1212 1420 1278 Imm0,
1449 1211 1528 1266 siin

279 1275 372 1331 nobis
402 1293 464 1332 uon
485 1285 566 1333 esset
596 1281 681 1334 notio
701 1281 921 1346 similitudinis,
954 1297 1016 1336 non
1036 1297 1202 1350 possemus
1230 1282 1310 1336 duas
1330 1297 1381 1336 res
1409 1280 1528 1336 similes

278 1360 356 1426 esse¹
368 1362 568 1414 cognoscere,
601 1351 685 1404 notio
704 1350 808 1418 igitur,
841 1351 1018 1406 universale
1037 1351 1176 1406 ctindicio
1195 1352 1338 1405 absoluta
1356 1356 1405 1405 est
1424 1351 1530 1420 cogni·

280 1420 375 1469 ttoms
402 1417 442 1472 rei
463 1417 640 1486 singularis,
670 1420 866 1476 serrastionis.
904 1421 963 1485 Qui
983 1421 1141 1475 notionem
1169 1421 1283 1475 iudicat
1302 1419 1414 1489 aliquid
1446 1435 1529 1475 mere

278 1483 406 1541 formale
423 1492 453 1541 et
467 1501 517 1541 res
538 1489 686 1558 singulas,
706 1505 782 1559 quae
802 1489 949 1546 sensibus
968 1490 1192 1560 percipiuntur,
1213 1491 1296 1543 solas
1317 1488 1425 1556 reales,
1443 1489 1472 1542 ei
1491 1489 1526 1544 in

280 1554 451 1612 referendis
469 1557 604 1611 diversis
625 1559 804 1615 notionibus
825 1561 924 1628 (velut
941 1560 1078 1626 unitatis,
1105 1559 1312 1614 multitudinis
1336 1590 1361 1597 --
1384 1558 1526 1613 similitu-

280 1624 372 1692 dinis,
390 1625 666 1696 dissimilitudinis)
688 1629 726 1683 ad
747 1644 811 1683 rem
834 1629 963 1684 eandem
985 1630 1060 1684 nihii
1085 1639 1134 1684 est
1152 1629 1276 1699 negotii.
1314 1628 1465 1697 Cogitatio
1484 1627 1531 1684 ita

283 1695 404 1750 salvata
433 1695 560 1750 videtur
587 1713 664 1764 esse,
697 1713 807 1768 reapse
826 1705 929 1752 tamen
959 1698 1074 1754 veritas
1102 1698 1298 1767 cogitationis
1328 1699 1444 1766 perdita
1468 1703 1528 1763 est,

281 1763 479 1834 philosophia
499 1766 598 1821 erasit
616 1766 771 1822 dialectica
787 1767 965 1836 sophistica.
987 1768 1048 1822 Res
1062 1767 1229 1836 singularis
1247 1767 1335 1822 facile
1348 1774 1379 1821 et
1397 1767 1528 1822 unitatis

280 1841 329 1902 (ex
348 1849 409 1889 uua
429 1842 528 1903 parte)
548 1843 577 1890 et
597 1837 803 1892 multitudinis
826 1851 875 1900 tex
893 1837 1002 1895 alterat
1022 1837 1178 1906 particeps
1197 1853 1267 1892 esse
1308 1843 1398 1900 otest;
1429 1843 1469 1903 at,
1498 1837 1527 1890 si

279 1902 436 1958 notionem
468 1921 530 1974 qua
550 1905 705 1961 notionem
737 1907 882 1988 (redupll
902 1908 1067 1973 sumimus
1095 1907 1262 1960 diversitas
1281 1853 1317 1961 dt
1346 1907 1530 1973 incompati-

280 1973 350 2028 bilis
369 1975 587 2028 contrarietas:
614 1975 771 2044 quomodo
791 1991 872 2030 emm
893 1991 991 2031 unum
1011 1991 1070 2044 qua
1089 1991 1185 2030 uuum
1208 1976 1300 2030 simul
1322 1975 1452 2031 muitum
1473 1991 1528 2043 po

278 2042 350 2098 terit
369 2045 462 2097 esse?
483 2041 602 2108 Quodsi
622 2043 653 2098 id
673 2060 743 2100 esse
763 2045 878 2115 nequit,
898 2050 986 2100 estne
1007 2046 1186 2110 tumendum
1208 2045 1308 2100 solum
1329 2045 1529 2111 alterutrum,

278 2127 374 2167 unum
390 2119 444 2166 aut
463 2113 605 2180 inuitum,
624 2129 663 2168 an
678 2121 847 2184 utrumque
869 2115 1055 2170 mittendum
1072 2114 1173 2182 itaque
1187 2115 1348 2170 existentia
1363 2115 1525 2169 notionum

278 2181 503 2236 universalium
519 2183 659 2252 neganda
679 2199 794 2253 eaeque
808 2200 892 2239 mere
905 2184 1055 2238 formales
1071 2185 1254 2239 habendae?
1276 2184 1344 2238 Hoc
1356 2184 1410 2254 qui
1431 2183 1526 2250 ponit,

276 2251 469 2306 constantiae
480 2267 573 2306 causa
584 2252 814 2308 conclusionem
827 2253 1021 2308 Antisthenis
1032 2253 1238 2323 amplectatur
1250 2252 1355 2321 (Soph.
1367 2270 1395 2322 p.
1406 2257 1464 2319 251,
1477 2253 1525 2310 Bu

280 2321 368 2375 Plato
388 2329 490 2374 autem
512 2329 619 2376 contra
638 2322 853 2378 Aritisthenem
875 2338 982 2377 veram
1002 2323 1215 2378 definitionem
1241 2332 1286 2378 τοῦ
1305 2328 1386 2394 λόγου
1405 2322 1524 2385 statuit,

278 2405 338 2458 qua
358 2405 387 2459 p.
407 2391 466 2456 260,
485 2391 511 2445 Α
538 2392 638 2459 ipsam
655 2391 890 2472 philosophiam
909 2393 1059 2447 contineri
1079 2392 1160 2459 dicit,
1183 2398 1351 2462 postquam
1371 2391 1432 2447 iam
1453 2407 1525 2461 pag.

277 2461 338 2527 253,
366 2460 389 2513 Α
419 2459 535 2514 diserte
557 2467 677 2515 monuit
701 2462 731 2516 in
751 2477 786 2516 ea
805 2462 988 2532 quaestione
1010 2467 1109 2517 totum
1130 2462 1251 2517 versari
1263 2463 1294 2526 ²).
1330 2465 1359 2513 ‘0
1378 2466 1458 2532 λόγος,
1476 2466 1526 2514 οὐκ

275 2533 398 2598 ὀνομάζει
416 2535 500 2596 μόνον,
525 2534 599 2583 ἀλλὰ
616 2537 732 2597 παραίνει
748 2551 785 2597 τις
818 2535 905 2603 λόγος,
933 2529 1116 2600 propositio
1140 2547 1202 2586 non
1222 2540 1271 2586 est
1289 2531 1370 2585 idern
1391 2546 1427 2585 ac
1444 2529 1525 2585 iudi-

277 2599 357 2653 cium
375 2601 467 2666 (δόξα),
486 2599 571 2668 quod
591 2615 658 2654 com
684 2601 791 2656 onitur
804 2601 944 2656 subiecto
961 2606 992 2656 et
1005 2601 1191 2670 praedicato,
1212 2600 1267 2656 sed
1282 2607 1331 2654 est
1349 2600 1525 2655 coniunctio

278 2667 413 2723 nominis
438 2675 466 2722 et
494 2667 590 2724 verbi.
621 2615 682 2734 (οἷ
700 2669 837 2738 Classen,
867 2671 911 2724 De
931 2686 1063 2739 gramm.
1084 2671 1190 2726 Graec.
1215 2668 1398 2740 primordiis
1421 2685 1450 2740 p.
1468 2672 1525 2733 45).

279 2737 323 2793 Re
347 2736 455 2792 etitum
483 2743 510 2791 ἓν
529 2743 556 2791 ἓν
582 2754 643 2794 non
664 2739 789 2806 sufficit,
822 2739 905 2794 aliud
925 2739 1047 2808 aliquid,
1078 2739 1257 2794 distinctum
1279 2741 1319 2793 ab
1344 2739 1396 2792 iilo
1415 2744 1451 2804 ἓν,
1478 2754 1526 2792 ar-

277 2823 311 2863 ce
335 2812 366 2862 at
385 2823 512 2862 necesse
531 2815 587 2874 est,
607 2811 740 2864 verbum
761 2815 822 2874 tou,
841 2814 876 2864 ut
895 2809 1041 2878 cogitatio
1060 2810 1217 2878 procedat;
1238 2809 1269 2864 id
1289 2808 1414 2877 dialogo
1435 2809 1524 2862 ›Par-

279 2876 416 2932 menide‹
444 2879 631 2935 ostenditur.
669 2878 818 2935 Oratione
842 2878 940 2948 igitur,
972 2883 1054 2949 λὰγφ,
1086 2879 1140 2948 qui
1160 2885 1194 2933 ut
1219 2884 1267 2933 est
1288 2877 1424 2932 nominis
1452 2893 1521 2932 cum

279 2947 377 3000 verbo
397 2949 572 3004 coniunctio
592 2955 622 3005 et
641 2954 675 3004 ut
695 2965 711 3002 a
731 2949 850 3003 formali
871 2963 928 3003 sua
948 2949 1067 3003 ratione
1086 2963 1115 3014 ta
1133 2953 1206 3010 total
1227 2947 1342 3013 differt,
1367 2962 1522 3001 summam

276 3015 522 3072 contrarietatem
544 3018 732 3073 dialecticam
757 3018 983 3088 categoriarum
1004 3026 1049 3072 mo
1073 3033 1143 3072 esse
1162 3023 1192 3071 et
1219 3022 1322 3071 motus
1343 3022 1520 3086 superatam

275 3085 420 3144 continet.
438 3086 565 3141 erientia
584 3087 741 3142 dialectica
764 3093 873 3156 (νόησις)
894 3086 1051 3142 firmatur.
1092 3087 1233 3142 Doctrina
1253 3087 1291 3140 de
1310 3085 1523 3141 recordatione

275 3169 338 3208 non
358 3161 406 3210 est
420 3155 479 3208 uisi
503 3157 637 3226 mythice
651 3157 753 3212 forma
775 3157 946 3212 sententiae
959 3157 998 3210 de
1016 3172 1096 3212 nexu
1109 3154 1307 3224 cogitationis
1327 3155 1521 3224 singulorum

276 3223 437 3279 hominum
459 3240 526 3278 crini
552 3233 653 3282 niente
675 3227 854 3296 uniuersali,
910 3242 968 3281 uae
987 3226 1019 3281 in
1039 3231 1111 3296 λόγῳ
1131 3226 1189 3280 sita
1208 3232 1256 3280 est
1301 3225 1370 3280 Non
1389 3223 1523 3279 dicimus

277 3292 442 3348 Platonem
463 3295 733 3351 traditionalistmn
754 3297 861 3364 fuisse,
881 3311 898 3350 a
924 3297 971 3362 sit,
992 3297 1046 3350 sed
1063 3303 1153 3360 certe,
1173 3295 1281 3349 saltem
1302 3295 1428 3357 inscius,
1447 3294 1522 3348 illud

276 3364 405 3444 respicit
434 3397 464 3404 -—
493 3366 575 3433 quod
597 3365 684 3420 multi
705 3365 869 3434 negligunt
897 3397 928 3404 -
956 3366 1040 3435 quod
1062 3364 1176 3429 singuli
1203 3365 1344 3419 homines
1364 3379 1426 3418 non
1450 3369 1524 3418 sunt

275 3431 336 3488 sibi
363 3433 439 3488 solis
467 3434 634 3494 commissi.
668 3436 722 3490 sed
746 3442 854 3489 cotnra
883 3450 1140 3504 unumquemque
1163 3436 1351 3488 »venientem
1384 3434 1415 3488 iu
1442 3434 1523 3486 ltunc

276 3503 447 3558 mundum«
463 3503 592 3572 (Gdrres
612 3505 643 3557 iu
660 3504 760 3558 Praei.
780 3505 818 3558 ad
834 3505 925 3573 Sepp,
947 3505 1049 3558 Loben
1063 3505 1153 3567 deso)
1173 3511 1202 3557 ct
1220 3504 1331 3558 trientis
1346 3509 1520 3570 cotupotem

274 3571 416 3626 oratione
435 3572 561 3628 iuvante
580 3573 773 3638 evadentem,
806 3578 867 3628 stat
885 3574 985 3628 oratio
1012 3575 1080 3643 ipso
1101 3572 1264 3642 {imprimis
1293 3572 1396 3642 aliqua
1415 3571 1522 3640 lingua

276 3640 339 3709 [vel
358 3648 463 3709 nutus,
483 3642 509 3696 si
526 3642 644 3712 placetl,
664 3658 741 3712 quae
761 3650 864 3698 tamen
885 3642 960 3696 nihii
974 3651 1022 3698 est
1042 3643 1101 3697 uisi
1121 3651 1262 3696 concreta
1283 3641 1402 3710 species
1421 3641 1523 3710 ipsius

277 3710 435 3775 orationis)
455 3718 489 3766 ut
509 3717 607 3766 totum
629 3711 811 3781 organicum
831 3712 1009 3767 absolutum
1031 3721 1123 3782 atque
1143 3712 1325 3780 perfeetum,
1345 3711 1426 3779 quod
1447 3725 1522 3765 suae

276 3779 535 3834 conformationis
555 3781 654 3851 legem
681 3797 698 3835 a
719 3779 852 3850 singulis
873 3796 934 3835 non
954 3781 1180 3850 dependentem
1205 3797 1260 3835 noc
1279 3779 1522 3849 perturbabiiem

275 3846 308 3902 in
328 3863 361 3904 se
380 3849 561 3915 continete).
599 3851 689 3915 Quod
709 3855 790 3905 enim
817 3849 933 3921 singuli
952 3851 1056 3905 intra
1085 3853 1163 3905 itane
1181 3851 1282 3918 legem
1302 3860 1331 3903 et
1350 3851 1525 3903 conforma·

275 3917 390 3973 tionem
411 3919 546 3990 aliquam
569 3921 631 3974 vim
652 3919 690 3974 ad
711 3920 883 3975 orationem
905 3921 1027 3987 habent,
1060 3937 1121 3975 non
1142 3921 1241 3988 stragis
1262 3919 1399 3974 reddunt
1417 3934 1483 3972 eam
1504 3933 1523 3971 a

340 4076 362 4144 Ξ)
382 4076 527 4146 Dialogus,
547 4077 594 4145 qui
608 4083 726 4132 vocatur
745 4076 892 4146 Sophistes
906 4077 1065 4131 immediato
1081 4076 1245 4130 coniunctus
1264 4084 1308 4130 est
1322 4091 1384 4130 cum
1401 4074 1524 4142 ,Timae-

378 4147 463 4210 teto“,
483 4148 557 4202 undo
577 4147 626 4201 illn
645 4147 773 4202 Platonis
791 4148 930 4217 principia
948 4149 1060 4200 heretica
1079 4153 1209 4213 exposita
1229 4153 1301 4200 saint.

340 4217 361 4284 ὅ)
382 4216 436 4270 Die
456 4215 579 4298 Spraclre
598 4217 636 4272 ist
650 4217 745 4286 jodam
766 4218 914 4272 einzelnen
933 4217 1099 4284 gcgcnltber
1121 4216 1184 4269 eine
1203 4215 1333 4270 absoluto
1352 4212 1522 4278 Ant-tornat,

378 4286 424 4340 ein
440 4285 566 4354 objectis
584 4287 749 4356 gegebencs
761 4294 849 4354 σοφόν.
870 4288 913 4341 cin
928 4288 1045 4353 icrrigos
1063 4284 1245 4353 organisches
1257 4284 1377 4347 Ganzes,
1396 4283 1448 4336 das
1462 4282 1521 4337 sein

378 4355 616 4424 Bildungsgesotz
635 4357 663 4411 iu
689 4357 748 4413 sich
768 4361 851 4426 triigt,
882 4357 910 4410 in
929 4356 1021 4410 seinor
1040 4355 1238 4420 Entwieiriung
1256 4371 1312 4407 auin
1331 4353 1382 4407 der
1400 4351 1523 4406 Willlrilr

377 4424 433 4477 und
461 4424 513 4479 dor
539 4425 749 4482 vorbcdachlcn
770 4423 993 4481 tisflnssnahmo
1020 4425 1070 4478 der
1090 4425 1238 4478 ilcnsrluui
1267 4421 1450 4491 unabbftngig
1475 4421 1521 4487 ist,

379 4493 434 4547 und
449 4494 537 4564 jeden
557 4497 712 4560 einzelnen,
744 4497 800 4552 will
824 4513 854 4552 er
872 4502 954 4550 unior
970 4494 1017 4548 dic
1036 4493 1242 4558 Verniinftigcu
1266 4491 1381 4555 gelabit
1399 4489 1520 4553 werden,

378 4563 491 4618 absolut
510 4564 614 4620 bindet.
645 4567 672 4619 .1.
690 4567 827 4632 ‚iustus
856 4567 914 4619 Das
932 4564 1140 4619 Ciuistcntbunt
1160 4565 1195 4616 im
1216 4563 1315 4616 Liriito
1333 4561 1382 4615 do·
1400 4559 1521 4628 verglei·

379 4630 505 4689 chendcn
520 4633 637 4704 Sprach·
657 4636 712 4688 und
732 4633 1083 4704 Religicnswisscnscbati..
1105 4633 1278 4687 ll'ic111883.
1298 4631 1326 4686 S.
1346 4633 1386 4684 15.
1406 4630 1446 4682 il.
1466 4637 1520 4682 etc.
