3450 5342
879 509 922 517 ..
945 477 1007 530 29⁸
1030 508 1073 516 .-

353 673 434 721 mota
455 672 507 735 est,
531 672 559 721 et
583 665 661 721 inter
675 662 792 739 linguas
809 672 938 721 mortuas
954 662 1007 721 sub
1025 664 1144 722 nomine
1167 663 1304 740 ,linguae
1327 664 1598 741 palaeocroaticae‘

354 748 582 827 (starolirvatski
601 749 697 827 jezik)
722 760 897 809 recensetur.

460 838 487 895 3.
522 836 676 913 Lingua
708 836 939 895 Dalmatica
971 837 1020 893 vel
1054 836 1229 915 illyrica
1264 836 1449 913 vulgaris
1485 839 1602 914 origine

353 932 439 982 tenus
470 922 548 981 idem
572 944 606 982 ac
637 923 738 999 lingna
769 924 999 994 slavonica,
1030 922 1082 981 sed
1113 922 1334 982 characteribus
1361 925 1459 1001 potius
1482 924 1601 983 Latinis

354 1012 520 1089 conscripta
543 1010 709 1088 formasque
740 1010 922 1087 euphonicas
944 1008 1065 1067 dialecti
1097 1010 1298 1081 ,ilraviensis“
1331 1008 1602 1069 Istro-dalmaticae

354 1098 504 1155 affectans.
538 1097 623 1155 Haec
661 1099 740 1155 enirn
773 1096 843 1156 inde
875 1117 894 1156 a
925 1096 1023 1155 medio
1050 1096 1136 1155 XIV.
1169 1097 1287 1156 saeculo
1316 1097 1405 1174 vulgo
1440 1117 1536 1175 aeque
1566 1119 1601 1156 ac

355 1184 513 1243 Slavonica
536 1184 639 1261 lingua
660 1184 766 1261 vigens
789 1186 879 1243 etiam
902 1187 935 1243 in
957 1184 1065 1241 litteris
1087 1182 1306 1242 characteribus
1322 1184 1439 1241 Latinis
1462 1185 1600 1242 Gothicis

353 1272 487 1349 usurpari
511 1272 607 1348 coepit
629 1280 658 1328 et
681 1271 899 1351 typographica
921 1280 984 1329 arte
1006 1268 1115 1329 deinde
1137 1290 1190 1347 per
1214 1270 1365 1351 illyricum
1394 1270 1598 1341 occidentale,

354 1358 441 1417 simul
465 1377 531 1415 curn
554 1358 657 1433 lingua
680 1357 899 1415 blavonica
921 1359 1061 1428 existens,
1084 1358 1116 1415 in
1138 1357 1223 1415 civili
1237 1359 1411 1415 commercio
1435 1360 1533 1436 potius
1557 1360 1601 1415 in·

355 1444 457 1502 valuit.
481 1442 556 1503 Cum
587 1454 685 1501 sutem
717 1444 819 1521 lingua
842 1444 1061 1503 Slavonica
1091 1442 1160 1501 inde
1191 1442 1229 1502 ab
1259 1464 1337 1503 anno
1371 1446 1452 1502 1648
1484 1447 1517 1503 in
1548 1465 1601 1503 usn

355 1533 503 1589 communi
526 1550 590 1589 esse
609 1530 754 1601 desiisset,
771 1531 875 1607 lingua
897 1531 1125 1589 Dalmatica
1148 1530 1196 1589 vel
1218 1532 1402 1608 vulgaris
1425 1531 1600 1611 Illyrica

352 1617 484 1676 eiusdem
508 1617 602 1675 locum
625 1616 760 1689 obtinuit,
785 1618 816 1675 in
833 1618 941 1676 litteris
963 1618 1095 1697 profanis
1110 1618 1293 1695 praevalens,
1312 1616 1406 1676 donec
1424 1618 1516 1676 xlx.
1536 1639 1598 1677 sae-

354 1704 419 1763 culo
442 1704 585 1781 elingua
609 1703 815 1763 litteraria
834 1703 1148 1763 berbocroatica
1171 1706 1449 1763 recentissima
1473 1706 1537 1763 loco
1551 1726 1601 1763 suo

355 1794 385 1849 in
408 1791 516 1849 litteris
543 1789 674 1868 depulsa,
698 1794 728 1849 in
751 1790 835 1849 libris
860 1802 976 1849 tantum
998 1792 1145 1868 liturgicis
1172 1791 1420 1850 ecclesiasticisvc
1442 1803 1472 1850 et
1496 1796 1528 1851 in
1551 1811 1603 1850 usn

353 1878 468 1955 vulgari
493 1878 610 1953 Istriae,
633 1878 803 1936 Dalmatiae
827 1898 861 1937 ac
887 1878 1016 1936 Bosniae
1040 1881 1130 1952 viget.

459 1968 488 2023 4.
512 1964 665 2041 Lingua
696 1965 911 2023 litteraria
942 1964 1252 2023 Serliocroatica
1274 1965 1323 2022 vel
1346 1964 1496 2023 idioma
1520 1966 1601 2025 Sla-

353 2054 478 2109 vicum
502 2072 529 2109 n]
540 2050 773 2121 cridionale,
790 2051 934 2110 dialectus
954 2052 1085 2129 vulgaris
1104 2052 1354 2128 Herccgoviensis
1370 2052 1599 2128 ,ijekarfstina'·,

352 2138 433 2197 XIX
456 2139 572 2196 saeculo
595 2138 633 2195 ad
654 2138 793 2197 honorem
810 2139 995 2210 litterarium,
1021 2138 1189 2197 Dalmatica
1211 2138 1327 2215 vulgari
1350 2138 1453 2215 lingua
1478 2138 1600 2197 dialecti

357 2224 542 2297 ,ikavstinff
570 2223 746 2302 posthabita,
770 2226 895 2297 clevata,
919 2227 951 2282 in
974 2228 1036 2283 vita
1059 2225 1141 2283 civili
1165 2237 1193 2283 et
1208 2227 1382 2284 commercio
1398 2225 1517 2303 vulgari
1540 2226 1599 2283 t'ere

353 2310 461 2389 ubique
484 2310 561 2389 apud
586 2310 693 2369 Serbes
715 2324 744 2369 et
767 2313 892 2371 Oroates
914 2332 992 2371 nunc
1015 2312 1175 2389 praevalet

457 2400 484 2455 5.
508 2398 660 2455 Claritatis
691 2418 780 2457 causa
809 2399 969 2457 relationes
1001 2399 1106 2457 harum
1135 2399 1302 2474 linguarum
1333 2396 1371 2456 ad
1402 2400 1536 2457 invicem
1564 2398 1599 2456 oh

352 2483 451 2542 oculos
476 2494 677 2563 proponuntur
700 2485 756 2544 hoc
780 2485 952 2543 schemate:

585 2602 725 2669 Lingua
744 2604 934 2655 Slavorum
953 2602 1149 2669 primitiva
1168 2602 1374 2656 communis

369 2741 398 2792 L.
418 2740 619 2793 Slovonica
644 2741 929 2806 palaecslavica
1027 2742 1058 2794 L
1082 2741 1281 2794 slavonica
1306 2744 1363 2794 vel
1388 2742 1588 2825 glagolito-

440 2809 596 2875 (dialectos
614 2810 800 2863 Macedonica
819 2813 866 2863 vel
1006 2810 1171 2863 crostica
1184 2810 1355 2877 (dalmatica
1364 2812 1597 2877 Hieronymiana,
1703 2867 1704 2874 ,

560 2880 736 2937 Pannonicas
1152 2880 1297 2945 illyricum
1316 2879 1455 2945 litterale)
1703 2907 1704 2940 ,

351 2960 1596 2999 „mm
1703 2971 1704 2992 1

401 3018 430 3069 L.
451 3016 660 3069 Dalmatica
678 3019 723 3071 vel
744 3018 893 3083 illyrica
1009 3018 1039 3071 L.
1058 3018 1201 3071 litteraria
1225 3018 1462 3085 serbo-crostica,
1489 3019 1594 3073 idioma

388 3086 557 3153 vulgaris
581 3085 766 3152 „ikavensis“
785 3088 912 3153 (illyrica
1011 3088 1155 3141 alaricum
1168 3086 1359 3140 meridionale
1382 3087 1593 3155 „ijekaviense“

375 3154 505 3221 vulgaris
515 3174 522 3221 ;
541 3154 641 3223 lingua
660 3156 789 3225 vulgaris
808 3156 918 3223 Istriae,
1051 3157 1137 3209 huius
1154 3156 1295 3223 temporis
1313 3157 1414 3237 lingua
1432 3159 1564 3226 vulgaris

463 3224 626 3277 Dalmatiae
645 3230 674 3277 et
691 3224 835 3293 Bosniae).
1086 3226 1250 3279 Dalmatiae
1268 3225 1470 3279 meridionalis
1489 3243 1523 3279 ac

706 3330 710 3333 -
1190 3294 1427 3364 Hereegoiinae).

440 3434 475 3499 11.
511 3430 705 3517 Litcryiac
733 3428 1144 3517 Glayolito-Romanac
1170 3432 1345 3519 specifice
1377 3434 1513 3520 linquo

402 3535 780 3623 Glayolito-croatica
802 3538 835 3601 ct
858 3535 1031 3621 uulgaris
1051 3536 1272 3603 Dalmatico
1299 3537 1545 3605 »ilcaoicnsia

825 3639 1008 3725 propriae
1029 3643 1126 3706 sant.

458 3768 485 3823 ti.
516 3766 563 3823 ldx
598 3768 787 3823 concessione
823 3765 971 3824 Hadriani
997 3785 1090 3844 papae
1121 3767 1160 3823 11.
1192 3768 1279 3844 (869)
1311 3779 1341 3825 et
1371 3768 1591 3827 confirmatione
1701 3777 1702 3832 ζ

352 3853 474 3911 Ioannis
497 3872 591 3929 papae
609 3851 693 3913 Vssl.
717 3854 804 3929 (8811)
828 3852 866 3909 ab
889 3853 1041 3930 Apostolis
1065 3854 1192 3911 Slaricis
1211 3875 1249 3912 ss.
1266 3852 1381 3933 Cyrillo
1395 3864 1426 3911 et
1442 3854 1590 3914 Methodio

351 3939 454 4015 lingua
481 3938 673 4008 ,Slorenicaa
702 3941 732 3997 in
756 3958 869 3997 sacram
900 3939 1050 4016 liturgiam
1073 3938 1195 3998 inducta
1217 3951 1269 3999 est.
1307 3942 1390 3999 Haec
1423 3943 1504 3999 enim
1526 3945 1592 4020 quia
1701 3973 1702 4008 ;

350 4026 510 4104 posteriore
542 4034 640 4082 aetate
670 4025 816 4083 obsolevit
845 4046 863 4083 a
894 4026 1052 4104 philologis
1089 4027 1341 4104 ,palaeoslavica“
1378 4029 1427 4086 vel
1463 4041 1591 4099 ,retero-

350 4112 517 4171 slovcnica“
545 4109 726 4189 appellatur,
750 4122 779 4169 et
802 4133 880 4171 nunc
903 4116 961 4171 iam
986 4114 1063 4170 inter
1086 4114 1202 4191 linguas
1225 4124 1354 4172 mortuas
1377 4126 1430 4173 est.

455 4200 537 4257 Inter
569 4196 735 4275 philologos
771 4198 868 4257 adhuc
897 4198 1071 4277 disputatur.
1106 4212 1202 4257 utrum
1240 4200 1458 4278 palacoslavica
1491 4202 1591 4279 lingua
1700 4197 1701 4232 ³

351 4284 497 4343 dialectos
530 4283 724 4343 Macedonica
754 4282 1056 4364 (Thessalonicensis)
1087 4307 1126 4344 an
1156 4288 1253 4365 potius
1283 4288 1457 4346 Pannonica
1485 4290 1588 4354 fucrit:

351 4371 404 4431 sed
427 4383 538 4430 certum
561 4382 606 4429 est
628 4392 694 4429 carn
717 4372 849 4448 linguam
879 4374 1081 4449 vulgarem
1112 4372 1211 4444 fnisse,
1235 4394 1323 4452 quam
1346 4377 1479 4453 apprime
1502 4379 1588 4435 etiam

351 4459 433 4518 Slavi
457 4458 571 4537 Illyrici
597 4457 800 4517 Occidentalis
825 4458 872 4516 vel
896 4459 1064 4530 Slavoniae,
1088 4463 1137 4539 qni
1155 4460 1276 4519 Sloreni
1299 4460 1425 4519 Creatae
1448 4462 1589 4540 Scrbique
1699 4521 1700 4542 ,

350 4566 428 4604 nnnc
451 4544 597 4615 dicuntur,
622 4544 783 4622 vulgariter
807 4545 1026 4621 intelligebant.

455 4652 482 4707 7.
512 4648 561 4707 Ab
588 4658 684 4707 aetate
708 4648 1029 4729 Cyrillo-methodiana
1051 4650 1130 4728 apud
1161 4651 1265 4709 Slavos
1287 4652 1447 4711 orientales
1471 4653 1589 4731 liturgia

350 4734 587 4805 Graecoslavica,
611 4734 688 4813 apud
713 4735 817 4793 Slavos
840 4736 1000 4793 catholicos
1024 4736 1139 4814 Illyrici
1170 4736 1362 4795 occidentalis
1386 4737 1508 4817 liturgia
1531 4740 1591 4797 sla-
