3450 5342
894 279 1064 334 ..qq-

351 461 523 518 imnbnenie
537 461 740 531 poverhnosti
750 460 839 515 zemli
852 460 965 516 doliuo
979 460 1053 530 hylo
1071 475 1113 529 po
1126 461 1256 514 mestum
1271 459 1434 530 otrazitsja
1452 474 1496 514 ua
1510 459 1612 528 rehab

353 546 393 586 na
425 529 455 600 lb
487 531 579 594 dline‚
612 529 806 600 napravlenii
835 531 843 582 i
873 531 1048 584 vzaimnom
1080 528 1245 596 otnodenii,
1280 546 1299 583 v
1327 528 1539 584 osobennosti
1569 544 1611 582 na

349 599 474 670 istokal)
492 600 532 670 ib.
560 601 605 654 No
632 599 822 670 Edemshaja
850 599 925 654 reka
950 601 1056 669 mogla
1079 598 1089 653 i
1109 598 1226 668 peretit
1251 605 1356 682 potop,
1382 599 1612 653 suscestvovat

355 670 451 740 dolgo
476 669 568 740 posle,
594 670 670 726 daie
694 669 736 724 do
762 683 889 724 vremen
917 669 1049 740 llojseja
1067 668 1077 723 i
1097 669 1196 724 zatem
1224 668 1388 724 izceznut‹
1409 673 1452 748 (p,
1473 669 1530 722 lot
1547 681 1611 737 squ

355 737 502 795 Fluvium
531 738 734 809 principalem
766 737 931 808 disparere
957 737 1107 808 potuisse.
1127 737 1242 793 mirum
1262 752 1333 792 esse
1351 737 1470 792 nemmi
1490 741 1610 806 potest,

354 809 380 862 si
400 808 552 864 diluvium
572 813 603 864 et
621 807 796 932 geologiarn
817 821 892 876 prae
910 807 1009 863 oculis
1029 807 1142 863 habeat
1160 810 1201 876 (p.
1222 809 1292 869 165).

459 877 569 942 Fluvii,
588 893 630 948 qu
660 879 693 932 in
713 877 870 947 scriptura
887 882 1095 942 recensentur,
1114 885 1280 945 sequentes
1299 883 1388 932 sunt:
1413 875 1610 944 Euphrates,

353 946 477 1018 Tygris
497 950 617 1003 Araxes
636 946 770 1018 (Gehoni
789 951 819 1001 et
847 947 964 1015 ¹loposu·
990 978 1022 986 -
1043 934 1146 1002 (lorch
1171 976 1206 986 -
1225 945 1364 1012 (Phisonl
1385 947 1428 1014 (1)·
1449 947 1505 1000 170
1525 959 1600 1015 sqq›

352 1017 506 1082 Quartum
528 1017 671 1085 fluvium,
691 1015 815 1079 Phison,
829 1031 1024 1086 nequaquam
1039 1032 1109 1071 cum
1125 1003 1237 1071 Phasis
1256 1014 1521 1070 identilieandum
1535 1029 1607 1069 esse

354 1086 442 1142 dicit:
464 1085 564 1141 maior
582 1086 662 1140 enim
685 1085 796 1140 Phasis
815 1101 832 1140 a
852 1087 962 1140 ceteris
990 1085 1175 1140 fluminibus
1194 1084 1342 1140 distantia
1360 1099 1432 1139 cum
1461 1084 1557 1138 dietis
1583 1101 1608 1137 s

352 1156 528 1290 scrithgsae
543 1155 582 1210 de
595 1171 659 1210 uuo
673 1155 779 1220 lluvio,
793 1170 831 1210 ex
844 1171 909 1224 quo
922 1160 1069 1223 quattuor
1080 1154 1261 1220 effluebant,
1283 1154 1410 1209 minime
1423 1154 1608 1208 conveniret

352 1233 386 1295 (p
457 1294 518 1350 Sed
536 1295 567 1349 in
586 1308 720 1364 quanam
742 1294 908 1348 Armeniae
928 1298 1013 1362 parte
1032 1293 1199 1362 paradisus
1226 1293 1309 1348 luit?
1329 1291 1606 1347 verisimillimum

352 1369 402 1421 est
420 1379 490 1420 eum
510 1364 541 1419 in
560 1362 700 1418 orientali
721 1367 809 1428 parte
823 1363 917 1419 situm
943 1362 1052 1418 luisse.
1079 1362 1191 1418 Verbis
1209 1364 1291 1418 enim
1311 1362 1406 1430 ipsis:
1430 1361 1605 1431 »plantavit

353 1435 438 1489 Deus
452 1434 633 1504 paradisum
644 1432 676 1487 in
690 1431 785 1500 Eden,
800 1432 830 1486 in
845 1433 963 1487 oriente
977 1433 1194 1498 (mikkedemb
1212 1431 1424 1502 significatur:
1441 1431 1607 1500 plantasse

354 1503 452 1559 Deum
474 1503 655 1572 paradisum
675 1502 706 1557 in
728 1502 824 1566 Edon,
845 1503 875 1556 in
895 1501 1036 1557 orientali
1056 1502 1123 1556 eius
1144 1509 1231 1571 parte
1253 1518 1293 1572 rp.
1313 1504 1382 1557 175).

462 1572 493 1626 P.
513 1575 572 1626 176.
591 1587 673 1626 nova
701 1577 899 1642 argumenta,
927 1571 1108 1642 paradisum
1137 1573 1168 1626 iu
1197 1571 1345 1627 Armenia
1374 1572 1471 1625 situm
1503 1570 1607 1624 luisse

353 1642 454 1697 aliert.
475 1641 612 1696 Primum
642 1640 716 1696 illud
746 1649 802 1706 est,
833 1642 915 1710 quod
941 1641 1156 1710 antiquissima
1191 1643 1377 1696 documenta
1408 1639 1556 1694 historica
1576 1653 1606 1694 et

352 1711 590 1781 archaeologica,
618 1725 698 1780 quae
723 1710 932 1780 possidemus,
951 1711 1070 1765 exiliis
1100 1712 1284 1780 regionibus
1311 1711 1470 1764 habentur
1489 1722 1535 1778 (p.
1556 1711 1606 1764 176

354 1785 413 1852 sq).
442 1780 620 1836 Secundum
649 1787 871 1849 argumentum
891 1779 998 1836 exilio
1024 1787 1124 1835 textu:
1155 1780 1307 1851 requievit
1334 1795 1404 1834 arca
1424 1821 1431 1832 .
1452 1821 1459 1832 .
1478 1822 1485 1833 .
1507 1794 1606 1848 super

351 1857 475 1906 montes
495 1851 673 1906 Armeniae«
697 1849 775 1914 (Gen
794 1851 811 1902 8
831 1854 895 1904 v.t
925 1851 1209 1919 (p.177)desumit.
1685 1892 1690 1907 .

454 1919 795 1992 A.·Bog0rotlskij:
816 1920 918 1974 alteas
946 1933 1179 1985 nepoouaaunuxa
1210 1922 1295 1975 annea
1323 1934 1360 1973 ns
1388 1936 1444 1987 pam
1464 1917 1525 1972 ·De
1545 1918 1604 1986 pri·
1692 1931 1693 1984 ᾗ

350 2005 475 2045 morum
496 1995 656 2058 parentum
689 1987 721 2043 in
751 1987 899 2056 paradiso
919 1988 994 2055 vita)
1013 1988 1064 2056 11,
1083 1990 1229 2056 337-362,
1248 1989 1394 2044 saa-548.

351 2111 352 2116 ,
456 2058 550 2112 Hisce
569 2059 696 2113 duobus
722 2057 898 2123 »articulis«
920 2059 1005 2127 quod
1025 2075 1051 2112 a.
1072 2061 1146 2114 1903.
1168 2059 1258 2114 Prav.
1273 2059 1346 2114 sob.
1358 2057 1482 2126 incepit
1496 2071 1606 2125 prose·

348 2129 462 2198 quitur.
484 2127 556 2182 Desi
581 2126 662 2182 natis
683 2133 937 2196 protoparentum
965 2137 1076 2182 natura
1087 2137 1116 2182 et
1131 2129 1193 2183 iine
1206 2135 1235 2183 et
1255 2143 1271 2182 a
1285 2129 1395 2182 ceteris
1409 2125 1603 2180 animalibus

350 2197 537 2265 diiierentia,
557 2143 596 2251 {a
615 2213 722 2251 eorum
745 2198 809 2251 vita
830 2197 878 2250 hic
895 2198 1033 2266 inquirit.

456 2267 500 2321 De
519 2281 613 2320 aurea
634 2271 733 2320 aetate
752 2267 834 2334 apud
856 2275 966 2334 gentes
982 2283 1076 2336 quam
1095 2267 1242 2335 plurimas
1264 2266 1463 2321 traditionem
1484 2265 1604 2333 baberi,

347 2335 497 2392 omnibus
516 2341 645 2391 constat.
665 2335 763 2399 Quam
786 2336 983 2390 traditionem
1003 2353 1065 2391 non
1085 2336 1277 2405 posseiuniti
1295 2335 1376 2391 falso
1394 2335 1604 2390 fundamento

348 2421 388 2460 ex
401 2406 603 2474 psyclrologia
617 2404 755 2474 cogitur:
771 2405 864 2459 horno
878 2405 959 2460 enim
974 2421 1010 2460 ex
1025 2407 1107 2460 bono
1121 2407 1247 2475 quidem
1264 2406 1419 2476 praesenti
1439 2410 1471 2459 et
1484 2404 1604 2472 futuro,

349 2475 404 2529 sed
433 2490 630 2544 nequaquam
657 2491 695 2528 ex
716 2475 798 2528 bono
827 2477 1004 2543 praeterito,
1032 2476 1115 2545 quod
1147 2491 1316 2545 numquam
1346 2475 1467 2530 exstitit
1488 2505 1522 2515 -
1543 2474 1602 2528 alia

350 2559 401 2600 res
415 2551 470 2602 est.
486 2544 510 2598 si
531 2543 743 2599 exsistentiam
765 2544 874 2599 habuit
896 2576 924 2584 -
945 2561 1055 2613 capere
1074 2545 1223 2614 gaudium
1244 2552 1348 2614 potest
1363 2549 1396 2612 (p
1417 2546 1493 2605 338).
1507 2543 1601 2608 Quod

351 2613 568 2670 »evolutionis«
609 2613 760 2668 theoriam
791 2619 955 2682 sequentes
982 2616 1100 2681 attinet,
1129 2615 1298 2683 pessimam
1335 2620 1600 2684 protoparentum

349 2681 567 2750 conditionem,
593 2683 744 2752 principia
769 2698 826 2737 sua
846 2690 1022 2754 sequentes,
1048 2700 1227 2753 supponere
1254 2685 1370 2739 debent
1397 2693 1439 2752 (p.
1458 2685 1535 2750 333).
1558 2684 1603 2737 Dc

350 2753 433 2808 lacto
462 2752 560 2822 igitur
588 2753 698 2806 melior
734 2753 873 2807 condicio
910 2753 1079 2822 aliquando
1115 2754 1231 2821 adluit;
1261 2769 1356 2823 quam
1385 2752 1600 2807 condicionem

349 2821 468 2891 optime
487 2821 674 2891 descriptam
695 2838 712 2876 a
733 2821 864 2877 Genesis
884 2829 1006 2877 auctore
1024 2824 1185 2879 eluistiani
1211 2822 1389 2878 admittunt.
1419 2823 1601 2877 Secundum

350 2907 390 2966 a„
407 2891 600 2961 scripturam
634 2893 714 2947 bona
742 2890 899 2960 imprimis
927 2899 1052 2948 externa
1091 2908 1205 2962 magna
1232 2893 1425 2948 abundantia
1454 2896 1602 2961 protopa-

352 2961 496 3016 rentibus
525 2965 650 3030 praesto
678 2967 774 3015 erant.
807 2961 958 3016 Homines
979 2978 1055 3017 vero
1073 2964 1133 3032 ipsi
1153 2962 1347 3018 immortales
1365 2967 1471 3028 erant;
1504 2977 1600 3031 quam

353 3030 616 3086 immortalitatem
637 3047 675 3084 ex
698 3031 778 3085 vitae
798 3031 912 3086 arbore
930 3032 1166 3097 desumebaut(
1193 3035 1269 3088 ,342
1288 3039 1354 3102 Sili}
1381 3061 1415 3073 -
1441 3047 1459 3086 a
1480 3031 1601 3086 morbis

351 3115 478 3170 quoque
510 3105 539 3154 et
571 3099 660 3155 senili
692 3099 893 3170 corruptione
920 3100 1008 3156 liberi
1044 3108 1140 3156 erant
1200 3118 1288 3156 erum
1316 3117 1379 3156 non
1409 3100 1475 3155 sola
1505 3101 1603 3156 arhor

354 3169 443 3237 vitae,
476 3169 530 3224 sed
560 3169 663 3224 omnis
683 3185 810 3240 quoque
837 3170 1018 3238 quotidiana
1038 3188 1108 3226 esca
1128 3171 1266 3240 physicis
1285 3171 1476 3241 quibusdam
1503 3170 1601 3240 quali·

352 3238 471 3294 tatibus
491 3239 632 3309 praedita
652 3239 788 3294 hominis
809 3239 1047 3294 dissolutionem
1068 3241 1264 3309 impediebat.
1293 3272 1322 3279 -
1350 3241 1429 3297 Cum
1450 3239 1602 3310 segnities

350 3308 443 3364 etiam
463 3310 493 3363 in
515 3310 606 3364 heato
625 3309 705 3364 vitae
725 3315 809 3365 statu
831 3310 963 3363 multum
993 3325 1063 3365 cum
1092 3311 1216 3379 corpori
1245 3315 1311 3365 tum
1335 3310 1458 3364 animae
1482 3315 1599 3368 noceat

350 3379 435 3434 Deus
467 3385 516 3433 »ut
540 3385 725 3448 operaretur
743 3385 773 3433 et
791 3379 974 3435 custodiret«
1005 3380 1185 3449 paradisum
1205 3381 1325 3435 Adamo
1354 3378 1522 3449 praecepit
1549 3379 1600 3434 Set

347 3448 439 3503 labor
459 3448 507 3503 lric
525 3446 682 3502 iucundus
700 3448 759 3502 luit
777 3450 908 3518 eiusque
927 3447 1001 3503 linis
1020 3449 1050 3502 id
1070 3448 1260 3517 intendebat,
1287 3455 1322 3505 ut
1346 3449 1441 3504 homo
1461 3447 1599 3517 paradisi

351 3517 616 3587 pulchritudinem
637 3515 932 3587 (orratroyerpoiierao)
951 3525 1149 3573 conservaret
1168 3535 1299 3589 eamque
1317 3523 1448 3589 augeret
1490 3518 1598 3574 Finem

350 3587 433 3641 hune
447 3603 504 3655 per
519 3586 707 3640 naturalium
731 3587 844 3642 virium
865 3587 1073 3656 cognitionem
1094 3589 1188 3643 bomo
1207 3590 1332 3659 assequi
1351 3593 1493 3656 poterat;
1529 3588 1599 3643 ideo

351 3656 418 3710 eius
439 3655 584 3724 potestati
608 3659 673 3709 tum
693 3655 828 3711 aniruata
848 3663 914 3711 tunt
934 3657 1103 3712 inanimata
1123 3656 1358 3713 subiciebantur
1378 3671 1418 3728 tp.
1438 3660 1512 3718 348).
1532 3659 1599 3722 Qua

349 3725 511 3780 occasione
532 3725 659 3780 Petrum
688 3726 888 3794 quorundam
907 3727 1007 3782 dicta:
1026 3728 1163 3782 animata
1182 3729 1302 3782 adamo
1322 3743 1384 3782 uon
1397 3727 1597 3782 oboedivisse

350 3794 481 3848 refellit:
515 3795 582 3862 ipsa
602 3794 684 3848 enim
705 3795 841 3864 paradisi
863 3797 1058 3851 sanctitatem
1079 3804 1110 3851 et
1152 3797 1392 3852 ulchritudinem
1412 3812 1475 3851 non
1497 3797 1596 3852 solum

350 3878 412 3917 non
433 3863 669 3943 perturbabant,
690 3879 799 3918 verum
820 3865 911 3919 etiam
942 3867 1074 3921 multum
1104 3813 1149 3921 ati)

350 3937 474 3987 ternum
497 3947 671 4002 primorum
693 3941 858 4002 parentum
880 3944 997 3989 statum
1020 3953 1058 3990 ex
1079 3953 1187 3991 eorum
1204 3936 1314 3991 morali
1327 3935 1542 4006 dispositione,
1562 3952 1598 3991 ex

349 4001 481 4126 gudoris
502 4017 614 4070 nempe
633 4002 754 4057 deiectu
776 4005 1017 4072 cognoscimus;
1044 4004 1184 4061 deiectus
1203 4007 1285 4061 enim
1306 4007 1355 4060 hic
1379 4005 1596 4061 conscientiam

373 4086 464 4125 onam
494 4071 621 4140 eiusque
652 4087 720 4126 eum
756 4072 915 4127 voluntate
945 4073 1053 4128 divina
1081 4076 1277 4130 concordiam
1308 4075 1470 4146 significat
1499 4076 1596 4140 Quam

351 4139 505 4196 internam
527 4156 636 4196 eorum
659 4141 887 4196 beatitudinum
911 4143 1044 4196 multum
1059 4145 1256 4198 conversatio
1270 4161 1340 4200 eum
1355 4149 1417 4202 Deo
1430 4144 1598 4199 adiuvabat

352 4221 393 4333 tf.
413 4213 461 4265 351
483 4213 562 4280 sqq).
596 4241 625 4248 κ·
648 4211 707 4265 Sed
727 4210 804 4280 quid
825 4211 947 4281 lignum
977 4211 1121 4266 scientiae
1151 4214 1222 4267 boni
1251 4223 1281 4268 et
1310 4215 1382 4269 mali
1409 4215 1448 4269 ad
1479 4214 1596 4270 felicem

349 4279 437 4334 ilum
459 4283 573 4334 statum
595 4280 799 4335 conferebat?
823 4281 931 4344 Qualis
950 4281 1033 4336 illius
1052 4283 1172 4337 arboris
1192 4285 1368 4352 proprietas
1387 4283 1491 4350 fuerit,
1511 4285 1550 4338 de
1564 4299 1597 4338 eo

350 4349 480 4404 confuse
499 4349 648 4419 loquitur.
669 4349 713 4404 Ex
733 4349 800 4404 eius
814 4349 905 4405 dictis
924 4351 1068 4405 arborem
1089 4351 1171 4406 illam
1193 4353 1358 4421 peculiaris
1380 4353 1452 4408 boni
1473 4353 1597 4434 cogniti·

351 4433 442 4473 onem
462 4418 632 4473 contulisse
651 4419 792 4474 concludi
809 4425 912 4490 potest
933 4419 983 4486 (cl.
1002 4422 1074 4483 356).
1089 4421 1136 4475 Ss.
1151 4423 1278 4478 Patrum
1293 4422 1376 4478 dicta
1388 4423 1427 4478 de
1440 4430 1599 4478 nominato

353 4487 439 4557 ligno
464 4489 502 4543 ad
532 4488 607 4542 llaec
639 4489 769 4560 redigit:
803 4489 937 4560 Lignum
971 4490 1116 4544 scientiae
1151 4491 1223 4545 boni
1254 4497 1285 4546 et
1315 4492 1388 4548 mali
1419 4493 1596 4548 sensibilem

353 4559 510 4628 quandam
535 4558 726 4627 voluptatem
759 4560 877 4614 homini
907 4559 1050 4615 conferre
1079 4568 1216 4629 poterat3
1246 4559 1402 4617 fructibus
1427 4563 1496 4618 eius
1522 4561 1600 4618 ratio

1173 3882 1240 3921 eam
1270 3867 1477 3922 conferebant.
1498 3899 1531 3907 —
1551 3867 1597 3920 ln
1693 3866 1695 3883 '
