3450 5342
640 515 680 522 -
709 483 769 538 lus
793 516 835 524 -

105 667 314 725 miraculorum
343 679 371 724 et
395 669 572 746 passionum,
606 689 694 746 quam
722 672 818 746 potius
844 670 1066 731 distinctionem
1096 695 1216 752 operum
1248 676 1359 753 pleno

105 775 197 811 sensu
220 753 387 811 divinorum
411 766 440 810 et
462 775 582 832 operum
604 758 694 812 etiam
718 757 847 816 latiore
871 779 958 818 sensu
981 761 1174 820 humanarum
1199 781 1357 841 perseque-

104 840 202 905 batur.
227 840 290 898 illa
314 852 435 898 naturae
458 841 603 900 divinae
627 846 781 920 operatrici
801 857 830 901 et
846 849 980 922 operanti
1003 859 1154 926 tamquam
1178 869 1267 926 opera
1292 851 1355 907 eius

106 930 227 1006 propria
249 927 420 997 attribuens,
444 928 517 986 baec
532 942 654 987 iraturae
671 929 825 999 humanae,
848 935 1002 1010 operatrici
1028 937 1137 1012 liariter
1159 946 1188 992 et
1212 939 1356 1014 operanti,

102 1028 262 1092 tamquam
288 1015 356 1072 baie
380 1018 508 1092 propria.

218 1099 331 1176 Quodsi
354 1102 547 1160 nihilominus
563 1123 621 1160 non
638 1103 699 1160 cult
723 1103 845 1162 dicere
866 1108 1070 1182 „operationes
1086 1105 1188 1178 tluas“‚
1213 1109 1302 1166 immo
1326 1107 1357 1166 id

107 1189 268 1264 ineptum
292 1209 355 1245 esso
379 1187 460 1256 ‹lic-it,
494 1192 577 1261 ratio,
601 1189 729 1266 profecta
752 1211 810 1249 non
834 1193 877 1249 ita
899 1192 1065 1270 spernenda
1089 1195 1136 1251 vel
1160 1193 1357 1272 phantastica,

107 1274 162 1331 secl
186 1274 273 1332 valde
297 1273 391 1333 solida
414 1276 531 1334 videtur
553 1298 625 1345 esse,
660 1280 729 1355 quia
751 1277 828 1336 bene
851 1279 1045 1356 intelligebat,
1079 1301 1232 1340 numerum
1260 1281 1353 1354 »(1110κ

107 1365 141 1418 in
166 1362 221 1419 bae
244 1362 382 1440 luquemli
411 1366 533 1425 ratione.
566 1384 632 1421 eum
656 1364 692 1422 de
716 1367 828 1424 naturis
850 1377 880 1422 et
904 1387 969 1424 eum
1002 1366 1038 1424 de
1062 1367 1282 1446 operationibus
1307 1369 1358 1428 ad-

110 1448 251 1507 hibentur
285 1471 357 1507 nou
392 1450 638 1526 significare
673 1451 790 1513 iilum:
825 1451 861 1510 de
894 1456 1005 1511 naturis
1037 1457 1115 1512 enim
1145 1455 1249 1524 dictus,
1284 1455 1357 1514 duas

107 1557 157 1592 nn
168 1557 195 1592 m
207 1557 270 1592 ero
294 1550 413 1594 naturas
436 1538 592 1613 signifieat,
622 1537 659 1594 tle
682 1539 902 1615 (alterationibus
926 1561 995 1599 vero
1018 1540 1121 1612 dictus,
1145 1541 1218 1602 duas
1241 1553 1355 1602 tantum

108 1624 241 1696 logice
264 1626 457 1699 operationes.
481 1623 512 1680 iu
535 1635 588 1691 est,
620 1623 678 1682 cluo
701 1628 902 1703 operationum
927 1649 1073 1702 grattera
1097 1631 1254 1704 siguificat,
1278 1629 1355 1689 divi·

107 1729 213 1766 narum
230 1711 349 1769 scilicet.
374 1723 486 1767 utsunt
514 1733 596 1778 „esse
619 1722 686 1770 urite
707 1718 868 1790 tempora*⁸
896 1712 1019 1786 ‚iecisse
1042 1717 1190 1786 saecuta,
1219 1716 1354 1788 „dedisse

106 1797 235 1870 letzem*¹
259 1807 287 1854 et
311 1797 513 1856 humanarum.
536 1813 566 1856 ut
590 1816 656 1856 sunt
684 1812 802 1858 ‚natum
820 1821 884 1857 esse
903 1804 931 1858 in
949 1811 1109 1878 tempore·,
1138 1803 1265 1862 „l'actum
1289 1823 1354 1862 ease

105 1886 140 1940 in
164 1884 311 1942 saeculo“.
338 1886 464 1942 ,laetum
487 1906 551 1943 esse
575 1885 628 1943 sub
645 1886 740 1962 lego‘‚
770 1908 849 1957 „esse
866 1889 1067 1944 crucilixuni'‘.
1091 1890 1190 1963 Quare
1203 1891 1353 1948 Honorius

105 1969 267 2037 ‹lubitnvit
306 1985 400 2028 utrum
438 1993 510 2030 nun
546 1972 730 2030 obstante
765 1973 832 2031 boc
867 1977 996 2053 utique
1032 1995 1099 2032 nou
1134 1977 1358 2054 spernendo

108 2057 234 2114 ‹lis-cri
245 2079 273 2114 m
284 2059 291 2113 i
302 2079 354 2116 ue.
378 2059 455 2136 quod
479 2062 660 2120 sensisse
684 2063 779 2138 potius
803 2059 921 2118 videtur
944 2081 1032 2138 quam
1057 2062 1135 2120 elme
1159 2067 1353 2141 perspexisse,

107 2159 146 2201 ut
171 2144 245 2201 ilaue
270 2160 391 2203 natiuae
416 2149 471 2203 ita
494 2149 583 2205 ctiam
607 2147 681 2204 (lucie
704 2150 889 2225 operationes
913 2147 1056 2207 dicendae
1080 2163 1187 2206 essent.

258 2336 290 2392 B.
321 2335 423 2410 Quid
451 2357 541 2394 .una
563 2336 767 2394 voluntas²
796 2338 833 2393 in
864 2337 1041 2414 epistola
1073 2340 1199 2414 prima

518 2441 686 2498 lionorii
718 2441 950 2516 significet.

216 2581 264 2638 21.
289 2577 469 2636 ner-unda
506 2579 668 2636 obscuritas
691 2579 723 2635 iu
753 2578 853 2635 verbis
891 2594 943 2650 cst,
983 2580 1087 2636 iterum
1125 2599 1190 2636 cum
1228 2581 1358 2657 perfecta

106 2666 247 2722 claritate
278 2667 309 2721 in
340 2663 426 2722 iebus
459 2668 623 2734 coniuncta,
655 2663 733 2742 alliud
766 2665 915 2722 Honorius
956 2665 1061 2724 illud
1094 2667 1216 2743 ipsum
1248 2686 1357 2724 voca·

109 2752 239 2808 bulum
271 2750 445 2815 adhibet.
469 2742 542 2829 cluo
564 2751 805 2830 postmodum
836 2753 1137 2810 blouotbeletae
1168 2767 1356 2831 tanquam

108 2852 267 2895 tessera
298 2840 356 2895 usi
380 2850 477 2899 sunt.
501 2843 543 2895 ita
566 2852 665 2896 tamen
695 2852 726 2896 ut
756 2840 819 2915 ipse
843 2861 918 2897 rem
950 2841 1069 2897 omnino
1104 2839 1201 2908 aliam,
1226 2841 1354 2918 perfecte

105 2925 351 2982 catholicam
385 2924 488 2982 eodem
512 2925 563 2982 illo
588 2925 676 2982 verbo
699 2928 854 3004 exprimat.
901 2929 949 2983 s'ic
972 2928 1051 2985 enim
1084 2925 1184 2984 scribit
1209 2929 1238 2984 in
1263 2930 1357 3005 prima

107 3002 1352 3088 epistula:{l'udeetiamunamconfitemurvoluntatemllomiui

108 3100 247 3156 Nostri
283 3099 370 3154 lesu
404 3100 591 3168 l'lrr·isti·',
614 3120 689 3176 (puae
720 3099 812 3156 rerba
841 3111 1005 3158 coirsonant
1029 3100 1074 3156 bis
1099 3100 1173 3168 aliis,
1198 3121 1273 3178 (lirae
1297 3101 1352 3158 sibi

108 3188 245 3262 Sergium
269 3184 305 3242 ile
330 3187 409 3263 Cyto
435 3185 640 3244 Alexandrino
664 3189 815 3264 scripsisse
838 3189 924 3245 initio
948 3185 1079 3244 oiosdom
1110 3187 1252 3264 epistulae
1277 3209 1354 3244 com-

109 3289 251 3330 memorat
279 3274 346 3349 .qui
369 3293 458 3330 unam
477 3275 597 3331 llomini
617 3274 715 3331 Nostri
736 3275 801 3330 lesu
817 3273 930 3331 Christi
946 3276 1146 3350 operationem
1171 3272 1355 3351 praedicavit

109 3362 155 3418 iis.
180 3361 230 3438 qui
247 3361 382 3418 conuersi
398 3370 481 3417 erant
497 3361 534 3417 ab
551 3360 747 3422 haeresibus?
775 3359 823 3417 bie
839 3381 898 3418 una
914 3359 1059 3423 voluntas.
1083 3359 1122 3416 ibi
1141 3380 1199 3418 unu
1215 3362 1357 3437 operatio.

112 3446 278 3505 Verbum
301 3449 390 3519 igitur·
412 3449 527 3505 unius
551 3449 719 3513 voluntatis,
744 3445 822 3523 quod
845 3467 897 3504 suo
921 3445 1007 3504 modo
1030 3449 1119 3504 etiam
1139 3467 1227 3504 unam
1251 3467 1352 3524 operu-

108 3535 219 3591 tiouem
243 3534 395 3591 involvere
427 3535 501 3592 ultro
524 3532 720 3595 concedimus.
744 3534 792 3590 hic
815 3535 879 3591 sine
906 3533 996 3591 dubio
1028 3533 1169 3594 babetur:
1206 3533 1258 3591 sed
1282 3553 1352 3591 num

106 3619 241 3677 ciusdem
265 3620 301 3678 ab
324 3634 446 3698 utroque
469 3621 595 3680 adbibiti
621 3620 703 3678 verbi
727 3639 866 3678 sensus
891 3619 990 3678 idem
1014 3621 1080 3678 est‘?

214 3711 263 3764 28.
286 3708 429 3778 Profecto,
453 3729 513 3766 rem
537 3711 656 3767 omnino
673 3711 703 3764 iu
720 3705 866 3764 abstracto
889 3705 1110 3775 considerando,
1135 3726 1193 3764 una
1215 3707 1352 3764 voluntas

110 3793 229 3851 ralrlo
252 3793 414 3852 diversa
444 3797 612 3868 significare
636 3808 750 3873 potest:
773 3809 803 3851 et
825 3805 984 3871 autequam
1018 3794 1151 3851 Honorio
1174 3813 1242 3851 usus
1267 3793 1353 3852 buius

107 3881 244 3938 vocabuli
270 3884 348 3939 ¹uitio
378 3897 516 3945 vertatur,
549 3885 677 3961 prolecto
707 3880 900 3939 veliementer
922 3879 1168 3938 eonsiderandum
1192 3891 1244 3950 est,
1268 3901 1355 3958 quo-

111 3989 196 4025 nam
221 3989 259 4026 ex
282 3968 407 4026 dirersis
432 3970 566 4028 sensibus
590 3973 676 4048 ipso
699 3979 804 4037 utatur,
828 3979 923 4026 utrum
948 3968 1097 4026 haeretico
1114 3988 1152 4024 an
1171 3967 1245 4026 forte
1261 3970 1357 4046 potius

108 4059 231 4112 omnino
254 4056 408 4114 catholico.

214 4145 258 4199 :lc
290 4145 383 4219 primo
415 4142 534 4222 quidem
567 4153 660 4220 potest
696 4144 868 4214 „volomtaffl
897 4163 948 4218 pro
980 4143 989 4198 i
1000 4161 1067 4218 psa
1097 4139 1267 4198 volendi
1299 4162 1358 4218 po·

110 4231 239 4285 tentia
269 4227 404 4286 adbiberi
436 4241 465 4290 et
488 4244 557 4287 tuuc
592 4234 685 4301 „urim
721 4230 858 4286 voluutas
895 4229 1043 4302 signifieat
1077 4247 1166 4286 urnam
1198 4228 1356 4284 volitivam

109 4317 280 4391 potentiam,
303 4326 456 4394 potestque
479 4317 528 4374 vel
551 4303 668 4374 reulitei·
691 4326 720 4374 et
745 4316 901 4384 numeriae,
925 4315 972 4372 vel
996 4323 1109 4372 tantum
1135 4315 1230 4390 logice
1259 4319 1352 4386 „una“

108 4422 192 4460 esse:
217 4422 274 4479 quo
297 4424 384 4460 seusu
407 4423 473 4472 utra,
496 4404 635 4477 logice,
658 4404 805 4462 volumtas
828 4400 954 4460 habetur
978 4404 1008 4459 in
1032 4401 1120 4459 Petro
1145 4414 1173 4458 et
1197 4403 1228 4458 in
1252 4400 1355 4466 Paulo,

107 4491 177 4565 quia
199 4491 319 4547 omnino
335 4490 470 4551 similem.
487 4492 583 4566 speeie
600 4489 725 4547 eandem
743 4490 926 4548 voluntatem
942 4509 994 4546 seu
1010 4489 1166 4546 volitivam
1191 4490 1356 4565 potentiam

110 4575 240 4637 habent:
266 4579 467 4633 numerice
498 4597 574 4646 vero,
598 4575 701 4632 euclem
718 4597 814 4645 serien,
831 4597 919 4634 unam
937 4575 1119 4633 voluntatem
1144 4573 1235 4633 babet
1258 4573 1359 4648 Pater,¹

110 4663 205 4720 Filius
228 4677 256 4720 et
281 4666 406 4740 Spiritus
431 4668 563 4727 Sanctus,
598 4665 668 4740 quia
691 4662 814 4720 eandem
848 4683 970 4720 numero
995 4661 1149 4720 volitivam
1184 4661 1356 4739 potentiam,

109 4751 209 4826 utiquc
240 4771 304 4807 cum
338 4749 442 4808 divina
477 4771 530 4807 sua
560 4753 690 4807 essentia
724 4749 938 4807 itleutitieatam
968 4747 1087 4818 babent,
1123 4757 1152 4804 et
1180 4749 1234 4806 boe
1267 4767 1356 4805 sensu
