3450 5342
713 471 885 525 -ea-

176 657 246 736 qnid
271 659 339 717 novi
364 658 467 716 afferat
488 659 659 717 constitutio
681 658 825 728 Leonica,
848 657 1031 717 demonstrat
1048 661 1079 717 iu
1096 673 1237 737 quantum
1261 661 1360 718 mitior·
1383 663 1421 721 sit

175 745 248 803 haec
263 746 442 817 constitutio,
464 747 588 823 inquirit
604 766 665 803 rem
680 756 742 803 tum
758 745 881 803 iuridice
897 756 958 803 tum
975 746 1133 819 moraliter,
1156 745 1284 825 denique
1300 749 1421 824 attingit

175 850 277 889 omnes
301 832 488 909 quaestiones
511 831 625 904 aflines,
648 834 738 891 etiam
761 831 799 891 ad
823 834 1011 891 casuisticam
1034 834 1131 911 potius
1154 844 1329 911 spectantes

280 917 341 976 Sub
364 919 453 977 finem
477 920 582 997 operis,
612 918 691 997 quod
714 920 836 977 maximi
860 919 1051 977 emolumenti
1074 919 1148 978 illud
1171 919 1277 991 reddit,
1305 920 1422 980 addidit

173 1017 275 1063 auctor
296 1006 354 1063 tria
376 1005 590 1083 supplementa.
611 1007 648 1065 ln
662 1007 758 1085 primo
773 1008 918 1065 concinne
933 1016 1093 1079 enumerat,
1110 1008 1212 1085 quales
1227 1007 1304 1079 libri,
1322 1008 1422 1087 qualia

174 1092 246 1150 folia
268 1091 419 1170 periodica
441 1103 492 1150 aut
515 1092 587 1151 folia
609 1092 897 1171 volantiaaquibus
910 1103 939 1151 et
952 1091 1005 1152 sub
1022 1092 1128 1171 quibus
1150 1095 1254 1172 poenis
1276 1095 1335 1172 legi
1356 1116 1422 1173 prc-

173 1179 341 1240 hibeantur.
376 1179 412 1238 Iu
435 1176 581 1238 secundo:
604 1182 654 1257 qui
678 1178 747 1238 libri
770 1190 822 1239 aut
843 1200 920 1259 quae
943 1180 1014 1238 folia
1037 1177 1187 1259 periodica
1210 1180 1421 1260 approbatione

175 1268 301 1324 Romani
324 1266 488 1336 Pontificio,
520 1286 654 1345 quaeque
685 1268 824 1345 Episcopi
855 1276 969 1326 tantum
1008 1266 1220 1345 approbatione
1258 1268 1420 1345 indigeant.

175 1354 211 1411 In
227 1354 315 1411 tertio
330 1365 482 1411 enumerat
497 1353 685 1431 alphabetico
706 1352 810 1412 ordine
832 1374 935 1412 omnes
960 1352 1058 1425 libros,
1083 1356 1131 1433 qui
1157 1354 1306 1433 hucusque
1328 1358 1422 1413 uomi-

175 1442 269 1498 natim
292 1459 311 1496 a
334 1440 465 1498 llomauo
488 1440 634 1499 Pontifice
656 1439 798 1518 prohibiti
824 1450 901 1499 sunt.

280 1524 502 1603 Subiunguntur
525 1526 582 1585 duo
605 1526 736 1586 indices:
767 1528 920 1587 nominum
944 1528 1073 1586 omnium
1098 1542 1248 1587 auctorum
1271 1538 1300 1586 et
1323 1549 1421 1607 perso-

175 1634 288 1684 narum,
312 1632 434 1691 quarum
457 1614 488 1672 in
511 1612 635 1673 decursu
658 1613 726 1671 libri
749 1616 860 1673 mentio
884 1614 924 1685 lit,
948 1624 1036 1693 atque
1059 1616 1149 1673 totius
1172 1618 1320 1679 materiae.
1345 1636 1420 1695 (luae

175 1703 206 1757 in
228 1699 305 1757 libro
328 1710 476 1763 tractatur.

283 1786 417 1855 Accedit,
447 1786 526 1865 qnod
548 1807 604 1845 uec
626 1786 777 1845 technicas
799 1798 877 1845 artes
901 1787 1132 1867 typographicae
1156 1801 1256 1847 auctor
1278 1789 1420 1865 neglexit,

175 1883 206 1931 nt
221 1874 354 1931 faciliore
368 1872 456 1932 modo
470 1872 547 1931 liber
568 1873 680 1944 consuli
695 1883 803 1952 posset,
825 1895 885 1933 non
909 1874 1002 1933 solnm
1026 1876 1171 1932 variorum
1197 1886 1334 1954 typorum
1358 1896 1419 1949 usu,

174 1959 226 2018 sed
256 1962 377 2039 insuper
406 1959 549 2019 distincta
579 1962 782 2019 numeratione
812 1962 844 2019 in
874 1962 1009 2038 margine
1039 1963 1151 2038 posita:
1190 1960 1418 2041 diligentissimo

173 2068 291 2126 qnoque
310 2068 375 2105 cum
395 2046 493 2106 studio
508 2046 629 2125 collegit
644 2047 839 2106 litteraturam
855 2047 893 2105 de
909 2046 1012 2105 Iudice
1028 2058 1116 2125 atque
1132 2051 1164 2107 in
1180 2047 1419 2108 adnotationibus

175 2154 265 2213 (qnam
288 2136 508 2193 accuratissime
529 2134 672 2212 plurimos
694 2136 798 2192 citarit
821 2144 963 2195 auctores.

283 2222 333 2278 lix
350 2221 397 2279 his
418 2230 499 2299 patet
518 2222 759 2299 compositionem
779 2223 876 2300 operis
895 2221 985 2279 talem
1004 2240 1077 2291 esse,
1100 2232 1132 2279 ut
1152 2243 1210 2281 uon
1230 2222 1323 2281 solum
1344 2224 1420 2280 serio

174 2307 272 2367 studio
304 2309 456 2379 inserviat,
485 2306 650 2367 sedetiam
673 2309 779 2386 quavis
801 2306 872 2366 data
895 2310 1056 2381 occasione,
1079 2310 1110 2365 iu
1134 2328 1307 2388 quocunque
1331 2308 1419 2368 dubio

174 2396 290 2453 consuli
323 2397 433 2473 possit:
467 2397 568 2472 itaque
601 2396 767 2474 unicuique,
801 2396 907 2453 saltem
942 2394 1095 2465 sacerdoti,
1129 2394 1166 2453 ad
1202 2415 1322 2455 menum
1355 2414 1419 2454 esse

172 2480 290 2541 debeat.
1124 2474 1158 2544 0.
1183 2476 1376 2565 Konopion.

280 2652 326 2721 Εκ
348 2651 537 2737 neriodtcts,
581 2666 644 2719 uae
666 2666 751 2719 anne
781 2650 869 2720 1905
893 2651 1086 2719 edebantur.

278 2736 520 2804 Kwartolnilc
542 2668 799 2823 ideoloyiczny
822 2739 919 2799 editur
942 2740 1105 2800 Varsoviae
1129 2740 1182 2801 sub
1205 2741 1367 2801 directione
1385 2744 1420 2801 R.

171 2830 211 2889 1).
234 2830 361 2889 Antonii
385 2828 571 2889 Saeniawslii
593 2837 697 2907 quater
719 2830 751 2887 iu
774 2848 853 2886 auno
876 2826 1025 2887 fasciculis
1048 2829 1166 2887 circiter
1189 2830 1252 2888 200
1267 2850 1334 2908 pag.
1351 2850 1420 2889 con-

169 2916 344 2989 tinentibus,
366 2936 432 2975 cnm
446 2914 611 2995 appendice
632 2913 870 2993 bibliographiac
893 2923 922 2973 et
946 2916 1066 2974 criticae
1088 2915 1252 2975 litterarum
1275 2917 1422 2995 theologi·

170 3024 271 3063 carum
287 3002 454 3076 destinato,
473 3002 599 3081 pretium
616 3001 840 3081 subscriptionis
857 3002 875 3059 0
893 3000 954 3059 rub.
979 3004 1069 3061 Auno
1088 3004 1169 3061 1902
1186 3002 1310 3063 fundata
1324 3002 1420 3082 publi-

170 3094 249 3151 catio
271 3090 345 3149 haec
368 3090 479 3148 ultimis
510 3088 691 3168 temporibus
713 3088 805 3147 multo
836 3090 938 3159 serius,
971 3108 1059 3167 quem
1087 3088 1248 3168 oportebat,
1278 3089 1420 3150 edebatur

172 3178 263 3257 idque
286 3175 332 3235 bis
352 3187 469 3237 tautum
483 3197 536 3256 per
552 3196 662 3235 annum
677 3174 788 3235 libellis
803 3174 970 3253 duplicatis.
992 3176 1233 3247 Recentissimus,
1256 3178 1306 3255 qni
1323 3177 1418 3237 editus

170 3276 224 3336 est,
255 3262 374 3323 libellus
395 3266 521 3343 primum
555 3264 627 3322 anni
649 3263 743 3341 elapsi
766 3264 894 3340 spatium
918 3271 1058 3321 semestre
1081 3272 1202 3341 spectat.
1236 3262 1363 3322 Articuli
1387 3266 1419 3322 in

170 3356 236 3432 ipsc
259 3354 391 3411 contenti
414 3360 501 3410 sunt:

276 3437 725 3517 Biskupi'sufragani
756 3434 1044 3515 wloclawscy
1068 3434 1221 3515 (Episcopi
1243 3436 1420 3513 suffraganei

169 3522 453 3601 vladislaviensens)
475 3542 592 3582 anctore
615 3526 657 3582 st.
681 3520 798 3581 Ohod
809 3521 953 3601 yirski,
986 3542 1013 3600 p.
1039 3524 1154 3585 1-16.
1177 3524 1290 3581 Auctor
1312 3532 1419 3581 tractat

171 3614 209 3672 de
232 3614 386 3692 episcopis,
407 3613 459 3690 qui
481 3611 641 3669 auxiliares
662 3617 814 3681 vocantur,
842 3628 964 3687 quorum
988 3610 1134 3687 originem
1156 3628 1174 3667 a
1203 3610 1420 3689 chorepiscopis

173 3700 302 3759 deducit.
325 3700 372 3757 De
395 3697 590 3757 auxiliaribus
604 3697 750 3775 episcopis
773 3697 806 3755 in
823 3695 948 3755 Polouia
964 3697 1077 3774 primae
1093 3698 1258 3756 mentiones
1273 3696 1420 3755 habentur

171 3787 290 3846 demum
306 3807 344 3844 ex
359 3784 476 3845 saecmo
492 3784 577 3842 XIV.
595 3782 646 3841 Ad
661 3782 839 3861 dignitatem
854 3782 933 3841 hanc
948 3784 1035 3842 initio
1051 3782 1199 3861 regulares
1214 3792 1246 3841 ut
1261 3784 1419 3862 plurimum

170 3873 376 3952 eligebantur3
407 3893 425 3929 a
447 3872 564 3931 saeculo
586 3870 672 3928 XVI.
695 3871 804 3929 assumi
827 3870 924 3948 coepti
948 3879 1015 3929 sunt
1042 3870 1254 3947 ,suffraganei“
1282 3890 1318 3929 ex
1342 3869 1420 3930 clerc

173 3961 324 4021 saeculmi
348 3960 385 4017 In
407 3957 534 4017 dioecesi
558 3956 784 4017 vladislaviensi
807 3975 859 4015 seu
883 3958 1047 4015 cuiavieusi
1070 3956 1269 4033 suffraganeos
1291 3957 1421 4035 eligebat

170 4051 234 4127 ipse
257 4046 422 4105 ordinarius
444 4046 509 4104 loci.
542 4046 633 4103 Anno
658 4045 741 4102 1500
763 4041 801 4101 ab
824 4042 962 4122 episcopo
986 4051 1127 4103 statutum
1150 4054 1202 4114 est,
1233 4056 1265 4103 ut
1288 4043 1418 4122 dignitas

170 4134 348 4211 suffraganei
370 4136 402 4191 in
425 4142 598 4210 perpetuum
621 4138 826 4191 annecteretur
848 4127 989 4207 dignitati
1021 4129 1163 4189 abbatiali
1187 4133 1218 4190 in
1241 4132 1418 4190 monasterio

169 4221 403 4281 cisterciensium
425 4221 458 4277 in
479 4220 656 4289 Koronowo,
683 4237 760 4295 qnae
781 4224 883 4275 tamen
906 4214 1053 4275 ordinatio
1076 4236 1251 4276 consensum
1274 4220 1303 4278 ὃ.
1334 4217 1419 4277 Sedis

169 4330 230 4367 non
252 4306 380 4366 obtinuit
403 4317 434 4365 et
455 4326 530 4365 unus
553 4315 668 4363 tantum
690 4301 783 4363 abbas
798 4303 830 4361 in
846 4304 1017 4382 episcopum
1036 4304 1251 4381 suffraganeum
1267 4306 1419 4383 praeconi·

168 4406 327 4455 natusest.
364 4396 401 4452 17
425 4393 604 4469 suffraganei
627 4390 875 4449 vladislavieuses
897 4390 1016 4449 titulum
1044 4393 1174 4469 episcopi
1197 4392 1418 4468 margaritensis

168 4485 187 4539 i.
211 4503 238 4559 p.
260 4483 280 4545 i.
302 4478 468 4561 portabant.
501 4477 620 4538 Deinde
646 4475 853 4536 describuntur
875 4476 1064 4537 fundationes
1085 4488 1115 4535 et
1137 4488 1297 4556 proventus
1327 4477 1419 4536 bene-

169 4570 229 4626 licii
253 4568 392 4645 dignitati
416 4566 485 4626 huic
509 4565 650 4624 adiunmi.
673 4564 751 4641 (Rei.
774 4562 869 4641 sequ.)

272 4654 328 4713 Ks.
362 4653 434 4713 Wl.
467 4650 679 4726 Debicki:
713 4650 999 4711 Ocelowoici
1034 4670 1060 4705 w
1095 4650 1368 4729 przyrodzie,
1393 4671 1422 4729 p.

171 4744 307 4813 17-32,
331 4740 419 4799 refert
441 4741 596 4818 opiniones
617 4738 785 4817 physiologi
809 4737 909 4797 Caroli
932 4737 1040 4795 ltichet
1055 4735 1092 4795 de
1108 4736 1252 4797 finalitate
1267 4739 1299 4795 in
1315 4750 1420 4796 natura

167 4848 273 4889 rernm.
