<?xml version="1.0" encoding="UTF-8"?>
<!DOCTYPE html PUBLIC "-//W3C//DTD XHTML 1.0 Transitional//EN"
    "http://www.w3.org/TR/xhtml1/DTD/xhtml1-transitional.dtd">
<html xmlns="http://www.w3.org/1999/xhtml" xml:lang="en" lang="en">
 <head>
  <title>
</title>
<meta http-equiv="Content-Type" content="text/html;charset=utf-8" />
  <meta name='ocr-system' content='tesseract 3.04.00' />
  <meta name='ocr-capabilities' content='ocr_page ocr_carea ocr_par ocr_line ocrx_word'/>
</head>
<body>
  <div class='ocr_page' id='page_1' title='image "./slavorumlittera00unkngoog_0431.png"; bbox 0 0 3450 5342; ppageno 0'>
   <div class='ocr_carea' id='block_1_1' title="bbox 729 338 898 432">
    <p class='ocr_par' dir='ltr' id='par_1_1' title="bbox 729 338 898 432">
     <span class='ocr_line' id='line_1_1' title="bbox 729 338 898 432; baseline -0.018 0"><span class='ocrx_word' id='word_1_1' title='bbox 729 338 898 432; x_wconf 50' lang='grc' dir='ltr'>ἔθεε-</span> 
     </span>
    </p>
   </div>
   <div class='ocr_carea' id='block_1_2' title="bbox 187 558 1432 1334">
    <p class='ocr_par' dir='ltr' id='par_1_2' title="bbox 187 558 1432 1334">
     <span class='ocr_line' id='line_1_2' title="bbox 188 558 1427 642; baseline 0 -22"><span class='ocrx_word' id='word_1_2' title='bbox 188 563 322 621; x_wconf 89' lang='lat' dir='ltr'>homiues</span> <span class='ocrx_word' id='word_1_3' title='bbox 345 563 491 624; x_wconf 88' lang='lat' dir='ltr'>latuerunt</span> <span class='ocrx_word' id='word_1_4' title='bbox 515 573 555 635; x_wconf 74' lang='lat' dir='ltr'>(v.</span> <span class='ocrx_word' id='word_1_5' title='bbox 570 587 613 642; x_wconf 84' lang='lat' dir='ltr'>gr.</span> <span class='ocrx_word' id='word_1_6' title='bbox 627 563 664 622; x_wconf 93' lang='lat' dir='ltr'>de</span> <span class='ocrx_word' id='word_1_7' title='bbox 680 563 755 622; x_wconf 92' lang='lat' dir='ltr'>libro</span> <span class='ocrx_word' id='word_1_8' title='bbox 771 564 807 622; x_wconf 89' lang='lat' dir='ltr'>de</span> <span class='ocrx_word' id='word_1_9' title='bbox 823 566 927 636; x_wconf 86' lang='lat' dir='ltr'>causis,</span> <span class='ocrx_word' id='word_1_10' title='bbox 950 561 986 622; x_wconf 90' lang='lat' dir='ltr'>de</span> <span class='ocrx_word' id='word_1_11' title='bbox 1006 558 1142 642; x_wconf 79' lang='lat' dir='ltr'><strong>operibus</strong></span> <span class='ocrx_word' id='word_1_12' title='bbox 1156 562 1427 641; x_wconf 86' lang='lat' dir='ltr'>Pseudo-Dionysii</span> 
     </span>
     <span class='ocr_line' id='line_1_3' title="bbox 187 648 1431 730; baseline -0.002 -22"><span class='ocrx_word' id='word_1_13' title='bbox 187 650 327 727; x_wconf 84' lang='lat' dir='ltr'>alisque).</span> <span class='ocrx_word' id='word_1_14' title='bbox 351 648 513 728; x_wconf 78' lang='lat' dir='ltr'>(Optatam,</span> <span class='ocrx_word' id='word_1_15' title='bbox 535 665 567 710; x_wconf 88' lang='lat' dir='ltr'>ut</span> <span class='ocrx_word' id='word_1_16' title='bbox 588 652 746 730; x_wconf 90' lang='lat' dir='ltr'>unicuique</span> <span class='ocrx_word' id='word_1_17' title='bbox 768 654 849 728; x_wconf 90' lang='lat' dir='ltr'>operi</span> <span class='ocrx_word' id='word_1_18' title='bbox 873 650 1006 710; x_wconf 89' lang='lat' dir='ltr'>additum</span> <span class='ocrx_word' id='word_1_19' title='bbox 1030 659 1114 720; x_wconf 81' lang='lat' dir='ltr'>esset,</span> <span class='ocrx_word' id='word_1_20' title='bbox 1140 670 1196 728; x_wconf 92' lang='lat' dir='ltr'>quo</span> <span class='ocrx_word' id='word_1_21' title='bbox 1218 652 1334 708; x_wconf 88' lang='lat' dir='ltr'>circiter</span> <span class='ocrx_word' id='word_1_22' title='bbox 1356 661 1431 708; x_wconf 89' lang='lat' dir='ltr'>tem·</span> 
     </span>
     <span class='ocr_line' id='line_1_4' title="bbox 188 737 1429 816; baseline 0.001 -23"><span class='ocrx_word' id='word_1_23' title='bbox 188 757 258 813; x_wconf 89' lang='lat' dir='ltr'>pore</span> <span class='ocrx_word' id='word_1_24' title='bbox 289 757 360 814; x_wconf 90' lang='lat' dir='ltr'>opus</span> <span class='ocrx_word' id='word_1_25' title='bbox 391 740 588 816; x_wconf 87' lang='lat' dir='ltr'>conscriptum</span> <span class='ocrx_word' id='word_1_26' title='bbox 618 739 664 808; x_wconf 79' lang='lat' dir='ltr'>sit,</span> <span class='ocrx_word' id='word_1_27' title='bbox 696 737 774 816; x_wconf 91' lang='lat' dir='ltr'>quod</span> <span class='ocrx_word' id='word_1_28' title='bbox 804 737 926 816; x_wconf 92' lang='lat' dir='ltr'>quidem</span> <span class='ocrx_word' id='word_1_29' title='bbox 957 737 1094 796; x_wconf 78' lang='lat' dir='ltr'>studiosis</span> <span class='ocrx_word' id='word_1_30' title='bbox 1126 757 1213 814; x_wconf 90' lang='lat' dir='ltr'>saepe</span> <span class='ocrx_word' id='word_1_31' title='bbox 1245 755 1303 795; x_wconf 92' lang='lat' dir='ltr'>non</span> <span class='ocrx_word' id='word_1_32' title='bbox 1327 753 1429 814; x_wconf 86' lang='lat' dir='ltr'>parum</span> 
     </span>
     <span class='ocr_line' id='line_1_5' title="bbox 187 821 1429 902; baseline 0.001 -23"><span class='ocrx_word' id='word_1_33' title='bbox 187 821 366 895; x_wconf 77' lang='lat' dir='ltr'>inserviret.)</span> <span class='ocrx_word' id='word_1_34' title='bbox 398 825 554 883; x_wconf 88' lang='lat' dir='ltr'>Praeterea</span> <span class='ocrx_word' id='word_1_35' title='bbox 583 833 734 882; x_wconf 79' lang='lat' dir='ltr'>enumerat</span> <span class='ocrx_word' id='word_1_36' title='bbox 765 823 911 882; x_wconf 79' lang='lat' dir='ltr'>editiones</span> <span class='ocrx_word' id='word_1_37' title='bbox 941 843 1060 902; x_wconf 90' lang='lat' dir='ltr'>operum</span> <span class='ocrx_word' id='word_1_38' title='bbox 1092 827 1120 882; x_wconf 67' lang='lat' dir='ltr'>S.</span> <span class='ocrx_word' id='word_1_39' title='bbox 1149 823 1283 882; x_wconf 74' lang='lat' dir='ltr'>&#39;l&#39;homae</span> <span class='ocrx_word' id='word_1_40' title='bbox 1314 837 1429 881; x_wconf 78' lang='lat' dir='ltr'>necnon</span> 
     </span>
     <span class='ocr_line' id='line_1_6' title="bbox 187 910 1428 989; baseline 0.001 -22"><span class='ocrx_word' id='word_1_41' title='bbox 187 912 338 987; x_wconf 70' lang='lat' dir='ltr'>gratiores</span> <span class='ocrx_word' id='word_1_42' title='bbox 359 913 518 969; x_wconf 85' lang='lat' dir='ltr'>versiones.</span> <span class='ocrx_word' id='word_1_43' title='bbox 551 910 641 970; x_wconf 83' lang='lat' dir='ltr'>Haud</span> <span class='ocrx_word' id='word_1_44' title='bbox 671 914 757 989; x_wconf 92' lang='lat' dir='ltr'>pauci</span> <span class='ocrx_word' id='word_1_45' title='bbox 789 911 911 969; x_wconf 84' lang='lat' dir='ltr'>fortasse</span> <span class='ocrx_word' id='word_1_46' title='bbox 943 913 1087 988; x_wconf 73' lang='lat' dir='ltr'>ignorant,</span> <span class='ocrx_word' id='word_1_47' title='bbox 1118 910 1218 988; x_wconf 90' lang='lat' dir='ltr'>aliqua</span> <span class='ocrx_word' id='word_1_48' title='bbox 1241 911 1270 968; x_wconf 80' lang='lat' dir='ltr'>S.</span> <span class='ocrx_word' id='word_1_49' title='bbox 1293 911 1428 968; x_wconf 79' lang='lat' dir='ltr'>&#39;l&#39;hemae</span> 
     </span>
     <span class='ocr_line' id='line_1_7' title="bbox 188 995 1432 1074; baseline 0.001 -21"><span class='ocrx_word' id='word_1_50' title='bbox 188 1018 276 1074; x_wconf 87' lang='lat' dir='ltr'>opera</span> <span class='ocrx_word' id='word_1_51' title='bbox 299 1000 332 1055; x_wconf 93' lang='lat' dir='ltr'>in</span> <span class='ocrx_word' id='word_1_52' title='bbox 349 995 504 1069; x_wconf 80' lang='lat' dir='ltr'>Graecum,</span> <span class='ocrx_word' id='word_1_53' title='bbox 515 997 694 1068; x_wconf 73' lang='lat' dir='ltr'>Hebraeum,</span> <span class='ocrx_word' id='word_1_54' title='bbox 708 999 880 1070; x_wconf 82' lang='lat' dir='ltr'>Annaeum,</span> <span class='ocrx_word' id='word_1_55' title='bbox 897 1001 986 1056; x_wconf 89' lang='lat' dir='ltr'>immo</span> <span class='ocrx_word' id='word_1_56' title='bbox 1002 999 1156 1056; x_wconf 58' lang='lat' dir='ltr'>&amp;inensem</span> <span class='ocrx_word' id='word_1_57' title='bbox 1172 1017 1336 1055; x_wconf 89' lang='lat' dir='ltr'>sermonem</span> <span class='ocrx_word' id='word_1_58' title='bbox 1346 1017 1432 1054; x_wconf 87' lang='lat' dir='ltr'>versa</span> 
     </span>
     <span class='ocr_line' id='line_1_8' title="bbox 189 1083 1430 1163; baseline 0.002 -23"><span class='ocrx_word' id='word_1_59' title='bbox 189 1103 261 1142; x_wconf 82' lang='lat' dir='ltr'>esse.</span> <span class='ocrx_word' id='word_1_60' title='bbox 281 1085 437 1142; x_wconf 86' lang='lat' dir='ltr'>Postremo</span> <span class='ocrx_word' id='word_1_61' title='bbox 459 1096 610 1142; x_wconf 81' lang='lat' dir='ltr'>enumerat</span> <span class='ocrx_word' id='word_1_62' title='bbox 632 1087 722 1142; x_wconf 91' lang='lat' dir='ltr'>etiam</span> <span class='ocrx_word' id='word_1_63' title='bbox 745 1083 923 1163; x_wconf 80' lang='lat' dir='ltr'>biographos</span> <span class='ocrx_word' id='word_1_64' title='bbox 942 1087 971 1142; x_wconf 74' lang='lat' dir='ltr'>S.</span> <span class='ocrx_word' id='word_1_65' title='bbox 986 1085 1130 1161; x_wconf 79' lang='lat' dir='ltr'>Thomas,</span> <span class='ocrx_word' id='word_1_66' title='bbox 1153 1087 1230 1142; x_wconf 90' lang='lat' dir='ltr'>inter</span> <span class='ocrx_word' id='word_1_67' title='bbox 1252 1085 1430 1142; x_wconf 77' lang='lat' dir='ltr'>recentiores</span> 
     </span>
     <span class='ocr_line' id='line_1_9' title="bbox 190 1155 1432 1250; baseline 0.004 -24"><span class='ocrx_word' id='word_1_68' title='bbox 190 1169 236 1232; x_wconf 84' lang='lat' dir='ltr'>F&#39;r.</span> <span class='ocrx_word' id='word_1_69' title='bbox 258 1168 323 1230; x_wconf 79' lang='lat' dir='ltr'>Jos.</span> <span class='ocrx_word' id='word_1_70' title='bbox 346 1155 463 1242; x_wconf 59' lang='lat' dir='ltr'>hevelli,</span> <span class='ocrx_word' id='word_1_71' title='bbox 487 1174 536 1250; x_wconf 92' lang='lat' dir='ltr'>qui</span> <span class='ocrx_word' id='word_1_72' title='bbox 560 1192 585 1230; x_wconf 87' lang='lat' dir='ltr'>a.</span> <span class='ocrx_word' id='word_1_73' title='bbox 612 1173 692 1230; x_wconf 83' lang='lat'>1899</span> <span class='ocrx_word' id='word_1_74' title='bbox 717 1193 851 1230; x_wconf 89' lang='lat' dir='ltr'>sermone</span> <span class='ocrx_word' id='word_1_75' title='bbox 874 1171 1034 1230; x_wconf 89' lang='lat' dir='ltr'>Bohemico</span> <span class='ocrx_word' id='word_1_76' title='bbox 1061 1169 1155 1229; x_wconf 88' lang='lat' dir='ltr'>edidit</span> <span class='ocrx_word' id='word_1_77' title='bbox 1178 1169 1285 1229; x_wconf 87' lang='lat' dir='ltr'>librum</span> <span class='ocrx_word' id='word_1_78' title='bbox 1308 1169 1345 1228; x_wconf 90' lang='lat' dir='ltr'>de</span> <span class='ocrx_word' id='word_1_79' title='bbox 1368 1172 1432 1232; x_wconf 81' lang='lat' dir='ltr'>vita</span> 
     </span>
     <span class='ocr_line' id='line_1_10' title="bbox 191 1250 1388 1334; baseline 0.001 -20"><span class='ocrx_word' id='word_1_80' title='bbox 191 1259 358 1334; x_wconf 83' lang='lat' dir='ltr'>Aquinatis.</span> <span class='ocrx_word' id='word_1_81' title='bbox 1034 1257 1086 1316; x_wconf 90' lang='lat' dir='ltr'>Dr.</span> <span class='ocrx_word' id='word_1_82' title='bbox 1112 1253 1151 1318; x_wconf 84' lang='lat' dir='ltr'>A.</span> <span class='ocrx_word' id='word_1_83' title='bbox 1182 1250 1388 1320; x_wconf 55' lang='lat' dir='ltr'>Uimidiiik.</span> 
     </span>
    </p>
   </div>
   <div class='ocr_carea' id='block_1_3' title="bbox 203 1427 1380 1642">
    <p class='ocr_par' dir='ltr' id='par_1_3' title="bbox 203 1427 1380 1642">
     <span class='ocr_line' id='line_1_11' title="bbox 203 1427 1379 1522; baseline 0.002 -4"><span class='ocrx_word' id='word_1_84' title='bbox 203 1512 207 1518; x_wconf 89' lang='lat'>.</span> <span class='ocrx_word' id='word_1_85' title='bbox 239 1443 374 1520; x_wconf 82' lang='lat' dir='ltr'>PARS</span> <span class='ocrx_word' id='word_1_86' title='bbox 411 1441 846 1522; x_wconf 82' lang='lat' dir='ltr'>DISSENSIONIBUS</span> <span class='ocrx_word' id='word_1_87' title='bbox 883 1441 1044 1519; x_wconf 84' lang='lat' dir='ltr'>INTER</span> <span class='ocrx_word' id='word_1_88' title='bbox 1077 1427 1379 1520; x_wconf 87' lang='lat' dir='ltr'>ECCLESIAM</span> 
     </span>
     <span class='ocr_line' id='line_1_12' title="bbox 239 1561 1380 1642; baseline -0.001 -1"><span class='ocrx_word' id='word_1_89' title='bbox 239 1562 662 1642; x_wconf 82' lang='lat' dir='ltr'>OCClDENTALEM</span> <span class='ocrx_word' id='word_1_90' title='bbox 694 1566 761 1641; x_wconf 84' lang='lat' dir='ltr'>ET</span> <span class='ocrx_word' id='word_1_91' title='bbox 798 1563 1145 1642; x_wconf 85' lang='lat' dir='ltr'><strong>ORIENTALEM</strong></span> <span class='ocrx_word' id='word_1_92' title='bbox 1173 1561 1380 1641; x_wconf 88' lang='lat' dir='ltr'>COMPO-</span> 
     </span>
    </p>
   </div>
   <div class='ocr_carea' id='block_1_4' title="bbox 180 1943 1428 4626">
    <p class='ocr_par' dir='ltr' id='par_1_4' title="bbox 187 1943 1428 2099">
     <span class='ocr_line' id='line_1_13' title="bbox 291 1943 1428 2029; baseline -0.001 -17"><span class='ocrx_word' id='word_1_93' title='bbox 291 1943 368 2012; x_wconf 83' lang='lat' dir='ltr'>iiunt</span> <span class='ocrx_word' id='word_1_94' title='bbox 398 1943 567 2012; x_wconf 70' lang='lat' dir='ltr'>ecciesiae</span> <span class='ocrx_word' id='word_1_95' title='bbox 596 1944 782 2012; x_wconf 81' lang='lat' dir='ltr'>orientales</span> <span class='ocrx_word' id='word_1_96' title='bbox 811 1944 854 2012; x_wconf 82' lang='lat' dir='ltr'>alt</span> <span class='ocrx_word' id='word_1_97' title='bbox 887 1943 1015 2012; x_wconf 86' lang='lat' dir='ltr'>unitate</span> <span class='ocrx_word' id='word_1_98' title='bbox 1046 1943 1215 2012; x_wconf 76' lang='lat' dir='ltr'>esnatica</span> <span class='ocrx_word' id='word_1_99' title='bbox 1245 1944 1428 2029; x_wconf 82' lang='lat' dir='ltr'>separatae</span> 
     </span>
     <span class='ocr_line' id='line_1_14' title="bbox 187 2029 1003 2099; baseline 0.004 -3"><span class='ocrx_word' id='word_1_100' title='bbox 187 2029 332 2098; x_wconf 83' lang='lat' dir='ltr'>habeant</span> <span class='ocrx_word' id='word_1_101' title='bbox 355 2047 603 2099; x_wconf 81' lang='lat' dir='ltr'>eaemmconon</span> <span class='ocrx_word' id='word_1_102' title='bbox 630 2032 802 2099; x_wconf 80' lang='lat' dir='ltr'>extremae</span> <span class='ocrx_word' id='word_1_103' title='bbox 824 2030 1003 2099; x_wconf 84' lang='lat' dir='ltr'>unctionis.</span> 
     </span>
    </p>

    <p class='ocr_par' dir='ltr' id='par_1_5' title="bbox 180 2116 1428 4454">
     <span class='ocr_line' id='line_1_15' title="bbox 284 2116 1424 2198; baseline 0.003 -18"><span class='ocrx_word' id='word_1_104' title='bbox 284 2116 341 2182; x_wconf 80' lang='lat' dir='ltr'>Est</span> <span class='ocrx_word' id='word_1_105' title='bbox 364 2118 483 2198; x_wconf 89' lang='lat' dir='ltr'>dogma</span> <span class='ocrx_word' id='word_1_106' title='bbox 505 2117 589 2197; x_wconf 87' lang='lat' dir='ltr'>fidei,</span> <span class='ocrx_word' id='word_1_107' title='bbox 619 2128 713 2182; x_wconf 80' lang='lat' dir='ltr'>extra</span> <span class='ocrx_word' id='word_1_108' title='bbox 734 2120 910 2183; x_wconf 89' lang='lat' dir='ltr'>ecclesiam</span> <span class='ocrx_word' id='word_1_109' title='bbox 933 2117 1051 2182; x_wconf 85' lang='lat' dir='ltr'>Christi</span> <span class='ocrx_word' id='word_1_110' title='bbox 1075 2135 1140 2180; x_wconf 90' lang='lat' dir='ltr'>non</span> <span class='ocrx_word' id='word_1_111' title='bbox 1171 2137 1243 2182; x_wconf 88' lang='lat' dir='ltr'>esse</span> <span class='ocrx_word' id='word_1_112' title='bbox 1275 2119 1424 2182; x_wconf 88' lang='lat' dir='ltr'>salutem.</span> 
     </span>
     <span class='ocr_line' id='line_1_16' title="bbox 181 2203 1426 2286; baseline 0.002 -20"><span class='ocrx_word' id='word_1_113' title='bbox 181 2203 341 2268; x_wconf 80' lang='lat' dir='ltr'>Novimus</span> <span class='ocrx_word' id='word_1_114' title='bbox 370 2224 456 2283; x_wconf 84' lang='lat' dir='ltr'>vero,</span> <span class='ocrx_word' id='word_1_115' title='bbox 488 2223 544 2286; x_wconf 86' lang='lat' dir='ltr'>per</span> <span class='ocrx_word' id='word_1_116' title='bbox 567 2208 628 2268; x_wconf 84' lang='lat' dir='ltr'>hoc</span> <span class='ocrx_word' id='word_1_117' title='bbox 650 2205 771 2286; x_wconf 82' lang='lat' dir='ltr'>dogma</span> <span class='ocrx_word' id='word_1_118' title='bbox 795 2226 834 2269; x_wconf 90' lang='lat' dir='ltr'>ne</span> <span class='ocrx_word' id='word_1_119' title='bbox 857 2205 994 2286; x_wconf 81' lang='lat' dir='ltr'>gentiles</span> <span class='ocrx_word' id='word_1_120' title='bbox 1017 2205 1149 2286; x_wconf 89' lang='lat' dir='ltr'>quidem</span> <span class='ocrx_word' id='word_1_121' title='bbox 1172 2225 1193 2267; x_wconf 91' lang='lat' dir='ltr'>a</span> <span class='ocrx_word' id='word_1_122' title='bbox 1216 2205 1321 2269; x_wconf 85' lang='lat' dir='ltr'>salute</span> <span class='ocrx_word' id='word_1_123' title='bbox 1345 2205 1426 2268; x_wconf 88' lang='lat' dir='ltr'>sim-</span> 
     </span>
     <span class='ocr_line' id='line_1_17' title="bbox 181 2289 1425 2371; baseline 0.002 -18"><span class='ocrx_word' id='word_1_124' title='bbox 181 2290 308 2371; x_wconf 87' lang='lat' dir='ltr'>pliciter</span> <span class='ocrx_word' id='word_1_125' title='bbox 330 2289 470 2370; x_wconf 81' lang='lat' dir='ltr'>excindi,</span> <span class='ocrx_word' id='word_1_126' title='bbox 493 2293 598 2356; x_wconf 90' lang='lat' dir='ltr'>multo</span> <span class='ocrx_word' id='word_1_127' title='bbox 621 2295 730 2356; x_wconf 88' lang='lat' dir='ltr'>minus</span> <span class='ocrx_word' id='word_1_128' title='bbox 749 2295 931 2358; x_wconf 88' lang='lat' dir='ltr'>haereticos</span> <span class='ocrx_word' id='word_1_129' title='bbox 947 2303 980 2356; x_wconf 90' lang='lat' dir='ltr'>et</span> <span class='ocrx_word' id='word_1_130' title='bbox 995 2291 1221 2356; x_wconf 87' lang='lat' dir='ltr'>schismaticos</span> <span class='ocrx_word' id='word_1_131' title='bbox 1238 2291 1425 2356; x_wconf 85' lang='lat' dir='ltr'>materiales</span> 
     </span>
     <span class='ocr_line' id='line_1_18' title="bbox 182 2378 1423 2461; baseline 0.001 -20"><span class='ocrx_word' id='word_1_132' title='bbox 182 2380 343 2455; x_wconf 81' lang='lat' dir='ltr'>separatis</span> <span class='ocrx_word' id='word_1_133' title='bbox 364 2378 513 2442; x_wconf 88' lang='lat' dir='ltr'>coetibus</span> <span class='ocrx_word' id='word_1_134' title='bbox 535 2380 693 2460; x_wconf 81' lang='lat' dir='ltr'>religiosis</span> <span class='ocrx_word' id='word_1_135' title='bbox 716 2381 787 2444; x_wconf 89' lang='lat' dir='ltr'>sine</span> <span class='ocrx_word' id='word_1_136' title='bbox 809 2383 941 2461; x_wconf 87' lang='lat' dir='ltr'>propria</span> <span class='ocrx_word' id='word_1_137' title='bbox 964 2379 1061 2459; x_wconf 89' lang='lat' dir='ltr'>culpa</span> <span class='ocrx_word' id='word_1_138' title='bbox 1084 2379 1305 2442; x_wconf 84' lang='lat' dir='ltr'>adhaerentes.</span> <span class='ocrx_word' id='word_1_139' title='bbox 1331 2381 1372 2442; x_wconf 83' lang='lat' dir='ltr'>At</span> <span class='ocrx_word' id='word_1_140' title='bbox 1396 2380 1423 2442; x_wconf 90' lang='lat' dir='ltr'>si</span> 
     </span>
     <span class='ocr_line' id='line_1_19' title="bbox 181 2465 1424 2546; baseline 0.002 -18"><span class='ocrx_word' id='word_1_141' title='bbox 181 2466 432 2546; x_wconf 72' lang='lat' dir='ltr'>perpendamus</span> <span class='ocrx_word' id='word_1_142' title='bbox 466 2465 630 2530; x_wconf 85' lang='lat' dir='ltr'>Christum</span> <span class='ocrx_word' id='word_1_143' title='bbox 663 2467 840 2530; x_wconf 86' lang='lat' dir='ltr'>Dominum</span> <span class='ocrx_word' id='word_1_144' title='bbox 874 2469 906 2528; x_wconf 91' lang='lat' dir='ltr'>in</span> <span class='ocrx_word' id='word_1_145' title='bbox 939 2483 1051 2529; x_wconf 87' lang='lat' dir='ltr'>veram</span> <span class='ocrx_word' id='word_1_146' title='bbox 1088 2465 1271 2542; x_wconf 87' lang='lat' dir='ltr'>ecclesiam,</span> <span class='ocrx_word' id='word_1_147' title='bbox 1305 2483 1424 2546; x_wconf 88' lang='lat' dir='ltr'>corpus</span> 
     </span>
     <span class='ocr_line' id='line_1_20' title="bbox 180 2552 1426 2633; baseline 0.001 -19"><span class='ocrx_word' id='word_1_148' title='bbox 180 2571 280 2615; x_wconf 88' lang='lat' dir='ltr'>suum</span> <span class='ocrx_word' id='word_1_149' title='bbox 303 2554 485 2633; x_wconf 71' lang='lat' dir='ltr'>mysticum,</span> <span class='ocrx_word' id='word_1_150' title='bbox 519 2555 675 2616; x_wconf 87' lang='lat' dir='ltr'>continue</span> <span class='ocrx_word' id='word_1_151' title='bbox 698 2553 883 2632; x_wconf 87' lang='lat' dir='ltr'>largissima</span> <span class='ocrx_word' id='word_1_152' title='bbox 905 2552 1042 2618; x_wconf 86' lang='lat' dir='ltr'>flumina</span> <span class='ocrx_word' id='word_1_153' title='bbox 1065 2555 1244 2632; x_wconf 86' lang='lat' dir='ltr'>gratiarum</span> <span class='ocrx_word' id='word_1_154' title='bbox 1268 2552 1426 2630; x_wconf 86' lang='lat' dir='ltr'>derivare,</span> 
     </span>
     <span class='ocr_line' id='line_1_21' title="bbox 181 2639 1423 2720; baseline -0.003 -15"><span class='ocrx_word' id='word_1_155' title='bbox 181 2639 340 2720; x_wconf 87' lang='lat' dir='ltr'>Spiritum</span> <span class='ocrx_word' id='word_1_156' title='bbox 363 2647 524 2716; x_wconf 88' lang='lat' dir='ltr'>sanctum,</span> <span class='ocrx_word' id='word_1_157' title='bbox 557 2656 623 2720; x_wconf 84' lang='lat' dir='ltr'>quo</span> <span class='ocrx_word' id='word_1_158' title='bbox 654 2642 733 2702; x_wconf 82' lang='lat' dir='ltr'>vivit</span> <span class='ocrx_word' id='word_1_159' title='bbox 761 2647 794 2702; x_wconf 91' lang='lat' dir='ltr'>et</span> <span class='ocrx_word' id='word_1_160' title='bbox 823 2642 946 2719; x_wconf 89' lang='lat' dir='ltr'>regitur</span> <span class='ocrx_word' id='word_1_161' title='bbox 975 2657 1095 2720; x_wconf 88' lang='lat' dir='ltr'>corpus</span> <span class='ocrx_word' id='word_1_162' title='bbox 1129 2639 1256 2715; x_wconf 77' lang='lat' dir='ltr'>Christi,</span> <span class='ocrx_word' id='word_1_163' title='bbox 1290 2639 1423 2718; x_wconf 87' lang='lat' dir='ltr'>speciali</span> 
     </span>
     <span class='ocr_line' id='line_1_22' title="bbox 181 2725 1422 2790; baseline 0 -2"><span class='ocrx_word' id='word_1_164' title='bbox 181 2725 283 2790; x_wconf 89' lang='lat' dir='ltr'>modo</span> <span class='ocrx_word' id='word_1_165' title='bbox 313 2725 476 2789; x_wconf 90' lang='lat' dir='ltr'>iilustrare</span> <span class='ocrx_word' id='word_1_166' title='bbox 505 2736 538 2789; x_wconf 89' lang='lat' dir='ltr'>et</span> <span class='ocrx_word' id='word_1_167' title='bbox 568 2726 610 2789; x_wconf 90' lang='lat' dir='ltr'>ad</span> <span class='ocrx_word' id='word_1_168' title='bbox 639 2745 773 2790; x_wconf 87' lang='lat' dir='ltr'>ornnem</span> <span class='ocrx_word' id='word_1_169' title='bbox 805 2730 1020 2790; x_wconf 81' lang='lat' dir='ltr'>virtutemne</span> <span class='ocrx_word' id='word_1_170' title='bbox 1050 2730 1261 2789; x_wconf 76' lang='lat' dir='ltr'>sanctitatem</span> <span class='ocrx_word' id='word_1_171' title='bbox 1290 2743 1422 2789; x_wconf 80' lang='lat' dir='ltr'>movero</span> 
     </span>
     <span class='ocr_line' id='line_1_23' title="bbox 183 2811 1427 2891; baseline 0.002 -17"><span class='ocrx_word' id='word_1_172' title='bbox 183 2811 333 2877; x_wconf 87' lang='lat' dir='ltr'>membra</span> <span class='ocrx_word' id='word_1_173' title='bbox 356 2815 452 2875; x_wconf 89' lang='lat' dir='ltr'>unius</span> <span class='ocrx_word' id='word_1_174' title='bbox 475 2825 609 2875; x_wconf 88' lang='lat' dir='ltr'>sanetae</span> <span class='ocrx_word' id='word_1_175' title='bbox 632 2812 797 2891; x_wconf 84' lang='lat' dir='ltr'>ecciesiae,</span> <span class='ocrx_word' id='word_1_176' title='bbox 821 2821 854 2876; x_wconf 93' lang='lat' dir='ltr'>et</span> <span class='ocrx_word' id='word_1_177' title='bbox 878 2814 1088 2876; x_wconf 88' lang='lat' dir='ltr'>nihilomiuus</span> <span class='ocrx_word' id='word_1_178' title='bbox 1108 2815 1297 2876; x_wconf 89' lang='lat' dir='ltr'>innumeros</span> <span class='ocrx_word' id='word_1_179' title='bbox 1313 2814 1427 2876; x_wconf 89' lang='lat' dir='ltr'>catho-</span> 
     </span>
     <span class='ocr_line' id='line_1_24' title="bbox 183 2897 1425 2979; baseline 0.005 -23"><span class='ocrx_word' id='word_1_180' title='bbox 183 2897 263 2960; x_wconf 88' lang='lat' dir='ltr'>licos</span> <span class='ocrx_word' id='word_1_181' title='bbox 297 2901 479 2962; x_wconf 85' lang='lat' dir='ltr'>maximam</span> <span class='ocrx_word' id='word_1_182' title='bbox 515 2907 641 2978; x_wconf 85' lang='lat' dir='ltr'>partem</span> <span class='ocrx_word' id='word_1_183' title='bbox 673 2901 760 2963; x_wconf 84' lang='lat' dir='ltr'>vitae</span> <span class='ocrx_word' id='word_1_184' title='bbox 791 2919 871 2962; x_wconf 90' lang='lat' dir='ltr'>suae</span> <span class='ocrx_word' id='word_1_185' title='bbox 903 2902 1081 2979; x_wconf 83' lang='lat' dir='ltr'>transigere</span> <span class='ocrx_word' id='word_1_186' title='bbox 1112 2903 1144 2962; x_wconf 93' lang='lat' dir='ltr'>in</span> <span class='ocrx_word' id='word_1_187' title='bbox 1180 2907 1268 2962; x_wconf 84' lang='lat' dir='ltr'>statu</span> <span class='ocrx_word' id='word_1_188' title='bbox 1301 2901 1425 2978; x_wconf 87' lang='lat' dir='ltr'>peccati</span> 
     </span>
     <span class='ocr_line' id='line_1_25' title="bbox 185 2985 1426 3066; baseline 0.002 -20"><span class='ocrx_word' id='word_1_189' title='bbox 185 2985 343 3047; x_wconf 88' lang='lat' dir='ltr'>mortalis:</span> <span class='ocrx_word' id='word_1_190' title='bbox 369 2987 484 3048; x_wconf 88' lang='lat' dir='ltr'>merito</span> <span class='ocrx_word' id='word_1_191' title='bbox 509 3003 573 3048; x_wconf 90' lang='lat' dir='ltr'>non</span> <span class='ocrx_word' id='word_1_192' title='bbox 596 2986 757 3050; x_wconf 84' lang='lat' dir='ltr'>audemus</span> <span class='ocrx_word' id='word_1_193' title='bbox 779 2985 952 3064; x_wconf 87' lang='lat' dir='ltr'>confidere,</span> <span class='ocrx_word' id='word_1_194' title='bbox 977 2987 1110 3050; x_wconf 85' lang='lat' dir='ltr'>relative</span> <span class='ocrx_word' id='word_1_195' title='bbox 1127 3003 1282 3062; x_wconf 85' lang='lat' dir='ltr'>maguam</span> <span class='ocrx_word' id='word_1_196' title='bbox 1300 2995 1426 3066; x_wconf 87' lang='lat' dir='ltr'>partem</span> 
     </span>
     <span class='ocr_line' id='line_1_26' title="bbox 185 3072 1426 3153; baseline 0.001 -20"><span class='ocrx_word' id='word_1_197' title='bbox 185 3089 307 3146; x_wconf 82' lang='lat' dir='ltr'>eorum,</span> <span class='ocrx_word' id='word_1_198' title='bbox 336 3073 393 3151; x_wconf 79' lang='lat' dir='ltr'>qui</span> <span class='ocrx_word' id='word_1_199' title='bbox 423 3072 465 3134; x_wconf 89' lang='lat' dir='ltr'>ab</span> <span class='ocrx_word' id='word_1_200' title='bbox 496 3074 622 3135; x_wconf 86' lang='lat' dir='ltr'>unitate</span> <span class='ocrx_word' id='word_1_201' title='bbox 652 3075 816 3136; x_wconf 88' lang='lat' dir='ltr'>catholica</span> <span class='ocrx_word' id='word_1_202' title='bbox 846 3081 924 3135; x_wconf 90' lang='lat' dir='ltr'>sunt</span> <span class='ocrx_word' id='word_1_203' title='bbox 953 3076 1105 3153; x_wconf 87' lang='lat' dir='ltr'>separati,</span> <span class='ocrx_word' id='word_1_204' title='bbox 1136 3075 1257 3136; x_wconf 89' lang='lat' dir='ltr'>versari</span> <span class='ocrx_word' id='word_1_205' title='bbox 1282 3073 1312 3134; x_wconf 92' lang='lat' dir='ltr'>in</span> <span class='ocrx_word' id='word_1_206' title='bbox 1337 3081 1426 3135; x_wconf 89' lang='lat' dir='ltr'>statu</span> 
     </span>
     <span class='ocr_line' id='line_1_27' title="bbox 184 3156 1426 3240; baseline 0.002 -21"><span class='ocrx_word' id='word_1_207' title='bbox 184 3161 306 3236; x_wconf 59' lang='lat' dir='ltr'>galiae</span> <span class='ocrx_word' id='word_1_208' title='bbox 331 3156 573 3222; x_wconf 86' lang='lat' dir='ltr'>sanctificantis.</span> <span class='ocrx_word' id='word_1_209' title='bbox 597 3159 637 3221; x_wconf 88' lang='lat' dir='ltr'>Et</span> <span class='ocrx_word' id='word_1_210' title='bbox 657 3160 735 3240; x_wconf 83' lang='lat' dir='ltr'>quid</span> <span class='ocrx_word' id='word_1_211' title='bbox 758 3160 789 3220; x_wconf 91' lang='lat' dir='ltr'>in</span> <span class='ocrx_word' id='word_1_212' title='bbox 815 3161 896 3223; x_wconf 88' lang='lat' dir='ltr'>hora</span> <span class='ocrx_word' id='word_1_213' title='bbox 912 3161 1050 3222; x_wconf 77' lang='lat' dir='ltr'>mortis?</span> <span class='ocrx_word' id='word_1_214' title='bbox 1073 3157 1279 3240; x_wconf 74' lang='lat' dir='ltr'>seponamus</span> <span class='ocrx_word' id='word_1_215' title='bbox 1303 3167 1426 3239; x_wconf 89' lang='lat' dir='ltr'>protes-</span> 
     </span>
     <span class='ocr_line' id='line_1_28' title="bbox 183 3245 1428 3326; baseline 0.002 -19"><span class='ocrx_word' id='word_1_216' title='bbox 183 3252 299 3320; x_wconf 81' lang='lat' dir='ltr'>tantas,</span> <span class='ocrx_word' id='word_1_217' title='bbox 322 3246 378 3324; x_wconf 90' lang='lat' dir='ltr'>qui</span> <span class='ocrx_word' id='word_1_218' title='bbox 403 3253 530 3319; x_wconf 85' lang='lat' dir='ltr'>praeter</span> <span class='ocrx_word' id='word_1_219' title='bbox 552 3245 754 3326; x_wconf 89' lang='lat' dir='ltr'>baptismum</span> <span class='ocrx_word' id='word_1_220' title='bbox 777 3246 904 3309; x_wconf 89' lang='lat' dir='ltr'>nullum</span> <span class='ocrx_word' id='word_1_221' title='bbox 927 3254 1172 3310; x_wconf 88' lang='lat' dir='ltr'>sacramentum</span> <span class='ocrx_word' id='word_1_222' title='bbox 1196 3247 1317 3309; x_wconf 88' lang='lat' dir='ltr'>habent</span> <span class='ocrx_word' id='word_1_223' title='bbox 1340 3245 1428 3309; x_wconf 89' lang='lat' dir='ltr'>ideo·</span> 
     </span>
     <span class='ocr_line' id='line_1_29' title="bbox 183 3333 1425 3412; baseline 0.002 -20"><span class='ocrx_word' id='word_1_224' title='bbox 183 3349 247 3410; x_wconf 84' lang='lat' dir='ltr'>que</span> <span class='ocrx_word' id='word_1_225' title='bbox 270 3339 341 3395; x_wconf 89' lang='lat' dir='ltr'>tum</span> <span class='ocrx_word' id='word_1_226' title='bbox 364 3333 396 3393; x_wconf 90' lang='lat' dir='ltr'>in</span> <span class='ocrx_word' id='word_1_227' title='bbox 421 3333 487 3394; x_wconf 87' lang='lat' dir='ltr'>vita</span> <span class='ocrx_word' id='word_1_228' title='bbox 508 3342 581 3394; x_wconf 90' lang='lat' dir='ltr'>tum</span> <span class='ocrx_word' id='word_1_229' title='bbox 603 3335 635 3394; x_wconf 88' lang='lat' dir='ltr'>in</span> <span class='ocrx_word' id='word_1_230' title='bbox 659 3342 765 3397; x_wconf 90' lang='lat' dir='ltr'>morte</span> <span class='ocrx_word' id='word_1_231' title='bbox 787 3335 1016 3396; x_wconf 87' lang='lat' dir='ltr'>remissionem</span> <span class='ocrx_word' id='word_1_232' title='bbox 1044 3341 1254 3412; x_wconf 87' lang='lat' dir='ltr'>peccatorum</span> <span class='ocrx_word' id='word_1_233' title='bbox 1278 3333 1425 3410; x_wconf 87' lang='lat' dir='ltr'>gravium</span> 
     </span>
     <span class='ocr_line' id='line_1_30' title="bbox 184 3417 1426 3499; baseline 0.001 -20"><span class='ocrx_word' id='word_1_234' title='bbox 184 3423 258 3497; x_wconf 88' lang='lat' dir='ltr'>post</span> <span class='ocrx_word' id='word_1_235' title='bbox 281 3419 483 3496; x_wconf 87' lang='lat' dir='ltr'>baptismum</span> <span class='ocrx_word' id='word_1_236' title='bbox 504 3422 758 3483; x_wconf 89' lang='lat' dir='ltr'>commissorum</span> <span class='ocrx_word' id='word_1_237' title='bbox 776 3428 907 3482; x_wconf 89' lang='lat' dir='ltr'>tantum</span> <span class='ocrx_word' id='word_1_238' title='bbox 924 3437 981 3499; x_wconf 88' lang='lat' dir='ltr'>per</span> <span class='ocrx_word' id='word_1_239' title='bbox 995 3417 1225 3482; x_wconf 84' lang='lat' dir='ltr'>contritionem</span> <span class='ocrx_word' id='word_1_240' title='bbox 1249 3417 1426 3498; x_wconf 88' lang='lat' dir='ltr'>perlectam</span> 
     </span>
     <span class='ocr_line' id='line_1_31' title="bbox 184 3504 1424 3586; baseline -0.001 -19"><span class='ocrx_word' id='word_1_241' title='bbox 184 3507 340 3583; x_wconf 88' lang='lat' dir='ltr'>consequi</span> <span class='ocrx_word' id='word_1_242' title='bbox 372 3514 515 3586; x_wconf 89' lang='lat' dir='ltr'>possunt.</span> <span class='ocrx_word' id='word_1_243' title='bbox 561 3505 813 3570; x_wconf 89' lang='lat' dir='ltr'>Consideremus</span> <span class='ocrx_word' id='word_1_244' title='bbox 843 3515 965 3578; x_wconf 78' lang='lat' dir='ltr'>autem,</span> <span class='ocrx_word' id='word_1_245' title='bbox 996 3523 1075 3568; x_wconf 88' lang='lat' dir='ltr'>num</span> <span class='ocrx_word' id='word_1_246' title='bbox 1108 3504 1216 3570; x_wconf 88' lang='lat' dir='ltr'>adsint</span> <span class='ocrx_word' id='word_1_247' title='bbox 1248 3511 1424 3582; x_wconf 87' lang='lat' dir='ltr'>momenta,</span> 
     </span>
     <span class='ocr_line' id='line_1_32' title="bbox 183 3590 1425 3673; baseline 0 -21"><span class='ocrx_word' id='word_1_248' title='bbox 183 3609 269 3670; x_wconf 87' lang='lat' dir='ltr'>quae</span> <span class='ocrx_word' id='word_1_249' title='bbox 293 3592 471 3668; x_wconf 85' lang='lat' dir='ltr'>praebeant</span> <span class='ocrx_word' id='word_1_250' title='bbox 493 3611 610 3656; x_wconf 88' lang='lat' dir='ltr'>ansam</span> <span class='ocrx_word' id='word_1_251' title='bbox 636 3595 685 3672; x_wconf 85' lang='lat' dir='ltr'>pie</span> <span class='ocrx_word' id='word_1_252' title='bbox 708 3591 872 3673; x_wconf 90' lang='lat' dir='ltr'>opinandi,</span> <span class='ocrx_word' id='word_1_253' title='bbox 904 3593 1026 3655; x_wconf 91' lang='lat' dir='ltr'>multos</span> <span class='ocrx_word' id='word_1_254' title='bbox 1051 3590 1230 3656; x_wconf 84' lang='lat' dir='ltr'>iirientaies</span> <span class='ocrx_word' id='word_1_255' title='bbox 1254 3591 1322 3656; x_wconf 86' lang='lat' dir='ltr'>sedi</span> <span class='ocrx_word' id='word_1_256' title='bbox 1347 3609 1425 3670; x_wconf 86' lang='lat' dir='ltr'>apo·</span> 
     </span>
     <span class='ocr_line' id='line_1_33' title="bbox 184 3677 1425 3759; baseline 0.002 -21"><span class='ocrx_word' id='word_1_257' title='bbox 184 3677 318 3740; x_wconf 88' lang='lat' dir='ltr'>stolieae</span> <span class='ocrx_word' id='word_1_258' title='bbox 344 3695 407 3741; x_wconf 91' lang='lat' dir='ltr'>non</span> <span class='ocrx_word' id='word_1_259' title='bbox 431 3679 620 3744; x_wconf 80' lang='lat' dir='ltr'>obedientes</span> <span class='ocrx_word' id='word_1_260' title='bbox 644 3682 745 3743; x_wconf 83' lang='lat' dir='ltr'>vitam</span> <span class='ocrx_word' id='word_1_261' title='bbox 768 3679 859 3745; x_wconf 89' lang='lat' dir='ltr'>finire</span> <span class='ocrx_word' id='word_1_262' title='bbox 883 3697 960 3742; x_wconf 90' lang='lat' dir='ltr'>cum</span> <span class='ocrx_word' id='word_1_263' title='bbox 982 3679 1088 3756; x_wconf 87' lang='lat' dir='ltr'>sigillo</span> <span class='ocrx_word' id='word_1_264' title='bbox 1111 3678 1425 3759; x_wconf 86' lang='lat' dir='ltr'>praedestinationis.</span> 
     </span>
     <span class='ocr_line' id='line_1_34' title="bbox 183 3762 1427 3844; baseline 0.003 -20"><span class='ocrx_word' id='word_1_265' title='bbox 183 3762 361 3844; x_wconf 82' lang='lat' dir='ltr'>Plerosque</span> <span class='ocrx_word' id='word_1_266' title='bbox 391 3765 493 3828; x_wconf 88' lang='lat' dir='ltr'>laicos</span> <span class='ocrx_word' id='word_1_267' title='bbox 515 3776 548 3828; x_wconf 88' lang='lat' dir='ltr'>et</span> <span class='ocrx_word' id='word_1_268' title='bbox 571 3767 692 3830; x_wconf 86' lang='lat' dir='ltr'>multos</span> <span class='ocrx_word' id='word_1_269' title='bbox 722 3768 910 3832; x_wconf 85' lang='lat' dir='ltr'>sacerdotes</span> <span class='ocrx_word' id='word_1_270' title='bbox 940 3783 1055 3830; x_wconf 90' lang='lat' dir='ltr'>eorum</span> <span class='ocrx_word' id='word_1_271' title='bbox 1084 3768 1210 3829; x_wconf 86' lang='lat' dir='ltr'>esseio</span> <span class='ocrx_word' id='word_1_272' title='bbox 1236 3766 1323 3828; x_wconf 90' lang='lat' dir='ltr'>bona</span> <span class='ocrx_word' id='word_1_273' title='bbox 1352 3763 1427 3836; x_wconf 84' lang='lat' dir='ltr'>fide,</span> 
     </span>
     <span class='ocr_line' id='line_1_35' title="bbox 183 3851 1424 3934; baseline 0.002 -22"><span class='ocrx_word' id='word_1_274' title='bbox 183 3853 300 3913; x_wconf 86' lang='lat' dir='ltr'>merito</span> <span class='ocrx_word' id='word_1_275' title='bbox 329 3853 553 3932; x_wconf 82' lang='lat' dir='ltr'>supponimus.</span> <span class='ocrx_word' id='word_1_276' title='bbox 600 3852 700 3916; x_wconf 88' lang='lat' dir='ltr'>Porro</span> <span class='ocrx_word' id='word_1_277' title='bbox 729 3856 763 3916; x_wconf 91' lang='lat' dir='ltr'>in</span> <span class='ocrx_word' id='word_1_278' title='bbox 794 3855 938 3934; x_wconf 85' lang='lat' dir='ltr'>periculo</span> <span class='ocrx_word' id='word_1_279' title='bbox 972 3854 1087 3917; x_wconf 88' lang='lat' dir='ltr'>mortis</span> <span class='ocrx_word' id='word_1_280' title='bbox 1121 3854 1227 3932; x_wconf 86' lang='lat' dir='ltr'>quivis</span> <span class='ocrx_word' id='word_1_281' title='bbox 1261 3851 1424 3928; x_wconf 84' lang='lat' dir='ltr'>sacerdos,</span> 
     </span>
     <span class='ocr_line' id='line_1_36' title="bbox 183 3937 1424 4020; baseline -0.001 -20"><span class='ocrx_word' id='word_1_282' title='bbox 183 3940 284 4000; x_wconf 75' lang='lat' dir='ltr'>edam</span> <span class='ocrx_word' id='word_1_283' title='bbox 314 3938 496 4001; x_wconf 87' lang='lat' dir='ltr'>haereticus</span> <span class='ocrx_word' id='word_1_284' title='bbox 519 3948 551 4002; x_wconf 93' lang='lat' dir='ltr'>et</span> <span class='ocrx_word' id='word_1_285' title='bbox 574 3948 733 4019; x_wconf 87' lang='lat' dir='ltr'>apostata,</span> <span class='ocrx_word' id='word_1_286' title='bbox 765 3942 862 4004; x_wconf 85' lang='lat' dir='ltr'>habet</span> <span class='ocrx_word' id='word_1_287' title='bbox 892 3940 1149 4004; x_wconf 86' lang='lat' dir='ltr'>iurisdietionem</span> <span class='ocrx_word' id='word_1_288' title='bbox 1181 3956 1238 4020; x_wconf 91' lang='lat' dir='ltr'>pro</span> <span class='ocrx_word' id='word_1_289' title='bbox 1269 3937 1424 4002; x_wconf 86' lang='lat' dir='ltr'>tribunali</span> 
     </span>
     <span class='ocr_line' id='line_1_37' title="bbox 183 4024 1424 4104; baseline 0.002 -18"><span class='ocrx_word' id='word_1_290' title='bbox 183 4026 410 4104; x_wconf 90' lang='lat' dir='ltr'>poenitentiae.</span> <span class='ocrx_word' id='word_1_291' title='bbox 445 4024 515 4088; x_wconf 91' lang='lat' dir='ltr'>Non</span> <span class='ocrx_word' id='word_1_292' title='bbox 538 4034 596 4104; x_wconf 79' lang='lat' dir='ltr'>est,</span> <span class='ocrx_word' id='word_1_293' title='bbox 619 4045 678 4090; x_wconf 90' lang='lat' dir='ltr'>cur</span> <span class='ocrx_word' id='word_1_294' title='bbox 701 4029 885 4102; x_wconf 74' lang='lat' dir='ltr'>timeamus</span> <span class='ocrx_word' id='word_1_295' title='bbox 910 4045 950 4091; x_wconf 91' lang='lat' dir='ltr'>ne</span> <span class='ocrx_word' id='word_1_296' title='bbox 971 4025 1056 4090; x_wconf 89' lang='lat' dir='ltr'>Deus</span> <span class='ocrx_word' id='word_1_297' title='bbox 1079 4027 1296 4090; x_wconf 86' lang='lat' dir='ltr'>schismaticis</span> <span class='ocrx_word' id='word_1_298' title='bbox 1320 4035 1424 4089; x_wconf 89' lang='lat' dir='ltr'>mate-</span> 
     </span>
     <span class='ocr_line' id='line_1_38' title="bbox 184 4111 1425 4194; baseline 0.003 -23"><span class='ocrx_word' id='word_1_299' title='bbox 184 4111 319 4173; x_wconf 86' lang='lat' dir='ltr'>rialibus</span> <span class='ocrx_word' id='word_1_300' title='bbox 349 4111 500 4175; x_wconf 90' lang='lat' dir='ltr'>ultimam</span> <span class='ocrx_word' id='word_1_301' title='bbox 531 4114 772 4177; x_wconf 88' lang='lat' dir='ltr'>absolutionem</span> <span class='ocrx_word' id='word_1_302' title='bbox 803 4113 1041 4178; x_wconf 88' lang='lat' dir='ltr'>sacerdotalem</span> <span class='ocrx_word' id='word_1_303' title='bbox 1073 4114 1257 4194; x_wconf 87' lang='lat' dir='ltr'>petentibus</span> <span class='ocrx_word' id='word_1_304' title='bbox 1287 4111 1425 4190; x_wconf 90' lang='lat' dir='ltr'>deneget</span> 
     </span>
     <span class='ocr_line' id='line_1_39' title="bbox 185 4199 1425 4281; baseline 0.001 -22"><span class='ocrx_word' id='word_1_305' title='bbox 185 4201 305 4275; x_wconf 88' lang='lat' dir='ltr'>gratias</span> <span class='ocrx_word' id='word_1_306' title='bbox 329 4201 539 4276; x_wconf 88' lang='lat' dir='ltr'>necessarias,</span> <span class='ocrx_word' id='word_1_307' title='bbox 562 4207 598 4264; x_wconf 90' lang='lat' dir='ltr'>ut</span> <span class='ocrx_word' id='word_1_308' title='bbox 618 4219 659 4264; x_wconf 85' lang='lat' dir='ltr'>ex</span> <span class='ocrx_word' id='word_1_309' title='bbox 681 4219 742 4263; x_wconf 91' lang='lat' dir='ltr'>sua</span> <span class='ocrx_word' id='word_1_310' title='bbox 765 4211 857 4281; x_wconf 88' lang='lat' dir='ltr'>parte</span> <span class='ocrx_word' id='word_1_311' title='bbox 881 4207 1047 4280; x_wconf 84' lang='lat' dir='ltr'>praestent</span> <span class='ocrx_word' id='word_1_312' title='bbox 1070 4203 1181 4264; x_wconf 89' lang='lat' dir='ltr'>omnia</span> <span class='ocrx_word' id='word_1_313' title='bbox 1204 4201 1360 4279; x_wconf 88' lang='lat' dir='ltr'>requisita</span> <span class='ocrx_word' id='word_1_314' title='bbox 1383 4199 1425 4261; x_wconf 91' lang='lat' dir='ltr'>ad</span> 
     </span>
     <span class='ocr_line' id='line_1_40' title="bbox 185 4283 1422 4368; baseline -0.001 -21"><span class='ocrx_word' id='word_1_315' title='bbox 185 4283 387 4348; x_wconf 78' lang='lat' dir='ltr'>fructuosam</span> <span class='ocrx_word' id='word_1_316' title='bbox 419 4289 615 4350; x_wconf 88' lang='lat' dir='ltr'>sacramenti</span> <span class='ocrx_word' id='word_1_317' title='bbox 648 4288 874 4368; x_wconf 80' lang='lat' dir='ltr'>poenitentiae,</span> <span class='ocrx_word' id='word_1_318' title='bbox 909 4287 1044 4366; x_wconf 90' lang='lat' dir='ltr'>proinde</span> <span class='ocrx_word' id='word_1_319' title='bbox 1076 4290 1175 4350; x_wconf 89' lang='lat' dir='ltr'>etiam</span> <span class='ocrx_word' id='word_1_320' title='bbox 1208 4287 1316 4348; x_wconf 88' lang='lat' dir='ltr'>viatici</span> <span class='ocrx_word' id='word_1_321' title='bbox 1350 4303 1422 4365; x_wconf 90' lang='lat' dir='ltr'>per-</span> 
     </span>
     <span class='ocr_line' id='line_1_41' title="bbox 185 4374 970 4454; baseline 0.001 -20"><span class='ocrx_word' id='word_1_322' title='bbox 185 4374 381 4454; x_wconf 82' lang='lat' dir='ltr'>ceptionem.</span> <span class='ocrx_word' id='word_1_323' title='bbox 967 4421 970 4428; x_wconf 88' lang='grc'>.</span> 
     </span>
    </p>

    <p class='ocr_par' dir='ltr' id='par_1_6' title="bbox 186 4458 1428 4626">
     <span class='ocr_line' id='line_1_42' title="bbox 289 4458 1427 4536; baseline 0.002 -16"><span class='ocrx_word' id='word_1_324' title='bbox 289 4458 410 4522; x_wconf 86' lang='lat' dir='ltr'>Verum</span> <span class='ocrx_word' id='word_1_325' title='bbox 442 4458 625 4522; x_wconf 89' lang='lat' dir='ltr'>Concilium</span> <span class='ocrx_word' id='word_1_326' title='bbox 658 4459 884 4523; x_wconf 84' lang='lat' dir='ltr'>Tridentinnm</span> <span class='ocrx_word' id='word_1_327' title='bbox 919 4461 950 4521; x_wconf 91' lang='lat' dir='ltr'>in</span> <span class='ocrx_word' id='word_1_328' title='bbox 993 4462 1158 4536; x_wconf 82' lang='lat' dir='ltr'>prooemio</span> <span class='ocrx_word' id='word_1_329' title='bbox 1188 4459 1356 4522; x_wconf 87' lang='lat' dir='ltr'>doctrinae</span> <span class='ocrx_word' id='word_1_330' title='bbox 1386 4459 1427 4522; x_wconf 89' lang='lat' dir='ltr'>de</span> 
     </span>
     <span class='ocr_line' id='line_1_43' title="bbox 186 4546 1428 4626; baseline 0.001 -19"><span class='ocrx_word' id='word_1_331' title='bbox 186 4554 393 4608; x_wconf 88' lang='lat' dir='ltr'>sacramento</span> <span class='ocrx_word' id='word_1_332' title='bbox 427 4555 595 4609; x_wconf 82' lang='lat' dir='ltr'>extremae</span> <span class='ocrx_word' id='word_1_333' title='bbox 627 4548 791 4609; x_wconf 89' lang='lat' dir='ltr'>unctionis</span> <span class='ocrx_word' id='word_1_334' title='bbox 833 4563 893 4610; x_wconf 89' lang='lat' dir='ltr'>nos</span> <span class='ocrx_word' id='word_1_335' title='bbox 928 4548 1068 4624; x_wconf 85' lang='lat' dir='ltr'>instruit,</span> <span class='ocrx_word' id='word_1_336' title='bbox 1103 4546 1207 4626; x_wconf 82' lang='lat' dir='ltr'>»quod</span> <span class='ocrx_word' id='word_1_337' title='bbox 1241 4546 1428 4608; x_wconf 88' lang='lat' dir='ltr'>clementis-</span> 
     </span>
    </p>
   </div>
   <div class='ocr_carea' id='block_1_5' title="bbox 186 4631 1428 4759">
    <p class='ocr_par' dir='ltr' id='par_1_7' title="bbox 186 4631 1428 4759">
     <span class='ocr_line' id='line_1_44' title="bbox 186 4631 1428 4759; baseline 0 -65"><span class='ocrx_word' id='word_1_338' title='bbox 186 4632 288 4694; x_wconf 88' lang='lat' dir='ltr'>simus</span> <span class='ocrx_word' id='word_1_339' title='bbox 313 4632 510 4714; x_wconf 82' lang='lat' dir='ltr'>Redemptor</span> <span class='ocrx_word' id='word_1_340' title='bbox 533 4638 652 4759; x_wconf 61' lang='lat' dir='ltr'>nepter,</span> <span class='ocrx_word' id='word_1_341' title='bbox 680 4635 735 4713; x_wconf 85' lang='lat' dir='ltr'>qui</span> <span class='ocrx_word' id='word_1_342' title='bbox 765 4634 869 4697; x_wconf 83' lang='lat' dir='ltr'>servis</span> <span class='ocrx_word' id='word_1_343' title='bbox 900 4633 967 4694; x_wconf 89' lang='lat' dir='ltr'>suis</span> <span class='ocrx_word' id='word_1_344' title='bbox 999 4635 1113 4712; x_wconf 83' lang='lat' dir='ltr'>quovis</span> <span class='ocrx_word' id='word_1_345' title='bbox 1144 4640 1290 4711; x_wconf 86' lang='lat' dir='ltr'>ternpore</span> <span class='ocrx_word' id='word_1_346' title='bbox 1322 4631 1428 4695; x_wconf 87' lang='lat' dir='ltr'>voluit</span> 
     </span>
    </p>
   </div>
   <div class='ocr_carea' id='block_1_6' title="bbox 0 0 1740 5342">
    <p class='ocr_par' dir='ltr' id='par_1_8' title="bbox 0 0 1740 5342">
     <span class='ocr_line' id='line_1_45' title="bbox 0 0 1740 5342; baseline 0 0"><span class='ocrx_word' id='word_1_347' title='bbox 0 0 1740 5342; x_wconf 95' lang='lat' dir='ltr'> </span> 
     </span>
    </p>
   </div>
  </div>
 </body>
</html>
