3450 5342
676 480 719 496 -·
742 451 804 510 3:19
829 479 867 492 -·

129 637 199 707 illa,
222 639 296 695 sicut
326 636 385 697 dno
411 639 546 697 homines
574 652 641 698 suut
671 661 760 698 unum
784 641 816 697 in
843 642 940 717 specie
965 639 1160 702 humanitatis
1188 644 1218 696 et
1241 638 1299 696 duo
1324 637 1384 696 albi

132 727 169 781 in
192 723 351 798 albedine3
382 736 412 782 et
435 724 501 783 ideo
532 727 652 784 allectus
681 729 767 784 nnius
798 725 894 784 tendit
917 729 948 784 in
976 726 1109 796 alterum,
1141 728 1216 783 sicut
1241 728 1271 782 in
1294 745 1384 784 unum

130 809 196 868 sibi
219 819 248 868 et
270 811 334 870 vult
357 815 384 870 ei
408 811 516 871 bonnm
545 813 621 870 sicut
648 824 678 870 ct
700 813 783 870 sibi.“
822 813 1001 884 Thomas,
1033 815 1062 872 ὃ.
1085 812 1126 870 th.
1155 811 1250 884 1.11.‚
1284 832 1311 890 q.
1336 815 1385 884 et,

132 919 162 955 a.
192 898 221 958 3.
257 899 320 956 lam
352 920 422 957 vero
456 899 530 957 haec
559 901 637 968 uuio,
672 920 747 978 quae
778 902 937 977 requiritur
968 898 1005 956 ad
1037 901 1198 969 caritatem,
1233 898 1384 956 difficilius

131 970 323 1061 cognoscitur
354 988 385 1043 iu
415 985 564 1044 attributis
598 985 740 1044 absolutis
772 1007 861 1064 quarn
892 987 923 1043 in
955 986 1096 1043 relativis.
1131 987 1289 1042 Praeterea
1321 987 1386 1063 ipsa

133 1069 280 1128 attributa
302 1072 435 1142 relativa,
467 1074 575 1151 qrrippe
607 1094 682 1151 quae
705 1075 737 1132 in
760 1072 913 1130 beneficiis
937 1073 1086 1150 patefiant,
1120 1083 1187 1130 sunt
1211 1071 1295 1130 nobis
1318 1093 1384 1149 pro-

132 1161 302 1236 pinquiora,
325 1159 450 1237 ideoque
474 1160 607 1218 faciliora
629 1163 750 1236 cognitu
773 1172 801 1218 et
826 1169 934 1216 amatu.

242 1260 286 1310 nd
297 1260 320 1310 1.
339 1261 450 1326 Opponi
465 1262 610 1328 imprimis
623 1265 745 1327 possunt
757 1260 927 1313 catechismi
940 1261 998 1324 alli,
1017 1259 1171 1326 praecipue
1182 1258 1384 1311 ttaacuismus

134 1327 287 1380 lminanus
304 1344 331 1394 p.
350 1331 375 1395 3,
395 1347 416 1381 c.
435 1330 460 1389 ⁸2,
478 1345 505 1382 n.
524 1330 549 1384 2.
574 1332 632 1383 Nec
651 1331 727 1396 quod
745 1345 801 1382 non
821 1329 1001 1396 exprimitur.
1019 1329 1189 1382 excluditur.
1216 1327 1256 1380 Gf.
1276 1328 1384 1391 lune⁴
1410 1375 1413 1386 Α

135 1412 252 1463 mann,
275 1398 394 1451 Theorie
413 1399 465 1452 der
482 1399 578 1466 geistl.
596 1401 713 1452 Bereds.
739 1399 842 1463 11‚268
866 1416 903 1452 ss.
923 1399 1049 1452 Nisius
1069 1398 1098 1450 in
1118 1397 1246 1450 Ztschrft
1265 1397 1282 1448 f.
1303 1397 1383 1449 irath.

134 1467 234 1518 Theol.
256 1466 330 1534 1884,
349 1484 375 1533 p.
395 1468 447 1520 514
465 1485 504 1520 ss.

243 1537 287 1588 ,tu
306 1537 330 1588 2.
348 1538 531 1603 Responsum
550 1544 631 1604 patet
651 1555 686 1590 rx
705 1544 877 1599 armamento
896 1537 933 1590 5⁰.

245 1607 288 1657 Ad
307 1607 333 1658 3.
352 1607 543 1659 Concedimus
570 1609 606 1659 ad
626 1608 799 1661 eliciendum
824 1613 921 1660 actum
949 1621 1034 1660 verae
1054 1604 1185 1658 caritatis
1203 1621 1318 1657 movere
1338 1606 1386 1656 he-

135 1675 312 1742 nignitatem
333 1677 383 1728 llei
410 1693 467 1728 non
492 1679 584 1728 salum
610 1680 738 1743 catenus,
763 1681 906 1742 {priaterrus
926 1677 964 1728 stt
982 1691 1033 1742 per
1057 1691 1120 1730 eam
1141 1675 1218 1729 fleus
1242 1675 1279 1726 ad
1300 1677 1385 1726 hene-

134 1745 301 1797 faciendum
321 1754 480 1812 promptus,
505 1747 555 1798 sed
574 1748 603 1798 et
622 1751 765 1811 quatenus
784 1754 850 1798 actu
871 1747 933 1812 ipso
953 1747 1030 1798 fleus
1049 1745 1133 1798 nobis
1153 1743 1314 1796 benefaciat
1333 1759 1384 1795 seu

137 1814 233 1880 frisam
252 1815 417 1868 vetitionem
430 1817 480 1868 llei
501 1832 526 1868 v.
538 1833 564 1884 g.
584 1816 802 1881 redemptivam.
824 1816 983 1868 Dicendum
999 1816 1112 1867 videtur
1127 1813 1230 1878 respici
1250 1817 1276 1864 et
1291 1812 1383 1864 amari

139 1884 231 1936 iteum
251 1883 409 1937 formaliter
429 1891 566 1950 tanquam
586 1885 798 1938 benefactorem
818 1887 867 1948 ita,
892 1888 924 1937 ut
942 1890 1056 1936 moreat
1080 1882 1270 1934 beneficentia
1289 1881 1385 1934 activa

136 1955 184 2005 vel
203 1953 303 2006 volitio
326 1956 418 2007 libera
441 1955 644 2007 tantummodo
662 1955 825 2019 virtualiter
849 1956 985 2006 distincta
1007 1971 1023 2006 a
1042 1955 1190 2006 voluntate
1210 1955 1239 2004 et
1257 1951 1384 2003 essentia

137 2022 247 2081 divina,
266 2039 323 2074 non
332 2024 525 2077 beneficentia
535 2026 652 2089 crassive
664 2028 710 2076 vel
719 2026 873 2089 obiectiva,
892 2025 946 2077 etsi
959 2024 1020 2076 sine
1031 2024 1084 2074 hac
1098 2023 1268 2074 correlative
1287 2021 1385 2085 utique

138 2093 185 2144 vel
205 2108 269 2144 esse
289 2095 333 2146 vel
353 2095 488 2156 cognosci
507 2096 552 2146 vel
566 2095 687 2155 cenitari
707 2095 896 2146 beneficentia
910 2095 1005 2146 activa
1025 2093 1115 2145 lihera
1131 2091 1232 2142 efficax
1253 2094 1385 2156 nequeat.

243 2163 287 2214 ,id
305 2163 329 2216 t.
357 2164 511 2232 „lliligitur
530 2165 606 2216 fleus
630 2180 682 2215 ens
707 2181 724 2216 a
748 2181 787 2224 se,
816 2163 989 2230 principium
1014 2161 1142 2214 orrrnhuu
1168 2159 1386 2226 perfectionum,

139 2229 305 2296 intorques
324 2233 506 2286 continentur
533 2234 622 2285 etiarn
641 2235 808 2301 benignitas
827 2241 855 2285 et
875 2235 947 2286 ratio
967 2231 1033 2285 fluis
1053 2230 1145 2283 ultimi
1166 2245 1216 2281 seu
1236 2229 1386 2281 beatitudo

138 2301 296 2368 ohiectiva;
324 2304 459 2368 utramvis
484 2303 624 2354 herulicia
650 2303 677 2355 iu
707 2319 759 2355 nos
778 2303 947 2362 derivanda,
975 2303 1044 2354 item
1066 2299 1209 2366 possessio
1235 2303 1262 2350 et
1288 2298 1386 2350 fruitio

139 2371 246 2421 summi
265 2372 341 2431 horu,
360 2372 408 2437 qni
428 2380 493 2424 sum
513 2373 629 2424 termini
649 2373 765 2425 divinae
784 2373 976 2436 benignitatis
995 2387 1027 2424 ac
1049 2369 1171 2422 Deitatis
1191 2367 1386 2420 beatificantis

139 2439 297 2491 ecaritate
322 2441 430 2493 directe
455 2457 512 2494 non
538 2447 729 2507 spectamur·
756 2444 1021 2506 ll'irceburpcenses,
1052 2441 1091 2490 lle
1110 2440 1175 2491 virt.
1196 2454 1277 2503 poen
1298 2453 1323 2489 n.
1343 2437 1385 2489 tl.

244 2508 268 2560 5.
288 2512 464 2575 „l’ropositio
483 2511 698 2575 condicionalis,
717 2528 791 2578 (puae
810 2513 839 2563 iu
859 2513 968 2564 maiore
988 2509 1165 2574 exprimitur.
1185 2507 1315 2573 captiosa
1334 2511 1387 2566 est,

139 2580 168 2629 et
193 2578 248 2628 uisi
276 2585 353 2631 recte
377 2580 543 2645 explicetur,
571 2583 751 2634 occasionem
779 2584 919 2646 praehere
945 2583 1041 2646 potest·
1064 2577 1149 2629 errori
1170 2577 1385 2643 Qtrietistarum.

141 2646 299 2712 llupficiter
318 2649 416 2714 itaque
435 2655 527 2715 potest
549 2651 681 2715 intelligi,
701 2653 821 2703 caritate
842 2652 987 2702 homiuem
1009 2649 1048 2700 ita
1068 2646 1191 2712 disponi,
1217 2651 1247 2697 ut
1267 2651 1385 2710 {iar-atus

140 2716 179 2768 sit
197 2717 234 2768 ad
248 2719 490 2782 perseverandum
506 2719 535 2770 iu
545 2718 697 2771 dilectione
711 2721 771 2781 llei,
790 2720 904 2771 etiamsi
918 2721 992 2784 fleus
1006 2718 1149 2769 desineret
1165 2731 1229 2767 esse
1248 2715 1273 2766 ci
1285 2716 1385 2766 bonus.

138 2785 274 2843 Primum.
293 2791 436 2852 quatenus
455 2787 520 2852 quis
534 2805 564 2839 se
583 2790 717 2841 ostendat
736 2793 870 2853 paratum
889 2789 925 2840 ad
940 2787 1168 2855 permanendum
1189 2785 1217 2836 in
1231 2784 1386 2836 dilectione

143 2855 201 2919 liei,
221 2857 335 2910 etiamsi
361 2858 391 2910 in
413 2859 470 2910 fleo
495 2857 631 2910 deficeret
653 2857 690 2913 id.
718 2859 828 2910 ratione
848 2859 929 2910 cuius
954 2863 997 2909 est
1026 2857 1171 2909 obiectum
1196 2853 1386 2906 heatitudiuis

141 2930 288 2977 creaturae
312 2928 472 2979 rationalis.
500 2927 560 2978 lam
582 2943 649 2978 vero
672 2929 718 2980 hic
744 2943 847 2979 sensus
866 2929 909 2979 est
928 2929 1013 2993 plane
1032 2925 1184 2978 absurdus.
1215 2925 1289 2974 fleus
1308 2923 1385 2974 enim

140 3002 187 3044 ost
205 2995 349 3048 obiectum
369 2996 567 3061 beatitudinis,
587 3011 644 3061 qna
663 2998 768 3063 etquia
781 3013 926 3049 summum
946 2998 1066 3060 tionum3
1086 2999 1165 3061 patet
1184 2999 1282 3046 autern
1295 2993 1386 3044 lleum

141 3077 196 3114 rum
216 3064 274 3116 fore
293 3066 428 3118 idoneum
453 3066 617 3119 dilectionis
637 3083 732 3131 isuper
750 3065 860 3130 omnia)
883 3068 1036 3124 obiectum,
1061 3065 1116 3116 nisi
1142 3067 1218 3116 inser
1239 3075 1385 3114 summum

142 3133 256 3195 laurum,
282 3137 526 3202 ‹pueruadmodurn
555 3151 611 3187 non
641 3142 717 3188 esset
738 3136 873 3188 idoneum
902 3135 968 3187 fidei
995 3135 1039 3186 vel
1067 3134 1127 3200 spei
1146 3135 1300 3191 obiectum,
1328 3131 1383 3182 nisi

141 3206 218 3255 esset
236 3219 349 3258 summa
368 3207 475 3257 veritas
495 3206 539 3256 rel
555 3205 710 3257 assailiatur
727 3207 917 3271 ‹inirripotens
938 3233 970 3241 —-
991 3204 1054 3256 ‚trio
1073 3204 1158 3254 modo
1178 3201 1384 3256 condicionalis

143 3271 192 3324 illu
211 3278 305 3339 potest
323 3275 364 3326 sic
378 3275 510 3340 intentat,
529 3279 672 3340 qrrateuus
691 3275 796 3326 caritas
816 3275 952 3340 disponat
971 3273 1117 3326 horuiuem
1138 3273 1186 3340 ita,
1205 3275 1234 3322 ut
1256 3287 1286 3322 so
1306 3285 1385 3321 mou-

144 3347 213 3394 stret
231 3346 363 3408 paratum
383 3345 420 3395 ad
439 3346 682 3409 perseverandum
703 3345 731 3396 iu
751 3344 905 3396 dilectione
926 3346 974 3395 llei
995 3343 1082 3396 etiem
1104 3342 1132 3392 in
1152 3339 1304 3407 hypothesi
1324 3339 1385 3390 sive

144 3411 273 3477 possibili
292 3412 354 3463 sive
373 3413 555 3478 impossibili,
576 3415 602 3466 iu
614 3429 671 3478 (pua
690 3414 743 3479 ipsi
760 3414 831 3466 foret
851 3413 1064 3480 desperandum
1085 3413 1120 3462 do
1134 3411 1249 3477 propria
1262 3409 1385 3460 heatitu-

144 3480 209 3532 dine
236 3482 393 3546 aliquando
421 3484 587 3535 obtinenda.
623 3485 681 3535 lam
709 3499 774 3535 vero
800 3485 964 3536 huiscemodi
989 3481 1172 3548 praeparatio
1205 3479 1303 3540 animi,
1328 3477 1384 3528 uisi

144 3550 259 3602 vitietur
271 3567 322 3617 per
340 3556 502 3604 commenta
513 3553 717 3620 Quietistaruru
735 3553 806 3604 nihil
820 3553 899 3604 aliud
910 3551 1055 3618 exprimit,
1074 3551 1128 3602 uisi
1142 3551 1234 3614 ipsum
1254 3547 1384 3600 ordinem

145 3620 281 3686 caritatis,
309 3637 364 3686 quo
383 3623 454 3674 llaec
479 3621 600 3674 refertur
618 3623 648 3675 in
666 3623 810 3674 obiectum
829 3638 914 3674 suum
934 3621 1111 3687 primarium.
1138 3619 1228 3670 Homo
1253 3617 1385 3668 enimes

145 3689 263 3741 caritate
282 3690 378 3756 diligit
390 3692 480 3742 fleuru
500 3696 529 3744 et
542 3707 573 3743 se
591 3694 700 3757 ipsum;
719 3693 769 3742 sed
782 3692 872 3743 lleum
891 3693 956 3756 plus
976 3705 1061 3755 (ruam
1081 3689 1229 3752 seipsum,
1249 3686 1385 3750 quemad-

145 3759 258 3810 modum
278 3777 312 3812 ex
326 3761 427 3811 eadem
447 3760 567 3813 caritate
586 3761 683 3825 diligit
701 3775 732 3812 se
746 3763 810 3826 plus
828 3777 915 3826 cluam
935 3757 1121 3826 proxiruuru.“
1142 3755 1324 3812 schiltiut,
1346 3755 1385 3805 lle

145 3826 206 3878 virt.
226 3829 275 3881 iul.
294 3831 335 3882 th.
354 3829 388 3880 3⁸3
405 3829 468 3882 flhi.
487 3831 511 3880 3.
645 3825 648 3830 '

246 3899 288 3949 Ad
308 3899 332 3949 ti.
362 3899 473 3964 lluplici
500 3900 584 3950 ruodo
609 3899 775 3964 responderi
796 3904 889 3964 potest
926 3899 955 3961 a)
975 3897 1125 3952 Obiecturu
1152 3895 1270 3946 lorruale
1293 3893 1384 3944 nostri

145 3968 249 4018 artioris
261 3984 316 4019 nun
328 3975 371 4020 est
385 3969 565 4032 contingens,
584 3969 636 4020 sed
646 3969 808 4020 coniunctio
820 3969 991 4034 outologica
1011 3981 1067 4031 qua
1087 3963 1117 4016 tit
1131 3965 1235 4016 bonum
1247 3967 1385 4014 nostrum.

145 4031 170 4098 b)
190 4038 296 4089 Amare
313 4054 369 4089 nou
389 4054 542 4104 possumus
555 4039 646 4090 Deum
666 4039 862 4101 inabstracta,
882 4038 933 4089 sed
951 4037 1026 4088 huuc
1038 4037 1200 4088 colloretum
1220 4034 1318 4088 fleam.
1337 4031 1385 4096 qui

145 4106 179 4155 ah
198 4108 315 4160 aeterno
334 4107 464 4160 nonfuit
488 4109 563 4159 alius
588 4108 734 4160 necetius
753 4123 817 4159 esse
836 4107 930 4173 potuit
948 4123 982 4158 ex
1003 4121 1055 4158 stra
1073 4107 1176 4158 natura
1195 4117 1281 4168 cruam
1302 4101 1386 4152 nobis

145 4175 286 4238 bertranus
311 4177 364 4229 hoc
382 4182 409 4228 et
429 4178 483 4229 hoc
502 4177 596 4235 modo,
620 4183 762 4241 (turstenus
781 4178 890 4229 scilicet
915 4178 952 4228 ah
971 4180 1089 4228 aeterno
1114 4180 1156 4226 est
1177 4173 1386 4224 determinatus

146 4249 171 4294 et
190 4245 380 4298 immutabilis
400 4247 427 4297 in
449 4263 501 4298 sua
520 4249 676 4298 voluntate.

244 4315 290 4366 Ad
309 4316 333 4366 7.
359 4317 430 4366 t'um
452 4317 528 4368 fleus
553 4315 753 4368 consideratur
776 4320 807 4366 ut
827 4317 890 4366 fons
909 4316 1036 4366 omnium
1062 4314 1200 4365 bonorum
1226 4313 1255 4362 et
1279 4308 1387 4360 henefi-

146 4382 259 4447 ciorum,
278 4401 353 4450 (puae
371 4386 454 4437 nobis
473 4402 491 4437 a
503 4386 633 4437 bonitate
652 4388 849 4436 creaturarum
868 4384 1031 4448 obtingunt,
1051 4386 1126 4434 certo
1146 4380 1305 4446 proprietas
1325 4378 1387 4429 eius

146 4455 188 4505 est
204 4456 344 4507 motivum
358 4455 472 4507 amoris.
492 4457 624 4508 (laterum
644 4453 852 4513 ..oriritteudum
872 4468 928 4506 nou
948 4457 992 4504 est
1011 4466 1138 4504 aurorem
1158 4465 1227 4516 erga
1241 4448 1386 4499 t‘lrristum

147 4521 310 4576 crucifixum
334 4525 470 4577 facillime
494 4539 621 4577 amorem
647 4539 711 4576 esse
736 4523 875 4587 caritatis
899 4525 985 4587 amne
1005 4521 1132 4572 dolorem
1152 4521 1188 4570 de
1208 4517 1333 4584 placcatis
1352 4531 1386 4567 ex

147 4607 177 4644 eo
196 4594 303 4645 motivo
316 4598 494 4660 correeptum‚
513 4593 588 4659 quod
608 4596 729 4644 mortem
743 4596 773 4645 et
784 4593 987 4645 acerbissimos
1006 4590 1149 4642 cruciatus
1169 4588 1197 4640 in
1209 4589 1386 4638 salvatorem

148 4665 344 4730 congesserint
353 4663 482 4728 adeoque
495 4666 608 4716 tantum
627 4663 736 4714 rnatum
748 4662 799 4714 Dei
813 4661 954 4714 incarnati
968 4661 1119 4726 exsistant,
1138 4659 1176 4710 ad
1186 4656 1387 4709 contritionem

148 4733 300 4797 perfectam
321 4734 472 4799 pertinere.
501 4735 572 4785 Nam
592 4733 640 4797 qui
660 4732 862 4784 benevolentia
887 4747 957 4793 erpa
977 4731 1121 4782 Christum
1141 4727 1274 4782 afficitur,
1302 4739 1386 4790 quem
