3450 5342
846 378 1040 434 -282-

323 568 474 629 arcentur,
494 564 523 617 in
537 560 770 617 fornicationem
785 559 900 626 incidit,
912 574 1026 628 magno
1039 558 1178 613 fidelium
1194 557 1348 612 scandalo.
1367 558 1581 625 Quapropter

325 632 413 688 multi
433 632 570 702 episcopi
591 631 671 700 parti
692 630 814 685 nocenti
833 629 933 699 magis
953 628 1152 709 indulgentes
1172 627 1297 751 saepius
1325 642 1442 681 novum
1465 626 1581 680 matri·

325 702 464 757 monium
476 700 672 771 permittuut3
687 715 764 769 quae
778 699 973 754 consuetudo
986 697 1017 751 in
1029 697 1162 767 singulis
1173 712 1224 752 ecc
1236 696 1310 751 esiis
1324 694 1577 764 »cinocephalis«

323 771 385 827 iam
414 771 551 827 valorem
581 770 746 825 iuridicum
773 768 917 824 obtinuit.
957 768 996 823 Ut
1014 783 1071 837 per
1090 772 1187 821 totam
1206 766 1364 821 ecclesiam
1386 768 1579 820 orientalem

324 842 381 896 hac
407 840 439 895 in
459 856 493 896 re
512 839 712 895 uniformitas
761 838 891 893 uaedam
911 837 1115 903 obtineretur,
1146 836 1342 891 Antonius
1372 834 1581 902 metropolita

325 910 444 967 Petro
481 910 665 964 olitanus
685 912 741 963 ai
782 906 958 963 tlomnium
977 906 1178 961 ecclesiarum
1197 904 1472 974 autocephalarum
1493 903 1583 957 anti·

325 980 414 1035 stites
462 994 609 1035 ecorum
639 977 828 1047 procedendi
854 976 948 1031 modo
974 975 1190 1045 interrogavit.
1228 974 1365 1029 Ioachim
1392 973 1580 1042 patriarcha

326 1047 806 1117 constantinopolitanus
837 1044 1000 1115 respondit
1022 1044 1054 1100 in
1073 1044 1201 1099 ecclesia
1226 1060 1284 1099 sua
1303 1044 1362 1097 iarn
1388 1044 1441 1097 din
1461 1043 1581 1111 vigere

325 1118 582 1173 consuetudinem
603 1120 684 1187 parti
704 1118 825 1171 nocenti
842 1116 1074 1170 matrimonium
1096 1129 1212 1169 novum
1230 1113 1426 1178 concedendi,
1446 1128 1487 1166 ne
1499 1112 1581 1165 alio·

325 1187 400 1258 quin
429 1188 461 1242 in
486 1186 721 1241 fornicationem
751 1184 874 1239 incidat.
911 1184 948 1239 In
975 1184 1046 1239 eccl.
1075 1183 1456 1250 Hierosolymitana
1488 1184 1580 1235 iuxta

324 1272 513 1380 responsum
530 1258 723 1326 patriarchae
736 1253 873 1309 divortia
892 1254 932 1308 ob
946 1252 1134 1307 adulterium
1148 1252 1312 1307 rarissima
1325 1258 1409 1315 suut;
1429 1257 1579 1319 potestas

324 1327 529 1381 eccesiastica
553 1328 699 1395 coniuges
718 1324 876 1447 litigantes
902 1323 1024 1392 placare
1049 1322 1162 1377 studet.
1200 1321 1253 1377 Sin
1273 1326 1377 1375 autem
1397 1320 1575 1375 divortium

324 1395 470 1464 impediri
489 1410 551 1449 non
572 1400 681 1464 potest,
715 1410 766 1448 mu
779 1394 825 1449 ier
845 1398 918 1447 tunc
937 1396 1057 1446 tantum
1077 1407 1095 1445 a
1114 1407 1197 1446 novi)
1217 1392 1416 1445 rustrimonio
1434 1395 1577 1450 arcetur,

324 1479 393 1519 cum
422 1464 492 1534 ipsa
518 1463 797 1519 reconciliationem
827 1460 1054 1531 impossibilem
1075 1460 1220 1516 reddidit.
1258 1460 1395 1515 Ecclesia
1427 1459 1578 1513 Antio-

325 1534 444 1589 chena
475 1540 505 1589 et
533 1532 852 1589 Graecohellena
881 1529 1003 1585 mulieri
1031 1529 1153 1586 nocenti
1182 1545 1300 1584 novum
1333 1528 1575 1584 matrimonium

325 1618 485 1673 nunquam
498 1606 692 1672 permittunt.
708 1602 744 1656 In
761 1602 898 1656 Serbia
911 1600 950 1655 ad
961 1600 1125 1655 arbitrium
1139 1598 1336 1669 singulorum
1348 1601 1577 1667 episcoporum

326 1672 506 1741 proceditur
524 1688 593 1727 cum
614 1672 699 1727 nulla
718 1670 823 1751 vigeat
841 1670 1036 1725 consuetudo
1055 1669 1201 1738 legitima.
1221 1669 1258 1723 In
1286 1668 1431 1722 Roman
1443 1667 1479 1721 ia
1498 1667 1578 1733 (Ru-

326 1741 444 1809 munia)
464 1756 575 1797 causae
589 1739 834 1796 matrimoniales
852 1738 977 1807 legibus
990 1738 1135 1793 civilibus
1155 1738 1312 1792 subiectae
1325 1740 1409 1803 suut,
1430 1743 1578 1806 potestas

324 1812 529 1867 ecclesiastica
558 1810 607 1865 his
634 1810 666 1865 in
686 1812 788 1865 causis
818 1808 902 1863 nulla
920 1813 976 1863 est.
1012 1808 1050 1861 In
1080 1807 1513 1875 Rosam-Hercegorina
1543 1810 1579 1860 et

326 1880 527 1951 Crnagora
553 1880 694 1935 severius
714 1878 841 1949 quidem
870 1877 1055 1947 proceditur,
1083 1883 1185 1932 tamen
1208 1876 1334 1945 utrique
1362 1876 1444 1945 parti
1466 1874 1578 1929 matri·

326 1952 463 2005 monium
493 1966 609 2005 novum
631 1949 819 2003 conceditur.
840 1978 870 1987 —-
892 1948 981 2001 Patet
1007 1947 1103 2070 igitur
1121 1961 1261 2001 errorem
1290 1946 1320 1999 in
1341 1961 1375 1999 re
1393 1946 1578 2015 dogmatica

324 2018 496 2074 etiuridica
525 2019 563 2073 de
584 2018 782 2073 matrimonio
804 2017 951 2071 omuibus
970 2016 1107 2071 eccesiis
1136 2014 1289 2085 separatis
1309 2030 1358 2069 ma
1381 2029 1438 2068 nas
1458 2030 1577 2083 parare

324 2088 525 2143 difficultates
546 2087 751 2158 sequelasque
770 2085 971 2141 tristissimas
991 2086 1105 2141 habere
1124 2100 1183 2154 pro
1202 2084 1347 2139 societate
1360 2033 1512 2138 humana.

323 2260 597 2364 Quauuau,
629 2264 698 2339 ua
731 2262 929 2365 Quruus
960 2257 1232 2338 rasorum
1259 2256 1574 2359 urmusous

602 2382 895 2465 accusans
923 2380 1290 2460 massarium.

918 2559 971 2620 vi.

462 2661 620 2730 Doctrina
644 2660 822 2729 liuaeorunt
847 2662 887 2729 ic
910 2676 1039 2728 canone
1061 2659 1194 2727 vetaris
1216 2651 1431 2727 Testamenti.

752 2761 957 2819 Concinnavit
975 2761 1031 2816 ad.
1050 2760 1155 2816 dasch.

429 2890 454 2945 V
457 2910 547 2959 erum,
582 2908 647 2947 cum
670 2889 818 2949 Luthcrus
852 2900 883 2947 ct
913 2899 1023 2947 sectam
1048 2891 1111 2947 eius
1145 2890 1236 2947 secuti
1259 2907 1311 2965 pro
1345 2886 1482 2945 libertate
1509 2887 1574 2958 illa,

326 2996 414 3053 quarn
438 2974 658 3053 praedicabant,
693 2996 893 3054 quaecumque
918 2978 989 3053 ipsis
1012 2985 1082 3054 apta
1112 2996 1171 3033 nou
1193 2994 1257 3032 esse
1281 2973 1459 3033 videbantur
1480 2972 1576 3031 tradi-

324 3064 414 3121 tionis
437 3062 558 3120 divinae
581 3064 611 3119 ri
628 3062 744 3122 sublata
766 3084 784 3120 a
806 3062 947 3121 librorum
962 3082 1109 3121 sacrorum
1132 3082 1253 3119 numero
1268 3072 1481 3138 segregassent,
1495 3062 1577 3118 lius—

324 3169 419 3208 sorum
443 3148 575 3226 theologi
597 3161 727 3228 tempore
749 3148 927 3228 procedente
956 3148 993 3208 de
1015 3169 1128 3208 canone
1150 3148 1187 3206 V.
1209 3148 1246 3206 T.
1268 3168 1351 3206 secus
1374 3150 1483 3206 sentire
1507 3169 1576 3205 coe-

323 3244 429 3315 perunt
452 3246 481 3294 et
504 3239 728 3315 protestantium
751 3236 870 3295 decreta
893 3235 1104 3315 approbabant.
1140 3235 1200 3292 Sed
1224 3236 1296 3293 haec
1319 3238 1488 3301 reticeret,
1512 3256 1575 3292 non

323 3343 400 3396 usus,
435 3326 505 3402 quia
527 3321 651 3381 difficile
674 3332 737 3381 crat
759 3343 876 3401 prorsus
899 3344 1007 3381 novum
1031 3343 1114 3381 usum
1138 3324 1238 3380 statim
1260 3321 1399 3380 inducere
1428 3333 1459 3380 et
1481 3322 1573 3380 aliam

323 3412 527 3469 auctoritatem
543 3410 591 3467 rel
608 3410 731 3469 fortasse
755 3410 866 3469 nullam
888 3409 1018 3469 tribuere
1040 3409 1132 3475 libris,
1156 3411 1206 3487 qui
1229 3408 1266 3467 ab
1290 3411 1376 3467 initio
1398 3411 1431 3467 iu
1453 3410 1575 3467 rumicis

323 3516 471 3556 sacrarum
502 3498 665 3555 litterarum
700 3496 869 3575 corporibus
899 3500 964 3555 sine
998 3495 1168 3555 discrimine
1191 3498 1375 3554 auctoritatis
1408 3516 1474 3554 cum
1504 3496 1574 3554 aliis

324 3586 476 3642 commixti
507 3594 610 3657 erant,
654 3584 728 3642 haec
758 3604 829 3643 sane
852 3593 916 3642 crat
947 3585 1037 3643 Sacra
1060 3585 1219 3662 Scriptura,
1254 3585 1285 3641 iu
1308 3603 1367 3662 qua
1395 3604 1454 3641 nou
1478 3583 1573 3641 solum

322 3672 388 3747 pia
411 3681 447 3727 et
470 3670 589 3729 utilis
611 3670 698 3729 lectio
721 3669 934 3741 continebatur,
961 3670 1013 3729 sed
1029 3691 1066 3727 ex
1082 3690 1141 3748 qua
1156 3671 1246 3727 ctiam
1270 3669 1406 3729 doctrina
1427 3670 1574 3728 ccclesiae

324 3756 521 3815 hauriebatur.
545 3758 612 3833 Qua
634 3757 670 3816 de
694 3778 782 3816 cauea
805 3759 892 3835 primi
916 3767 1037 3816 conatus
1060 3778 1168 3815 novam
1191 3756 1355 3815 doctrinam
1379 3759 1410 3814 in
1433 3758 1573 3815 Russiam

324 3841 483 3900 inducendi
519 3855 587 3903 aunt
610 3847 714 3903 incerti
748 3852 778 3902 et
799 3844 910 3923 pavidi.
956 3845 1051 3903 lmmo
1073 3845 1163 3902 etiam
1198 3846 1305 3902 nostris
1336 3846 1423 3902 aunis
1447 3844 1570 3918 Aleksej

325 3928 563 4006 Speranskij
589 3932 700 4009 primus
723 3932 900 3990 theoreticus
922 3942 1128 4010 propugnator,
1158 3944 1190 3987 ut
1213 3932 1254 3987 ita
1277 3930 1383 3995 dicam,
1412 3934 1443 3988 in
1466 3932 1574 3988 ltussia

325 4035 421 4073 novae
451 4015 601 4074 doctrinae
635 4016 672 4075 de
695 4021 869 4077 auctoritate
903 4018 1042 4076 librorum
1073 4016 1402 4076 deuterocanouicorum
1434 4020 1575 4096 queritur,

324 4101 402 4181 quod
428 4121 464 4160 ea
486 4102 627 4175 doctrina,
651 4124 739 4181 quam
763 4108 826 4182 ipse
850 4115 1015 4183 propugnat
1037 4124 1071 4162 ac
1092 4113 1198 4175 tuetur,
1221 4104 1371 4183 hucusque
1393 4106 1425 4161 in
1447 4104 1576 4162 ecelesia

323 4190 435 4248 musica
465 4210 523 4247 uon
546 4191 585 4247 sit
615 4192 686 4249 satis
709 4193 871 4269 explorata,
904 4190 1037 4249 absolute
1059 4202 1148 4261 certa,
1182 4210 1258 4268 quae
1282 4194 1312 4248 in
1342 4193 1573 4249 controversiam

324 4278 424 4334 vocari
449 4296 508 4333 non
530 4277 631 4353 possit.
682 4276 836 4336 Adducam
862 4280 1011 4357 ipsissima
1044 4280 1106 4336 eius
1129 4277 1228 4345 verba,
1263 4277 1369 4355 quibus
1392 4278 1487 4355 primo
1509 4278 1574 4335 loco

323 4372 510 4442 praesentem
534 4366 712 4423 seutentiam
736 4367 911 4443 scriptorum
934 4367 1110 4423 russicorum
1134 4366 1274 4442 exprimit
1288 4360 1344 4442 ⁵⁹J:
1380 4364 1506 4435 ,Nostra
1529 4384 1575 4421 or-

375 4514 410 4577 l⁹t
430 4511 568 4569 rtueuchii
588 4514 635 4568 Cu
648 4532 663 4569 e
675 4534 691 4585 p
703 4532 720 4567 a
730 4532 747 4567 u
759 4532 773 4569 c
784 4532 802 4567 κ
813 4516 820 4567 i
831 4512 856 4581 i,
875 4511 1004 4584 liparitiit
1023 4511 1236 4584 ncroprmecuiii
1255 4532 1370 4584 caepas
1389 4518 1507 4583 cynica
1527 4531 1574 4567 ue-

430 4601 677 4642 uauonuuecuux's
697 4602 793 4638 ferrura
813 4586 943 4638 Bcrxaro
963 4584 1086 4638 Baetra.
1115 4584 1333 4653 Xpucriaucaoe
1354 4584 1468 4637 ‘ircuie
1494 4583 1573 4638 CssB.

428 4653 503 4719 1881,
534 4672 560 4723 p.
587 4654 735 4708 aar-404.
771 4654 879 4708 Auctor
906 4658 1062 4721 pertractat
1090 4653 1228 4719 orig-inem
1256 4654 1574 4708 dentcrocanonicorum
