3450 5342
752 362 795 375 -
819 332 881 389 nro
913 364 944 373 -

328 512 530 583 disaster
553 518 837 585 Philosoplmmonoa
856 516 917 583 19,
937 533 964 570 a.
985 518 1018 570 12
1036 518 1108 571 hacc
1127 522 1227 572 narrat
1245 518 1282 571 do
1300 518 1421 573 Callisto
1441 521 1474 573 l.:

225 586 350 650 ,Πρῶτος
366 590 402 637 τὰ
417 588 482 652 πρὸς
498 590 546 651 τίς
562 589 658 653 deusd<
674 594 728 653 τοῖς
747 589 895 653 ἀνθρώποις
915 594 1060 655 συγχωρεῖν
1079 590 1212 653 lacaenas,
1231 590 1318 655 λίηων
1337 596 1413 641 πᾶσιν
1432 590 1476 641 ὑπ’

226 656 306 707 αὐτοῦ
324 657 450 720 ἀφίεσθαι
467 659 603 721 ἁμαρτίας.

329 748 355 817 α)
374 750 604 818 Cyprianus
621 752 808 819 disciplinam
826 752 952 819 priorem
971 752 1088 807 laxavit.
1111 753 1184 805 Nam
1205 752 1255 818 Ep.
1274 752 1308 805 55
1326 754 1379 806 ait:
1400 753 1472 819 „Vix

224 820 303 885 plebi
322 820 493 888 persuadeo,
512 822 602 875 immo
619 826 785 889 extorqueo,
810 826 843 876 ut
860 824 936 875 tales
955 823 1103 889 patiantur
1122 822 1264 875 admitli“.
1302 822 1341 875 Oi.
1361 823 1412 889 Ep.
1432 822 1475 889 52,

224 903 252 941 n.
270 888 296 942 3,
331 891 425 958 Quam
442 895 542 945 tamen
560 908 679 945 severas
697 891 783 945 inerit
800 892 905 959 collige
924 908 959 944 ex
979 892 1029 959 Ep.
1050 892 1090 958 13,
1110 906 1137 945 n.
1157 892 1169 943 1
1191 908 1225 958 s.;
1251 890 1301 958 Ep.
1321 892 1363 955 52,
1382 908 1408 945 n.
1428 892 1474 945 23.

328 983 360 1051 f)
378 985 517 1041 Similiter
534 988 644 1041 Romae
663 990 762 1041 laxata
779 992 825 1042 est
843 988 999 1055 disciplina
1018 992 1147 1054 tempore
1166 986 1310 1055 Cypriani,
1341 994 1372 1040 ut
1392 990 1474 1055 palat

223 1070 259 1107 ex
279 1054 404 1121 epistola
421 1057 525 1109 cleri
552 1058 719 1111 Romani
741 1058 779 1111 ad
799 1058 975 1125 cyprianum
1004 1058 1091 1123 (inter
1110 1057 1243 1125 cyprian.
1271 1058 1322 1124 Ep.
1341 1058 1396 1121 31),
1423 1058 1473 1111 abi

223 1124 410 1192 dubitabant,
428 1141 498 1179 num
515 1127 603 1180 vania
622 1126 713 1194 lapsis
731 1131 809 1181 essct
826 1127 934 1180 danda.

326 1219 359 1289 9)
376 1221 587 1291 Origenes,
604 1222 647 1275 De
664 1223 795 1277 oratione
814 1240 841 1275 n.
859 1222 903 1284 28,
922 1238 947 1275 v.
968 1222 1037 1275 lin:
1069 1226 1113 1273 Ἂν
1131 1239 1204 1273 τινων
1224 1224 1308 1288 ἀφῆτε
1327 1226 1373 1286 τὰς
1393 1225 1475 1288 ἁμαρ-

223 1292 281 1353 τίας
299 1307 326 1341 ιι.
344 1308 366 1342 τ.
385 1292 412 1343 λ.
441 1292 472 1342 st
489 1293 518 1343 δί
535 1308 573 1354 τις
591 1293 764 1356 ἀβασανίστως
782 1294 1048 1357 culminasacra,
1068 1294 1214 1361 ίγνιαλίσαι
1232 1308 1267 1355 τις
1288 1296 1319 1342 ᾰν
1337 1300 1391 1355 τοῖς
1410 1294 1474 1343 ἀασ-

224 1361 328 1425 σσὸλοίς
345 1361 380 1426 μη
398 1367 475 1413 πᾶσιν
493 1363 612 1426 αφιιῖσιν,
641 1366 687 1413 ίνα
703 1368 779 1414 πᾶσιν
798 1364 897 1427 ἀφυῆ,
929 1364 1002 1413 ἀλλὰ
1019 1379 1092 1413 τινων
1110 1364 1156 1424 τὰς
1185 1364 1309 1427 ἁμαρτίας
1327 1366 1474 1427 κρατοῦσιν,

224 1430 262 1492 ὡς
279 1432 311 1480 dt'
328 1432 421 1495 αὐτοὺς
447 1434 495 1483 καί
511 1435 584 1495 παρὰ
600 1432 657 1497 θοῷ
675 1434 833 1497 κρατεῖσθαι
851 1434 949 1495 αὐτας·
981 1434 1105 1497 χρήσιμον
1123 1434 1151 1481 ol
1169 1434 1334 1498 παράδειγμα
1359 1432 1474 1483 ἀπὸτοῦ

222 1502 304 1563 νόμου
322 1500 421 1563 λαβεῖν,
449 1503 514 1565 πρὸς
529 1503 560 1551 τὸ
577 1502 706 1566 νοηθῆναι
730 1506 776 1567 την
794 1504 826 1553 δι’
844 1503 989 1564 ἀνθρώπων
1009 1504 1100 1566 ἄροσιν
1127 1503 1176 1552 ὑπὸ
1195 1502 1258 1551 θοοῦ
1277 1504 1413 1569 γινομένην
1432 1504 1477 1552 ἀν-

223 1569 342 1633 θρώποις
367 1572 573 1637 ἁμαρτημάτων·
604 1576 628 1623 σί
654 1575 724 1622 κατὰ
750 1576 827 1637 νόμον
857 1576 936 1635 ίιριῐς
962 1574 1109 1622 abiecerat
1136 1574 1193 1635 napi
1220 1586 1293 1621 τινων
1320 1573 1473 1635 προςρίριιν

225 1640 417 1705 ἁμαρτημάτων
433 1641 536 1702 θυσίαν,
566 1644 610 1691 ίνα
627 1642 716 1705 ἀασθῇ
741 1648 795 1704 τοῖς
813 1644 872 1705 aspi
899 1637 934 1693 ὢν
954 1646 980 1692 αἱ
1000 1642 1095 1703 θυσίαι,
1125 1644 1158 1690 τὰ
1176 1641 1396 1705 πλημμελήματα.
1426 1644 1474 1691 καί

223 1709 335 1760 obdiaca
352 1712 400 1773 τὴν
424 1714 483 1773 πυρί
501 1726 575 1762 τινυν
602 1712 719 1771 ίξουσίαν
745 1712 861 1775 ὁίιριυς
890 1713 1017 1762 ἀκουσίων
1044 1711 1310 1774 ἠνιλημμιλημσίτων
1338 1713 1472 1773 ἀναφορὰν

224 1779 304 1843 5χων,
321 1779 370 1843 ἤδη
388 1796 435 1830 και
452 1784 511 1844 πυρί
528 1783 653 1845 μοιχτίας,
671 1782 688 1844 ἡ
707 1784 826 1833 ίνισυσίου
845 1784 934 1843 φονου,
955 1782 970 1844 ἢ
991 1796 1056 1841 τινος
1076 1781 1160 1830 ἄλλου
1179 1781 1365 1845 χαλιπωτίρου
1384 1784 1474 1831 πταίσ-

223 1863 305 1911 ματος
326 1851 465 1914 τροςφίριι
482 1850 666 1915 samaeas«,
695 1851 789 1914 ἡτιρί
807 1852 934 1915 ἁμαρτίας
953 1886 959 1900 .
978 1888 1011 1901 ..
1046 1851 1102 1899 liba
1120 1847 1168 1899 οἶδ’
1186 1850 1255 1911 ὅπως
1286 1851 1388 1910 toarci<
1407 1864 1472 1913 τινις

224 1918 409 1983 ίαιτρὲψανας
434 1920 483 1983 τἠν
501 1921 632 1984 ίιρατινιὴν
653 1921 802 1985 ἐπιστήμην,
833 1921 955 1985 αὐχοῦσιν
974 1921 1009 1981 ὡς
1027 1922 1161 1981 dorassem
1188 1922 1234 1968 καί
1255 1919 1472 1981 ιίδωλολατρσίας

223 1995 379 2053 συγχωρεῖν,
406 1991 523 2054 μοιχείας
541 2004 570 2039 τι
588 1992 634 2041 καί
660 1992 781 2053 πορνείας
800 1992 912 2052 αριίναι,
939 1990 974 2051 ὡς
992 1992 1033 2039 διὰ
1060 1993 1105 2051 τῆς
1133 1989 1212 2052 εὐχῆς
1234 1990 1318 2039 αὐτῶν
1345 1991 1472 2050 περὶτῶν

222 2061 308 2108 ταῦτα
324 2058 523 2123 τοτολμηιιοτων
540 2060 667 2123 λυομῦνης
697 2062 744 2109 καί
760 2065 807 2123 τῆς
825 2061 888 2122 πρὸς
908 2061 1022 2109 θάνατον
1042 2060 1183 2122 ἁμαρτίας·
1210 2059 1311 2123 οὐγὰρ
1330 2058 1475 2125 ἀναγιγνώ-

223 2142 316 2177 σκουσι
332 2130 379 2177 οὐ·
409 2130 476 2179 ίστιν
495 2130 608 2191 ἁμαρτία
634 2130 697 2193 πρὸς
715 2129 839 2189 θάνατον,
867 2130 896 2179 οὐ
914 2133 972 2192 aspi
999 2130 1101 2190 ἐκείνης
1120 2129 1201 2193 λίγω,
1229 2131 1273 2177 ῖνα
1290 2142 1326 2188 τις
1346 2128 1472 2191 ίρωτηση.

223 2194 266 2249 Gi.
285 2196 315 2249 F.
334 2196 369 2249 X.
387 2198 506 2263 Fusii,
532 2198 758 2261 Kircbengescb.
778 2198 923 2250 Abbandl.
943 2198 971 2258 1.,
991 2213 1018 2263 μ,
1038 2195 1096 2258 159,
1117 2196 1174 2261 163,
1195 2196 1245 2249 175
1264 2212 1284 2247 s.
1322 2196 1362 2249 ef.
1382 2196 1471 2249 etiam

224 2280 299 2331 quac
317 2266 521 2319 Eusebius
539 2273 639 2321 narrat
658 2260 694 2319 da
713 2266 851 2333 Dionysio
871 2267 1076 2319 Alexandrino.

327 2358 358 2426 lt)
376 2362 579 2484 Gf‘.{⁰¹i¹¹⁸
597 2362 895 2444 Tbaumaturgus
921 2363 949 2415 in
969 2362 1019 2427 sp.
1039 2361 1187 2425 canonica,
1206 2378 1228 2413 c.
1250 2360 1272 2412 7.
1293 2360 1375 2412 decet
1395 2360 1469 2425 prio-

222 2430 305 2483 ribus
327 2434 450 2497 tempori
472 2448 507 2485 us
530 2432 692 2485 homicidas
710 2432 748 2484 ab
766 2448 845 2484 omni
864 2432 1042 2497 poenitentia
1062 2436 1089 2484 et
1109 2430 1194 2483 venia
1213 2432 1345 2483 exclusos
1372 2428 1469 2481 brisso.

265 2568 273 2581 ⁸
328 2498 351 2565 ι)
378 2500 476 2555 Talem
494 2504 540 2554 vel
568 2502 694 2555 similem
713 2503 816 2554 saltem
837 2501 1021 2567 disciplinam
1049 2500 1117 2552 olim
1137 2500 1266 2569 viguisse
1284 2498 1470 2552 doctissimus

224 2570 522 2693 ‘¹⁰¹⁸ll⁰1‘¹ii⁰¹3³i⁸1
535 2570 1155 2706 allisistis'illlislfflissllt
1174 2574 1229 2691 ll·
1246 2568 1474 2691 ‘stellet

224 2652 597 2776 malmesburienses
615 2682 721 2777 Lupus,
740 2682 908 2763 sirmondus
927 2681 1012 2774 (Hist.
1026 2680 1114 2775 poen.
1134 2676 1211 2775 publ.
1228 2654 1473 2774 g§.uitull'itassa

224 2779 352 2845 Messon,
370 2779 525 2849 Bingliam,
551 2781 690 2839 blartene.
709 2780 801 2845 Funis,
819 2781 955 2847 Kolberg,
984 2780 1106 2840 Betiliol,
1126 2778 1297 2845 Hagemann
1317 2777 1383 2841 (llis
1401 2778 1471 2829 rtirn.

222 2848 329 2970 1811τῖἒὸ
339 2864 380 2984 ἦν.)
393 2850 444 2971 relatac
456 2848 590 2902 Einlluss.
610 2849 636 2902 S.
650 2849 684 2901 52
702 2847 752 2914 11),
771 2850 914 2915 Facbtrup
933 2849 1039 2916 (Theoi.
1059 2846 1287 2916 Quartalschrilt.
1307 2847 1375 2899 Γ1111),
1395 2846 1471 2913 1872,

244 2958 251 2969 ⁰
327 2960 400 3040 Dub.
412 2958 453 3041 10ss
472 2988 580 3041 Saltem
599 2988 718 3048 clinicis,
738 2989 790 3041 ie.
802 2989 845 3055 iis,
865 2988 914 3053 ηυί
929 2988 1044 3039 veniam
1060 2989 1174 3039 tantum
1184 2985 1349 3038 moribundi
1360 2985 1470 3037 sincero

223 3058 551 3191 petssbaffimncgabatur
569 3057 621 3125 (Gt.
649 3058 823 3121 Morinos,
855 3058 896 3109 lie
915 3056 1068 3123 disciplina
1089 3056 1117 3107 in
1137 3054 1245 3108 admin.
1265 3054 1370 3120 poenit
1390 3056 1406 3106 l.
1426 3055 1469 3121 Χ,

327 3210 358 3277 α)
383 3212 598 3279 Cyprianus,
625 3214 675 3280 iip.
695 3213 736 3265 52.
755 3214 794 3266 ad
812 3214 1008 3266 Antonianum
1028 3228 1054 3265 n.
1075 3212 1109 3264 23
1128 3210 1240 3263 scribit:
1260 3210 1384 3266 ..idcirco
1404 3225 1470 3274 poe·

223 3282 377 3335 nitentiam
395 3298 452 3335 non
470 3287 592 3351 agentes
611 3298 662 3335 nec
681 3283 809 3335 dolorem
829 3284 998 3335 delictorum
1019 3297 1134 3335 suorum
1154 3286 1214 3332 toto
1233 3280 1317 3330 eorde
1336 3283 1363 3329 et
1378 3279 1470 3330 nraiii-

222 3352 298 3405 fests
309 3352 526 3405 lamentationis
537 3369 607 3405 suae.
619 3352 795 3417 professione
808 3358 959 3411 testantes,
973 3351 1167 3417 prohibendos
1177 3349 1293 3401 omnino
1305 3348 1469 3399 censuimus

221 3437 240 3475 a
253 3436 306 3487 spe
324 3422 593 3475 communicationis
612 3427 641 3475 et
651 3423 739 3488 pacis,
759 3423 783 3474 si
802 3423 831 3473 in
851 3422 1020 3474 infirmitate
1036 3426 1121 3486 attrue
1142 3420 1170 3471 in
1185 3418 1310 3485 periculo
1324 3416 1469 3481 coeperint

222 3492 390 3558 deprecari;
417 3491 485 3558 quia
509 3507 611 3558 rogare
636 3492 701 3544 illos
726 3505 782 3545 non
810 3492 909 3544 delicti
929 3492 1113 3557 poenitentia,
1143 3488 1194 3539 sed
1214 3487 1313 3538 mortis
1339 3486 1469 3551 urgentis

221 3560 382 3613 admonitio
395 3562 554 3627 compellit;
571 3576 624 3613 nec
643 3562 749 3625 dignus
769 3566 811 3613 est
832 3561 861 3613 in
882 3567 972 3613 morte
992 3562 1117 3625 recipere
1137 3556 1280 3614 solatium,
1300 3555 1348 3620 qui
1369 3572 1399 3607 se
1413 3571 1469 3607 non

222 3631 363 3698 cogitavit
380 3646 444 3683 ease
463 3632 659 3683 moriturum“.

327 3714 355 3783 5)
383 3716 587 3769 Concilium
615 3718 836 3769 Arelatense
864 3716 883 3768 l.
903 3717 939 3781 (a.
959 3715 1022 3777 314)
1042 3730 1103 3767 can.
1123 3714 1165 3765 22.
1186 3714 1255 3765 baec
1276 3712 1390 3765 statuit:
1409 3712 1468 3777 „lie

221 3788 277 3854 hia,
296 3787 345 3853 qui
363 3788 532 3853 apostatant
550 3793 577 3839 at
597 3802 744 3851 nunquam
764 3802 795 3837 sc
814 3786 852 3837 ad
872 3786 1023 3837 ecclesiam
1044 3788 1269 3849 repraesentant,
1296 3798 1330 3833 ne
1350 3782 1468 3847 quidem

222 3856 430 3924 poenitentiam
457 3872 545 3924 agere
563 3860 703 3922 «Quaerunt
729 3859 756 3907 et
777 3860 876 3921 postea
898 3854 1064 3907 infirmitate
1084 3853 1189 3918 arrepti
1216 3856 1317 3918 petunt
1342 3866 1469 3904 commu·

221 3928 347 3993 aionem,
365 3927 474 3991 placuit
492 3926 536 3978 eis
553 3940 610 3978 non
629 3926 757 3977 dandam
776 3924 1016 3988 communionem,
1040 3923 1095 3975 nisi
1115 3923 1289 3974 revaluerint
1309 3928 1336 3973 et
1357 3920 1469 3985 egerint

221 3996 327 4065 (lignos
337 3996 445 4048 tructus
455 3994 675 4061 poenitentiae“.
690 3995 748 4046 Nec
760 4009 829 4045 sane
839 4000 938 4059 petent
949 3992 1160 4045 Eucharistiam
1172 3998 1240 4044 ante
1248 3991 1467 4043 absolutionem.

324 4092 351 4158 c)
369 4089 614 4143 innocentius
639 4090 668 4157 1,
686 4090 737 4155 Ep.
756 4089 781 4141 6.
799 4089 838 4140 ad
857 4088 1056 4154 Exsuperium,
1079 4104 1123 4152 ep.
1143 4087 1323 4144 Tolosanum,
1343 4102 1369 4138 n.
1389 4086 1412 4137 5.
1433 4100 1467 4138 s:

220 4162 281 4225 „De
299 4162 346 4214 his
365 4158 501 4227 [clinicisl
519 4158 683 4212 observatio
701 4159 778 4225 prior
796 4158 953 4216 durior:
972 4157 1112 4223 posterior
1130 4157 1340 4209 interveniente
1356 4156 1468 4207 miseri-

220 4231 327 4298 cordia,
354 4230 527 4283 inclinatior.
562 4230 637 4282 Nam
664 4228 841 4281 consuetudo
868 4228 946 4294 prior
974 4228 1074 4293 tenuit,
1105 4229 1136 4279 ut
1164 4226 1469 4277 concederetur

219 4300 496 4367 poenitentia,
515 4299 566 4350 sed
591 4297 823 4351 communio
850 4300 1083 4363 negaretur.
1102 4296 1175 4348 Nam
1196 4311 1259 4347 cum
1280 4294 1467 4360 illistempo-

218 4370 301 4423 ribus
327 4370 445 4422 crebrae
463 4368 677 4435 persecutiones
696 4373 802 4433 esseut,
828 4382 865 4417 ne
884 4366 1094 4418 communionis
1113 4380 1248 4417 concessa
1268 4363 1392 4416 facilitas
1418 4364 1468 4415 ho·

219 4440 315 4493 minos
332 4440 369 4492 de
388 4438 620 4491 reconciliatione
651 4451 819 4489 securos
848 4451 906 4488 non
926 4442 1071 4487 revocaret
1091 4450 1108 4487 a
1127 4436 1219 4499 lapsu,
1238 4437 1345 4497 uenata
1364 4434 1467 4484 merito

220 4508 385 4563 communio
397 4512 449 4575 est,
468 4522 605 4560 concessa
617 4506 804 4573 poenitentia,
823 4520 860 4557 ne
872 4508 964 4557 totum
979 4505 1094 4570 ponitus
1107 4508 1269 4571 negaretur,
1283 4506 1310 4554 et
1321 4503 1465 4554 duriorem

219 4594 298 4632 rem
309 4579 317 4631 i
328 4594 343 4631 s
353 4594 368 4631 s
377 4579 386 4631 i
395 4592 441 4630 on
451 4592 506 4630 em
524 4577 590 4630 iecit
610 4576 748 4641 temporis
766 4575 848 4628 ratio.
868 4575 922 4626 Sed
937 4579 1089 4639 postquam
1101 4573 1240 4625 llominus
1253 4576 1350 4624 noster
1364 4586 1465 4637 pacem

273 4722 467 4765 snanalseot.
1279 4701 1311 4753 ll
