3450 5342
692 359 886 418 -121-

164 567 283 607 manum
314 567 396 608 suam
426 547 464 607 ad
494 549 656 608 Dominum
690 549 787 608 Deum
821 548 989 608 excelsum“
1025 545 1115 630 (Gen.
1152 552 1200 620 lt,
1235 546 1298 631 22),
1335 570 1411 628 quae

164 655 269 697 manus
299 636 348 692 rel
381 634 541 712 digitorum
573 635 702 694 elevatio
735 635 833 696 adhuc
867 634 906 696 ad
939 639 1097 696 iuramenti
1132 635 1285 696 sollemnis
1319 639 1408 698 ritum

162 724 299 800 pertinet.
322 720 413 802 Apud
435 722 558 801 populea
580 723 766 794 christianos,
788 724 961 800 praesertim
977 722 1077 782 media
1091 733 1188 782 aetate
1212 726 1408 786 iuramentum

163 828 254 886 grave
286 819 468 868 momentum
503 809 778 888 sociale-politicum
811 809 942 870 habebat
965 809 1040 887 (46).
1071 811 1208 870 Ecclesia
1243 811 1307 890 ipsa
1329 811 1407 872 iura-

163 907 294 954 mentum
317 895 501 974 approbavit,
516 907 547 955 at
561 895 693 978 eiusdem
709 895 833 955 abusum
848 899 956 956 acriter
970 896 1163 976 impugnabat
1187 896 1350 976 (to-47).
1368 933 1406 942 -

270 1036 389 1095 Primus
411 1037 568 1094 iuramenti
592 1032 779 1094 adversariae
801 1035 913 1094 Plato
935 1035 999 1107 fuit,
1015 1037 1065 1113 qui
1089 1044 1208 1114 propter
1223 1035 1407 1114 frequentem

164 1123 322 1182 iuramenti
346 1121 470 1182 abusum
492 1125 556 1180 eius
578 1122 737 1182 utilitatem
760 1120 898 1199 negabat.
921 1123 1003 1182 luter
1025 1124 1097 1182 iuris
1122 1123 1241 1200 peritos,
1264 1125 1315 1201 qui
1331 1125 1409 1181 iura-

164 1220 295 1267 mentum
316 1208 539 1288 impugnabaut,
562 1210 742 1268 Bentham
766 1205 1009 1288 (1748-1832)
1025 1218 1054 1267 et
1076 1209 1244 1269 Ferribre
1268 1209 1407 1286 (1639-

167 1299 261 1362 1715)
298 1304 497 1355 memorantur
532 1294 703 1374 (ta-50);
738 1296 1007 1375 Montesquieu
1036 1291 1211 1376 (,L'l⁴]rprit
1245 1295 1282 1354 de
1316 1293 1407 1375 lois“)

164 1394 265 1441 contra
288 1385 444 1442 iuramenti
467 1385 634 1442 institutum
664 1381 852 1446 defendebat.
883 1383 1068 1464 Principalee
1098 1381 1334 1442 adversariorum
1356 1383 1407 1442 ob-

164 1472 306 1528 iectiones
340 1481 408 1528 suut
432 1475 460 1529 1.
483 1473 679 1530 iuramentum
713 1468 846 1529 libertati
876 1471 1023 1529 humanae
1057 1471 1242 1550 (praesertim
1273 1473 1300 1529 oi
1331 1491 1406 1549 quae

164 1559 263 1615 vocari
286 1557 360 1616 solet
382 1557 504 1617 libertas
527 1557 738 1635 eonscientiae)
761 1555 923 1630 adversari,
947 1561 974 1616 2.
997 1559 1194 1620 iuramentum
1214 1577 1278 1616 esse
1291 1569 1406 1618 eontra·

164 1645 238 1702 rium
261 1665 284 1702 s.
306 1646 483 1723 scripturae,
506 1647 534 1703 3.
556 1647 754 1704 iuramentum
777 1643 909 1702 theoriae
932 1655 962 1702 et
984 1645 1138 1722 principiis
1162 1643 1313 1704 docminae
1336 1645 1406 1702 iuri-

163 1729 247 1788 dicae
274 1730 434 1790 adversari.
465 1732 514 1790 Ad
544 1734 670 1810 primam
692 1741 722 1790 et
745 1729 904 1790 secundam
938 1740 1054 1790 tautum
1089 1730 1269 1790 obiectionos
1305 1739 1405 1790 auetor

163 1817 328 1894 respondet.
351 1819 426 1878 Cum
449 1819 537 1878 bomo
560 1840 612 1880 ena
628 1818 736 1883 sociale
751 1819 798 1890 sit,
814 1817 1006 1898 impossibilis
1021 1827 1065 1878 eat
1081 1817 1234 1877 illimitata
1257 1817 1406 1876 individui

163 1903 285 1962 libertas
308 1905 481 1982 (51--54);
503 1909 628 1966 societas
655 1908 746 1984 igitur
767 1905 897 1964 bominis
920 1907 984 1982 ipsa
1007 1904 1173 1964 libertatem
1205 1904 1323 1974 limitat,
1346 1924 1406 1964 non

164 1992 368 2050 iuramentum.
402 1993 602 2051 loramentum
635 1994 856 2072 promissorium
891 1994 950 2050 ianr
985 2001 1090 2050 natura
1120 2011 1173 2050 sua
1202 1990 1327 2050 liberum
1362 2003 1407 2050 eat

165 2077 326 2155 (ot-55).
349 2079 551 2138 loramentum
571 2082 605 2138 in
627 2100 736 2158 genere
758 2077 889 2138 libertati
920 2081 1118 2138 eonscientiae
1142 2098 1201 2136 non
1225 2076 1406 2149 adversatur,

164 2164 216 2224 sed
239 2167 334 2242 potius
357 2166 515 2244 specialem
538 2168 566 2225 ei
589 2187 687 2226 coram
711 2165 808 2226 iudice
830 2166 960 2226 humano
983 2167 1186 2226 auotoritatem
1209 2164 1313 2224 tribuit
1332 2166 1408 2241 (63).

164 2253 235 2310 Loci
259 2253 312 2311 Mt.
335 2256 363 2324 5,
386 2255 426 2312 33
450 2275 504 2314 nu:
528 2253 588 2316 lae.
612 2256 639 2323 5,
675 2257 736 2330 12),
758 2255 811 2332 qui
833 2273 871 2312 ex
895 2254 932 2313 N.
954 2253 990 2314 Τ.
1014 2263 1116 2312 contra
1144 2254 1302 2313 iuramenti
1326 2251 1409 2312 licei-

163 2351 255 2397 tatem
286 2341 454 2413 afferuntur,
477 2361 536 2399 nou
559 2343 715 2400 iuramenti
747 2361 840 2413 usum,
863 2339 915 2398 aed
940 2333 1071 2398 eiusdem
1095 2337 1217 2398 abusum
1250 2339 1408 2417 prohibent

162 2424 326 2505 (etr-66),
349 2449 425 2505 quae
448 2429 607 2506 explicatio
630 2448 668 2486 ex
691 2431 796 2486 ceteris
819 2447 841 2485 s.
866 2429 1034 2506 scripturae
1057 2427 1128 2484 locis
1152 2435 1181 2484 et
1197 2446 1235 2484 ex
1248 2425 1408 2486 traditione

162 2513 324 2585 ehristiana
358 2516 547 2577 confirmatur
569 2515 732 2594 (to-69).
754 2515 819 2574 Neo
841 2534 880 2572 ex
904 2515 1071 2592 frequentia
1105 2515 1298 2591 periuriorum
1323 2534 1408 2590 argu·

163 2613 293 2660 mentum
323 2614 426 2660 eontra
458 2604 655 2662 iuramentum
686 2602 801 2660 desumi
831 2610 936 2678 potest,
960 2603 1036 2660 sicut
1059 2610 1089 2658 et
1111 2601 1193 2677 leges
1224 2604 1408 2660 necessariae

163 2700 239 2758 sunt,
261 2689 317 2746 etei
331 2691 448 2767 saepius
458 2687 743 2766 transgressionibus
764 2688 913 2746 violentur
935 2685 1012 2768 (71).
1036 2687 1148 2746 Omnes
1172 2686 1407 2746 adversariorum

163 2787 265 2831 contra
297 2777 493 2834 iuramentum
526 2775 708 2834 obiectiouea
731 2795 790 2832 non
820 2777 975 2832 esinccra
1004 2773 1041 2832 de
1065 2775 1221 2834 iuramenti
1258 2778 1348 2834 noxia
1379 2777 1409 2832 vi

163 2863 359 2938 persuasione,
382 2862 434 2922 sed
457 2883 473 2920 e
496 2883 584 2921 seusu
595 2864 734 2938 religioni
752 2863 873 2920 inimico
897 2863 1030 2920 oriuntur
1044 2857 1121 2942 (75).
1146 2862 1354 2930 iuramentum,
1370 2898 1407 2904 --

163 2959 195 3006 ut
217 2947 347 3025 perbelle
370 2962 470 3008 auctor
493 2947 643 3009 concludit
666 2983 706 2992 --
731 2947 898 3007 libertatem
930 2950 1132 3008 conscientiae
1154 2947 1258 3008 tribuit
1281 2969 1406 3027 eamque

164 3055 252 3112 supra
280 3034 362 3112 leges
392 3037 537 3096 humanas
568 3037 675 3103 elevat,
698 3038 769 3114 quia
792 3036 941 3094 bominem
966 3034 1004 3092 ad
1028 3035 1124 3093 Deum
1153 3037 1215 3092 eius
1239 3047 1408 3106 creatorem,

166 3119 276 3180 foutoru
301 3126 396 3182 omnis
420 3126 556 3183 veritatis
581 3133 610 3182 et
633 3124 805 3182 veracitatis
828 3121 931 3200 dirigit
954 3120 1030 3203 (ill).

271 3237 307 3294 In
330 3240 578 3297 commentatione
597 3239 800 3296 inconstantia
817 3245 846 3295 et
863 3238 1069 3314 expressiones
1092 3237 1190 3294 minus
1206 3242 1302 3292 rectae
1323 3254 1411 3310 qnae-

163 3319 233 3378 dam
257 3326 450 3401 reperiuntur.
474 3324 576 3383 ldeam
600 3325 658 3382 Dei
682 3327 816 3383 innatam
833 3343 899 3382 ease
911 3332 1010 3382 auctor
1022 3321 1095 3380 dioit.
1113 3317 1196 3400 (23);
1222 3322 1413 3398 paganismus

165 3409 351 3487 (irritasti-0)
375 3414 504 3470 omniurn
529 3412 659 3470 cultuum
676 3411 880 3488 religiosorum
896 3410 962 3468 fons
979 3404 1123 3488 (praeter)
1147 3409 1316 3466 nominatur
1333 3403 1413 3486 (3o);

165 3515 192 3572 p.
216 3497 264 3554 77.
289 3513 389 3556 auctor
411 3498 669 3558 evolationismum
693 3499 864 3576 religiosum
880 3496 983 3555 dooere
1000 3494 1125 3554 videtur.
1149 3497 1292 3552 Senecam
1318 3493 1415 3571 philo-

165 3582 287 3659 aophum
322 3578 363 3645 Id
386 3605 424 3642 ex
458 3585 588 3644 fontibus
621 3585 746 3644 iiallicis
772 3594 887 3644 tantum
925 3585 1063 3660 cognovit
1102 3581 1259 3659 (benique,
1291 3601 1317 3658 p.
1352 3581 1414 3658 iti).

168 3668 332 3728 Citationcs
355 3675 518 3748 generatim
543 3693 601 3730 uon
632 3684 796 3735 accuratae.
830 3674 921 3729 immo
951 3689 1171 3748 nonnumquam
1209 3667 1301 3726 falsae
1337 3679 1413 3726 eunt.

161 3755 220 3813 His
254 3778 314 3816 non
345 3757 530 3818 obstantibus
570 3760 780 3817 commentatio
820 3777 960 3834 magnum
1002 3755 1118 3814 laudem
1155 3757 1409 3834 attentionomque

163 3859 299 3903 meretur.

269 3952 297 4006 3.
321 3950 641 4009 Hristianstvoto
664 3950 673 4005 i
699 3948 886 4006 budiama
920 3946 1167 4027 (Debuddhismi
1184 3946 1413 4024 adreligionern

162 4033 356 4094 christianam
386 4035 542 4113 relatione)
572 4057 600 4114 p.
624 4038 782 4094 tra—128.
820 4035 923 4094 l'ersio
957 4056 972 4092 e
1002 4034 1105 4112 lingua
1136 4034 1322 4102 Germanica,
1359 4055 1416 4092 uon

166 4120 295 4180 iudicato
319 4124 409 4182 fonte.

267 4229 295 4283 l.
320 4221 363 4288 Ν.
385 4221 526 4300 Ναόον,
552 4227 699 4284 Neritis
722 4225 858 4283 hadaii
882 4227 892 4282 i
916 4226 1012 4284 Boni
1035 4225 1128 4300 grob
1160 4223 1416 4306 (Peregrinatorea

169 4311 319 4387 Bulgarici
350 4313 387 4372 ad
420 4315 585 4392 sepulcrum
616 4309 754 4393 Domini)
776 4334 804 4390 p.
830 4314 1010 4371 lta-176.
1042 4313 1068 4370 ll
1092 4312 1191 4370 media
1223 4321 1328 4384 aetate,
1359 4331 1417 4390 qua

167 4407 244 4455 corto
267 4401 351 4460 multi
375 4402 497 4479 Bnlgari
520 4401 559 4460 ad
576 4401 740 4479 sepulerum
765 4399 888 4458 Domini
912 4398 1184 4477 peregrinabantur,
1209 4397 1291 4456 uulla
1306 4399 1416 4476 scripta

165 4483 222 4542 hac
244 4485 281 4544 de
304 4508 336 4546 re
359 4487 397 4546 ad
425 4510 478 4547 nos
510 4499 716 4566 pervenerunt.
749 4488 1016 4546 Ilenomiuationes
1048 4486 1205 4545 multarum
1237 4485 1416 4544 familiarum

166 4581 195 4628 et
225 4575 432 4633 nonnullorum
464 4595 614 4654 pagorum,
649 4595 724 4652 quac
759 4597 796 4631 cx
832 4593 903 4631 voce
941 4572 1094 4646 ,hadiil
1131 4573 1310 4649 compositae
1340 4579 1416 4642 aunt,

165 4659 333 4732 ostendunt,
363 4664 620 4740 peregrinationes
644 4664 675 4719 iu
698 4662 823 4736 'l'erram
855 4663 995 4719 Sanctam
1020 4659 1091 4718 olim
1114 4659 1283 4737 frequentes
1307 4657 1417 4731 fuisee;

164 4767 223 4803 vox
251 4747 374 4820 ,haurit
401 4745 537 4830 (originis
556 4747 716 4824 Arabicae)
731 4751 811 4806 enim
828 4751 859 4806 in
875 4747 978 4825 lingua
993 4747 1152 4823 Balgariea
1169 4747 1416 4822 peregrinatorem
