3450 5342
898 431 938 443 -
966 402 1025 457 142
1054 434 1089 443 --

366 602 443 651 turn
477 590 682 649 orientali
715 589 834 667 plagi
867 588 911 647 ab
945 592 1047 669 ipsis
1081 588 1327 649 dissidante“
1366 589 1440 645 satis
1475 601 1617 661 superque

367 682 424 757 ipsi
448 677 479 736 id
503 680 687 735 innotescere
709 676 872 744 voluerunt,
895 676 982 755 qnod,
1006 679 1030 735 si
1053 689 1112 735 tres
1135 678 1224 735 totius
1246 673 1326 733 orbis
1347 684 1448 751 partes
1473 670 1619 730 iudaicam

369 766 494 825 fuissent
517 784 630 822 morem
652 765 753 831 secuti,
776 764 923 821 contraria
944 783 1043 822 eornm
1068 764 1171 822 fuisset
1193 760 1364 821 sententia?

473 852 579 909 Merito
610 850 679 908 hinc
710 849 783 907 mihi
806 850 895 908 liceat
925 849 1095 909 Cardinalis
1116 849 1202 909 Pitra
1231 847 1324 907 verba
1351 865 1519 923 usurpare:
1558 842 1621 915 ,Et

369 941 503 998 misso
536 937 697 995 demum
739 938 851 995 omni
885 937 1117 1017 cyclorum,
1150 937 1347 995 lunarum
1378 942 1420 991 at
1453 948 1618 1007 compu-

370 1027 591 1084 tationum
632 1026 1034 1083 astronomicarum
1078 1022 1277 1094 tumultu,
1323 1033 1442 1082 tmttm
1492 1015 1622 1093 idque

371 1114 528 1191 paucis
577 1124 617 1168 et
658 1112 952 1187 gravissimis
995 1112 1220 1169 statuitur
1264 1106 1427 1177 verbis,
1460 1118 1510 1165 nt
1552 1104 1623 1161 sci·

372 1198 485 1256 lieet
522 1210 599 1257 tutta
631 1191 694 1258 dic
723 1197 982 1255 exultantis
1010 1196 1132 1255 orbis
1162 1196 1414 1255 christiani
1445 1190 1623 1251 inbilns

373 1284 610 1364 paschalis
662 1286 705 1343 in
742 1283 906 1343 eoelum
951 1304 1086 1363 nsque
1135 1282 1183 1341 ab
1229 1284 1443 1342 universa
1504 1286 1623 1335 terra

372 1392 540 1431 sursum
574 1383 780 1448 erumpat.
814 1368 927 1447 Quid
961 1370 1257 1430 Nicaenornm
1290 1368 1468 1427 Patrum
1503 1365 1623 1423 maie·

373 1469 490 1517 state
524 1456 727 1534 dignius?
772 1456 884 1533 Quid
923 1459 1171 1533 sanctitati
1217 1448 1619 1515 convenientiusl·

373 1542 466 1625 (Spic.
491 1544 613 1602 Solesm.
636 1555 656 1602 t.
679 1543 731 1601 lv.
756 1541 840 1623 541).

972 1648 1028 1707 111.

375 1758 409 1824 lu
433 1781 560 1839 quonam
584 1781 680 1829 sensu,
711 1761 884 1841 perplures
907 1771 972 1841 post
995 1761 1161 1821 Concilium
1185 1780 1286 1831 annus,
1316 1768 1378 1817 tum
1401 1758 1545 1817 Romana
1567 1766 1622 1814 tum

376 1846 584 1906 Alexandrina
606 1846 743 1906 Ecclesia
772 1848 951 1907 locutionem
978 1847 1168 1921 ,Pascha
1197 1866 1286 1907 cnm
1315 1842 1511 1905 Indaeis
1537 1840 1621 1922 (μετὰ

606 1938 670 1995 τῶν
686 1932 881 2015 Ἰουὸαίων)“
909 1938 959 1993 suri
983 1937 1068 2013 praxi
1093 1936 1151 1993 sint
1175 1936 1393 2012 interpretatae.

479 2064 556 2121 Turn
581 2064 705 2122 Nieneni
730 2064 761 2121 in
784 2084 836 2121 suo
858 2062 976 2122 decreto
999 2064 1111 2127 Patres,
1136 2074 1197 2121 tum
1221 2060 1435 2121 Constantinus
1458 2063 1493 2119 in
1518 2064 1572 2119 anfi
1592 2056 1624 2116 ad

376 2151 528 2209 Ecclesiae
559 2150 691 2227 epistolii.
726 2151 925 2209 Romanorum
953 2163 982 2208 et
1007 2148 1278 2209 Alexandrinorum
1312 2151 1344 2209 in
1370 2146 1524 2207 Paschate
1557 2146 1625 2205 cele«

375 2234 490 2295 brando
522 2238 638 2313 praxim
669 2248 820 2315 tamqnam
842 2237 1041 2295 universalem
1065 2235 1102 2294 ab
1126 2235 1270 2309 omnibns,
1300 2245 1416 2315 praeter
1448 2234 1624 2295 Orientales.

377 2332 524 2382 servatam
548 2325 665 2401 praxim
677 2322 843 2399 designant.
873 2324 954 2384 Hinc
971 2326 1110 2401 sequitur,
1134 2321 1211 2402 quod
1224 2324 1375 2381 Romanae
1388 2320 1626 2380 Alexandrinae

377 2429 436 2491 que
458 2409 612 2468 Ecclesiae
635 2412 839 2489 interpretatio
862 2410 1019 2469 locutionis
1042 2410 1160 2469 Pascha
1197 2429 1229 2481 ,c
1242 2430 1260 2467 u
1274 2430 1303 2467 m
1331 2410 1377 2467 In
1389 2408 1437 2467 da
1448 2429 1464 2467 e
1477 2410 1517 2466 ia
1541 2405 1623 2486 (prad

377 2499 441 2558 τῶν
457 2492 664 2574 Ἰουὸαίων)“.
687 2507 837 2575 tamquam
861 2500 950 2555 totins
973 2496 1033 2555 fere
1047 2497 1212 2556 Christiani
1234 2506 1304 2557 tuuc
1319 2498 1460 2575 temporis
1482 2493 1566 2553 orbis
1587 2508 1625 2552 est
1682 2504 1683 2515 ¹

377 2581 571 2661 accipienda:
596 2583 663 2641 aliis
685 2582 785 2641 verbis
806 2594 958 2663 tamqnam
981 2584 1127 2643 catholica
1148 2582 1229 2643 illins
1251 2584 1392 2663 temporis
1414 2582 1624 2660 interpretatio.

480 2670 590 2736 Primo,
613 2690 691 2747 ergo.
714 2672 928 2747 interrogemus
956 2688 1095 2749 magnum
1111 2666 1335 2730 Alexandrinae
1350 2669 1509 2728 Ecclesiae
1525 2669 1623 2727 Antis

378 2758 463 2815 titem
487 2756 695 2822 Athanasium,
719 2760 770 2835 qui
792 2758 823 2816 in
847 2778 936 2835 snpra
958 2769 1119 2817 memorato
1142 2756 1188 2815 de
1216 2755 1409 2836 Synodis
1432 2754 1512 2815 libro
1536 2752 1568 2837 (l.
1589 2750 1621 2831 c.)

381 2841 587 2908 nobisrefert,
626 2843 716 2921 qnod:
756 2844 984 2906 ,Ciliciae
1020 2846 1176 2923 Syriae
1207 2854 1247 2902 et
1279 2843 1623 2921 Mesopotamiae

379 2929 546 3008 populi,
591 2932 711 2988 circa
752 2930 859 2989 festi
900 2930 1255 2991 celebrationem
1299 2927 1622 2988 claudicantes
1681 2968 1682 2975 κ

380 3014 1618 3096 cnmlndaeis,(perrireiiv’lccduiwv)Paschacelebrabant‘
1681 3000 1682 3095 i

381 3105 446 3181 ipsi
468 3104 601 3180 praecise
623 3101 758 3161 adhibiti
780 3103 935 3169 locutione,
959 3106 1040 3163 cuius
1063 3105 1240 3163 catholicum
1265 3105 1478 3180 investigamus
1503 3120 1622 3163 sensum,
1681 3100 1682 3107 '

486 3188 601 3265 Quibus
624 3202 703 3249 certe
719 3188 822 3249 diebus
846 3190 883 3248 ab
907 3212 984 3251 anno
1001 3192 1072 3263 328,
1095 3194 1126 3250 in
1150 3212 1207 3271 qno
1222 3190 1405 3249 Athanasius
1425 3188 1622 3249 Alexandriae

381 3272 546 3355 Episcopus
562 3276 618 3333 fnit
636 3280 828 3347 renuntiatus,
844 3277 986 3356 usquead
1003 3280 1074 3349 373,
1090 3280 1153 3337 eins
1169 3280 1248 3335 vitae
1265 3277 1409 3347 ultimum,
1425 3275 1622 3335 Alexandriae

380 3362 499 3421 Pascha
521 3362 609 3421 fuerit
631 3362 819 3436 celebratum,
842 3364 899 3423 hoc
915 3364 1037 3423 indubie
1053 3364 1253 3443 dignoscimus
1270 3384 1308 3423 ex
1319 3366 1412 3443 ipsius
1427 3364 1481 3442 Ep
1491 3366 1500 3420 i
1511 3362 1621 3422 stolis

380 3449 656 3518 heortasticis‚
679 3449 786 3529 quibus
801 3454 911 3531 syriaci
934 3454 1060 3510 auctoris
1073 3451 1242 3511 Chronicon
1258 3463 1302 3509 est
1316 3450 1488 3530 praefixum,
1509 3459 1539 3509 et
1556 3466 1622 3527 qnae

382 3536 441 3613 legi
465 3550 586 3615 possunt
609 3538 686 3595 inter
708 3540 771 3595 eins
794 3558 883 3615 opera
904 3540 936 3597 in
959 3538 1197 3616 Patrologia
1226 3556 1369 3615 graeca
1391 3535 1504 3600 editore
1527 3536 1621 3613 Migne
1680 3604 1681 3607 Ἴ

383 3632 404 3683 t.
416 3623 534 3681 XXVI.
558 3634 587 3682 et
609 3626 641 3682 in
664 3623 768 3682 eadem
790 3623 884 3683 latine
902 3636 1016 3684 tantum
1040 3624 1128 3693 editu,
1152 3635 1171 3683 t.
1183 3625 1269 3683 XVI.
1292 3644 1340 3703 pp.
1358 3624 1419 3683 643
1441 3633 1471 3683 et
1493 3643 1555 3703 aeq.
1570 3622 1621 3698 Qui

382 3730 433 3767 eas
464 3730 533 3785 ergo
563 3712 735 3788 inspexerit,
758 3712 900 3778 inveniet,
924 3710 1001 3789 quod
1021 3732 1099 3771 anno
1123 3714 1193 3783 333,
1217 3710 1281 3771 dies
1304 3710 1341 3769 ab
1364 3710 1533 3770 Athanasio
1555 3710 1622 3769 cole

382 3795 509 3853 brationi
535 3797 690 3855 Paschatis
714 3800 872 3874 assignata.
904 3798 959 3856 luit
983 3801 1065 3856 iuxta
1088 3800 1302 3878 Aegyptiorum
1327 3796 1543 3857 Kalendarium
1568 3795 1622 3853 dies

385 3882 426 3939 20
458 3882 638 3959 pharmuthi.
670 3903 744 3963 quse
774 3887 906 3963 apprime
937 3884 995 3943 diei
1030 3888 1068 3943 15
1100 3886 1201 3964 aprilis
1224 3884 1339 3966 (XVII.
1369 3882 1516 3944 kalendas
1545 3882 1621 3945 Maii]

384 3967 550 4045 respondet.
573 3969 660 4028 Nunc
682 3992 760 4036 vero,
784 3974 808 4029 si
832 3974 898 4049 qnis
921 3971 989 4029 huic
1012 3972 1081 4030 dato
1102 3972 1155 4049 (15
1179 3994 1239 4051 apr.
1263 3970 1338 4048 333)
1363 3970 1479 4048 regulas
1502 3971 1621 4051 applicat
1679 4040 1680 4051 χ

384 4053 532 4133 paschalis
549 4056 735 4115 alexandrini
752 4061 889 4136 computi.
913 4059 992 4117 illico
1016 4057 1142 4136 deteget,
1165 4058 1243 4138 quod
1266 4060 1349 4117 iuxta
1364 4058 1444 4117 hunc
1464 4070 1621 4135 computum
1679 4106 1680 4131 ,

384 4141 503 4199 Pascha
526 4142 580 4200 fnit
608 4144 659 4201 illo
683 4165 768 4208 anno,
792 4155 820 4201 et
844 4146 899 4203 hoc
922 4145 1135 4217 Alexandriae,
1163 4147 1195 4204 in
1218 4145 1266 4203 die
1289 4148 1354 4223 ipati
1377 4143 1620 4223 quartasdecimas

385 4227 473 4285 lunae
490 4228 646 4299 celebrata,
669 4232 700 4288 in
713 4235 769 4308 qui
789 4230 889 4289 ludaei
906 4252 1023 4308 agnum,
1046 4232 1203 4291 Paschatis
1219 4234 1311 4291 nostri
1328 4231 1440 4291 Christi
1457 4230 1621 4311 symbolum.

386 4314 538 4373 immolare
561 4316 745 4375 tenebantur.
779 4318 900 4377 'l'estem
924 4322 1014 4377 etiam
1045 4318 1082 4377 de
1106 4320 1161 4377 hou
1184 4317 1331 4378 habemus.
1350 4320 1460 4398 syriaci
1483 4328 1620 4377 auctorem

386 4401 536 4461 Chronici.
574 4415 603 4460 et
633 4414 739 4463 testem
770 4424 805 4462 eo
835 4408 930 4481 magis
961 4405 1018 4463 lide
1049 4403 1172 4483 dignum
1201 4404 1278 4485 qnod
1309 4406 1410 4464 minus
1430 4414 1544 4464 cautam
1574 4401 1620 4461 sibi

385 4489 527 4566 permisit,
551 4489 631 4548 illico
654 4488 869 4568 deprehensam
887 4491 1140 4564 adulterationem,
1164 4494 1243 4552 circa
1264 4492 1352 4550 lunae
1368 4501 1508 4565 aetatem
1531 4489 1620 4549 scribit
1678 4504 1679 4533 1

386 4576 486 4633 euim:
515 4576 613 4648 ,Hoc
636 4598 736 4637 anno
760 4578 842 4655 (Chr.
867 4578 941 4655 333)
966 4579 1176 4638 Dominica
1207 4580 1423 4637 Paschatis
1453 4591 1539 4637 erat
1568 4576 1620 4635 die
1678 4604 1679 4621 2

385 4660 458 4721 XX.
493 4662 738 4732 Pharmnthi,
773 4664 866 4724 luna
900 4665 968 4723 XV.
996 4664 1072 4745 (sic),
1103 4666 1204 4729 XVII.
1239 4665 1313 4725 kal.
1347 4666 1443 4723 Maii
1475 4664 1529 4743 (15
1557 4672 1619 4741 apr.)
