3450 5342
768 357 870 407 -uu
908 386 935 391 -

228 538 349 614 leonini)
381 544 502 618 peceati.
530 542 677 619 fflituon'n
709 559 737 597 et
766 542 845 619 arip}
878 542 1075 598 ‹montismo-
1107 540 1144 597 ab
1179 543 1304 597 inrieom
1337 541 1473 608 ditl'ernnt
1552 534 1554 537 ’

229 629 269 705 (p.
296 633 379 692 stili.

332 716 408 771 'l'ota
435 714 516 771 l'auli
542 715 770 790 autluupologia
794 735 909 790 prorsus
933 715 1031 770 aliena
1055 728 1098 770 est
1123 736 1140 770 a
1165 715 1355 771 naturalismo
1379 712 1473 771 ‹luali-

229 804 303 858 stioo
326 814 353 858 et
379 802 506 878 perferte
531 805 588 857 ianr
618 804 648 859 in
674 805 708 857 Α.
731 801 766 858 Τ.
791 816 908 876 prostat.
955 804 1066 859 Anima
1089 804 1169 858 enim
1195 804 1297 858 virens
1322 805 1473 858 (leriesoos

229 892 337 946 laetum
370 888 450 954 dieit,
474 910 531 965 quo
555 891 616 945 rita
640 889 767 945 bominis
798 889 828 944 in
858 888 965 945 mundo
999 891 1115 964 irnepit.
1162 889 1288 963 Spiritus
1321 908 1390 944 raro
1416 888 1470 944 lui

228 978 367 1051 imprimit
400 978 575 1052 priua-ipium
607 975 808 1042 irnruateriale,
840 997 897 1052 quo
927 975 1012 1031 borno
1044 996 1130 1052 snper
1160 990 1307 1030 ereaturas
1339 973 1472 1031 risibiles

227 1084 328 1118 omnes
351 1062 484 1119 elevatur
506 1072 534 1118 et
558 1062 593 1118 ad
611 1063 713 1131 lleum,
738 1064 872 1138 spiritum
890 1065 1144 1139 portet-tissimum,
1168 1061 1312 1137 dirigitur.
1336 1060 1402 1136 (Qua
1425 1061 1470 1118 ‹li-

228 1152 355 1206 reeriono
380 1149 506 1205 bominis
530 1149 656 1206 elevatio
685 1150 715 1205 lit
740 1149 890 1219 obligatio,
926 1150 1165 1227 psrebologieum
1198 1147 1293 1204 induit
1325 1150 1467 1205 rationem

226 1237 329 1293 etbiei:
352 1239 451 1292 anima
466 1239 543 1292 enirn
563 1236 646 1301 ieorr.
662 1240 770 1312 adituri
783 1236 874 1292 libere
898 1252 939 1293 est
957 1236 1101 1294 elerauda
1127 1238 1155 1292 in
1172 1238 1304 1312 spiritum
1323 1231 1470 1311 (arantur)

226 1345 277 1399 per
291 1331 369 1384 ror'o·¹
383 1343 440 1399 quo
454 1328 693 1398 processumque
706 1322 1113 1401 πνειῃμιτικόι·μνυιίιιιτιῐιιι·ι
1126 1329 1135 1380 1
1151 1325 1216 1380 (fior.
1236 1326 1279 1381 15».
1298 1327 1329 1377 ll
1340 1346 1352 1379 ι.
1369 1322 1401 1378 ln
1417 1321 1470 1378 liae

227 1413 316 1485 igitur
340 1410 454 1465 l'eteris
477 1410 661 1466 'l'estamenti
694 1421 721 1464 ot
748 1410 882 1487 Apostoli
906 1411 1131 1486 autbuqroloeia
1163 1413 1250 1467 statui
1283 1412 1470 1466 innoreutiae

226 1496 378 1567 originalis
403 1497 496 1552 lorum
522 1496 606 1552 l'aeile
632 1496 752 1553 eoneodi
772 1500 904 1573 quisquis
931 1495 1019 1555 ridet.
1043 1500 1119 1571 Quia
1146 1518 1213 1554 reru
1238 1496 1323 1552 lrouro
1340 1498 1468 1552 animani

226 1585 340 1660 spiritui
370 1587 552 1640 eonor-mare
583 1601 609 1637 et
643 1586 672 1639 iu
701 1584 792 1640 lleum
825 1583 952 1655 dirigere
982 1584 1122 1655 neglexit,
1159 1584 1252 1640 butus
1276 1596 1318 1638 est
1343 1583 1469 1639 earnalis

225 1670 375 1748 σαρκικός
391 1692 441 1747 per
464 1686 625 1746 praeatum,
649 1687 715 1727 netu
733 1670 825 1727 libero
851 1671 1010 1727 voluntatis
1035 1692 1110 1729 suae.
1136 1670 1254 1726 vl'eeeari
1280 1673 1368 1743 igitur
1386 1674 1468 1747 irrigo

226 1757 429 1813 immaterialis
453 1774 505 1812 est.

335 1844 456 1900 llultutu
482 1864 597 1920 quoque
620 1843 728 1899 distant
755 1865 772 1900 a
796 1845 965 1901 sarral'auli
990 1843 1124 1900 doetriua
1143 1844 1249 1919 plaeita
1270 1842 1466 1902 rabbinorum.

224 1933 290 1988 Nou
315 1930 439 2007 quadrat
464 1934 492 1987 iu
517 1943 648 2008 systema
663 1930 817 1987 l'auliuum
841 1933 995 2007 imputatio
1020 1952 1088 2008 pure
1107 1930 1230 1987 iuridiea
1254 1947 1280 1987 et
1299 1929 1465 1998 nationalis,

224 2039 281 2074 nou
307 2038 476 2093 responsum
506 2017 544 2073 ad
567 2019 684 2073 axioma
708 2015 744 2073 de
768 2039 826 2074 uon
851 2017 1035 2074 ruminandis
1067 2020 1193 2093 pueratis
1225 2020 1287 2073 siue
1311 2020 1464 2087 sauguinis

170 2165 175 2174 ,
225 2104 342 2160 vitulini
367 2106 516 2161 ell'usione.
541 2126 598 2161 nou
623 2104 731 2181 duplex
748 2106 878 2165 llessias.
904 2126 960 2162 nou
983 2107 1132 2180 passiones
1157 2106 1218 2160 eius
1243 2104 1410 2181 personales
1436 2120 1465 2160 et

225 2213 283 2247 non
329 2190 515 2265 dogmaticae
561 2203 588 2248 ot
637 2193 771 2247 rit-ariae.
811 2212 869 2248 non
912 2194 1071 2268 passiones,
1112 2213 1162 2268 per
1200 2213 1272 2268 quas
1311 2193 1371 2268 ipse
1410 2191 1465 2246 sibi

224 2291 358 2345 meretur,
382 2277 487 2354 quibus
512 2298 568 2334 non
594 2280 690 2334 onmia
717 2278 767 2334 soil
791 2279 890 2354 aliqua
915 2290 1028 2335 tautum
1052 2300 1140 2334 onera
1166 2279 1263 2354 populi
1288 2281 1330 2336 sui
1355 2292 1382 2334 et
1400 2297 1465 2336 eum

223 2367 286 2441 ipso
303 2367 464 2440 suscipitur
480 2380 571 2440 portin
587 2387 638 2419 t—-
656 2386 680 2441 p.
696 2367 778 2423 vll'.'l.
795 2364 917 2422 ,lei-edit
931 2380 957 2420 et
975 2365 1055 2422 aliud
1069 2365 1181 2435 gertrude
1198 2365 1365 2423 diseriiuou.
1390 2367 1463 2420 llum

223 2450 300 2527 apud
333 2451 469 2538 rabbinos
501 2453 668 2507 iustitieatio
693 2473 749 2508 non
774 2452 888 2509 dillifrat
914 2474 930 2507 a
955 2451 1164 2528 redemptione.
1201 2474 1274 2529 qnae
1298 2452 1462 2508 ‹lebitorum

223 2539 367 2594 solutione
384 2553 411 2595 et
429 2541 667 2614 rompeusatione
684 2539 853 2597 absolvitur.
872 2539 1037 2616 Apostolus
1056 2554 1131 2594 reete
1151 2556 1301 2615 numaque
1318 2538 1464 2597 distinxit.

222 2625 366 2688 Christus,
391 2625 484 2681 liostia
505 2628 653 2682 iuuoreus.
677 2647 751 2702 quae
765 2626 855 2682 libere
869 2650 899 2683 se
924 2624 1037 2691 obtulit,
1054 2637 1161 2682 statum
1186 2626 1360 2682 detinuimus
1383 2648 1463 2682 erint·

222 2727 303 2767 turae
334 2733 350 2767 a
377 2712 438 2767 lloo
468 2714 497 2767 in
523 2710 631 2768 mundo
661 2733 755 2769 coram
785 2714 845 2768 lieo
869 2717 1014 2789 nparaiit
1040 2714 1120 2784 illul.
1145 2715 1171 2777 a,
1207 2718 1264 2777 lsi.)
1289 2730 1317 2769 et
1341 2711 1462 2769 maledi-

222 2801 347 2856 ctionem
371 2797 453 2854 Allato
469 2801 623 2855 evacuarit
641 2816 728 2875 atque
746 2802 774 2856 iu
790 2824 819 2854 se
833 2804 967 2877 srrseopit.
986 2803 1133 2856 Sarretitas
1147 2800 1259 2855 bostiao
1273 2803 1302 2856 iu
1316 2803 1323 2850 l
1333 2800 1464 2871 lolgotlr'u

221 2884 345 2952 oblatae,
369 2906 420 2961 per
443 2908 472 2941 se
490 2885 665 2941 uuirorsalis
687 2902 715 2941 ot
733 2888 762 2942 in
777 2887 895 2942 l'luisto
912 2900 1024 2943 tanturn
1046 2886 1245 2956 individualis,
1270 2885 1462 2943 individualis

220 2993 335 3049 quoque
359 2973 390 3028 lit
416 2972 636 3028 iustilieatorum
661 2994 711 3048 per
734 2973 830 3031 tidem.
855 2995 929 3049 quae
955 2996 1005 3049 per
1021 2976 1172 3030 caritatem
1198 2990 1341 3049 operatur.
1365 2978 1461 3046 Quam

221 3061 357 3116 unionem
383 3079 446 3114 omn
466 3059 584 3115 l’luisto
609 3062 813 3135 perspiritum
838 3058 969 3116 sarretnm
989 3073 1179 3117 restauratam
1200 3075 1360 3136 sequuntur
1376 3080 1463 3135 opera

220 3147 339 3222 spiritus
364 3148 394 3202 iu
418 3148 469 3209 eis,
493 3148 541 3222 qui
568 3145 726 3202 seeundmn
751 3148 883 3222 ¹spiritum
910 3147 1069 3203 amlmlant.
1096 3148 1184 3202 l'orro
1207 3149 1300 3222 gratia
1327 3146 1466 3202 instition-

220 3235 309 3290 tionis
341 3232 448 3289 boumn
479 3233 557 3288 reale
585 3249 628 3288 est
653 3253 711 3289 nou
741 3254 791 3309 per
814 3233 980 3291 tidueialem
1012 3233 1241 3310 spoerrlatioruon
1273 3233 1323 3289 sed
1351 3233 1464 3289 l'irtute

223 3319 306 3376 Fidei
333 3319 622 3396 appreliemlendum.
665 3320 698 3376 ln
723 3320 859 3377 coronide
884 3320 1010 3396 quadarn
1036 3322 1117 3380 reicit
1142 3337 1272 3398 systema
1299 3320 1409 3376 llitsobl
1435 3333 1463 3375 et

221 3407 346 3465 selrolae.
371 3427 445 3483 quae
469 3427 485 3461 a
511 3407 625 3463 ltitscbl
649 3405 764 3464 «licitur.
813 3408 843 3463 ln
870 3423 1029 3485 systemate,
1053 3429 1150 3464 eorum
1176 3407 1234 3463 vul.
1258 3423 1344 3483 eaput
1374 3427 1462 3482 quru-

219 3496 322 3550 stionis
347 3515 404 3552 uon
429 3495 590 3567 attingitur.

321 3585 416 3657 Caput
430 3580 463 3635 l'.
473 3583 668 3655 (ros—otti)
682 3579 717 3637 de
731 3580 951 3655 quaestionibus
965 3581 1189 3651 esebatologieis
1203 3595 1315 3637 naetat.
1329 3581 1459 3636 l‘riunun

216 3689 232 3723 e
256 3666 438 3724 documentis
455 3666 626 3735 ostenditur,
650 3677 830 3745 quantopere
854 3666 1003 3724 diversum
1028 3671 1062 3724 sit
1089 3669 1227 3725 elementi
1251 3664 1459 3740 ‹utilratologiei

217 3766 395 3811 momentum
432 3756 461 3810 in
486 3752 665 3811 rabbinismo
689 3768 717 3811 et
741 3754 818 3831 apud
844 3755 1027 3831 Apostolum.
1074 3759 1290 3832 tlppngnantur
1314 3756 1457 3831 imprimis

217 3840 268 3899 llr.
292 3839 347 3901 Ab,
371 3843 489 3916 (irriger,
522 3840 663 3897 Willrelrn
688 3841 787 3924 Karl„
803 3842 837 3898 Ε.
861 3840 1080 3912 Petavel-lllill',
1105 3841 1155 3898 Dr.
1171 3844 1283 3917 August
1300 3841 1458 3906 Wuuselre,

217 3930 330 4001 August
356 3926 498 3995 Sabatier,
524 3927 579 3984 Ad.
603 3928 747 3988 dulielror.
775 3927 911 3985 l·]douartl
938 3930 1037 3985 lleuss.
1063 3928 1101 3985 l't
1126 3928 1255 3987 al'linitas
1279 3941 1327 3985 aut
1351 3948 1458 4004 anqua-

214 4014 282 4071 litas
305 4012 504 4071 doetrinarum
518 4015 602 4071 Pauli
628 4031 655 4071 ot
681 4013 868 4072 rabbinorum
893 4018 980 4071 statni
999 4028 1104 4091 pressiset,
1129 4017 1209 4089 origo
1233 4030 1260 4071 et
1277 4027 1457 4072 momentum

214 4099 367 4179 utrobique
391 4100 500 4157 similia
524 4103 571 4158 val
595 4101 697 4159 eadem
718 4122 781 4158 esse
805 4100 954 4158 deberent.
981 4104 1072 4180 ,ltqui
1096 4104 1216 4178 geurien
1241 4101 1456 4175 esolratologiae

213 4187 382 4246 rabbinicae
414 4200 482 4246 sunt
504 4190 739 4266 exspectationes
762 4209 966 4265 prosperarum
998 4190 1099 4267 populi
1121 4189 1213 4249 Israel
1239 4209 1333 4245 rerum
1357 4191 1388 4245 in
1412 4188 1455 4245 fu·

212 4288 306 4332 turum
331 4286 511 4350 prorogatae,
536 4274 625 4332 dubia
649 4275 685 4332 de
710 4275 924 4333 remuneranda
949 4275 1022 4352 legis
1038 4276 1244 4335 observatione
1266 4287 1385 4352 propter
1408 4295 1455 4331 oa-

211 4361 359 4420 lamitates
383 4362 489 4419 vitulos
512 4373 583 4432 orta,
607 4382 682 4439 quae
705 4383 741 4419 ox
766 4361 892 4420 iuridioa
916 4365 1107 4421 nomistartuu
1130 4362 1245 4421 theoria
1268 4361 1455 4419 diluebantur

212 4449 412 4506 consolatione
437 4458 578 4506 venturae
601 4448 761 4526 aliquando
784 4451 1042 4526 compensationis,
1067 4450 1248 4507 antinomiae
1272 4447 1415 4526 quaedam
1441 4468 1457 4504 a

212 4537 274 4593 vita
297 4532 470 4614 quotidiana
495 4537 643 4607 iustorum,
674 4538 723 4613 qui
748 4556 813 4593 curn
838 4536 923 4594 rebus
946 4536 1083 4593 infaustis
1115 4539 1146 4593 in
1170 4537 1224 4594 hae
1249 4538 1310 4592 vita
1333 4534 1458 4592 afflicta-

211 4631 318 4691 rentur,
343 4633 406 4698 post
431 4631 553 4679 mortem
578 4625 743 4681 resuscitati
767 4622 805 4680 ad
826 4624 953 4681 Messiae
977 4621 1068 4700 dapes
1093 4622 1217 4681 vocandi
1243 4619 1457 4680 statuebantur.
