3450 5342
874 306 1066 361 «272-

447 494 482 551 ln
506 494 564 551 line
580 491 725 571 quaedam
747 492 920 553 annotanda
932 492 1073 552 videntur
1086 512 1164 551 esse:
1183 493 1221 549 Α.
1237 492 1373 550 meritum
1395 492 1428 547 in
1442 510 1477 549 co
1493 492 1586 569 potis-

342 582 449 639 simum
479 582 605 658 positum
628 590 680 647 est,
714 578 791 658 quod
819 582 882 639 eius
913 580 1037 639 historia
1067 581 1139 657 ipsis
1168 577 1352 637 documentis
1374 579 1520 645 innititur,
1555 591 1586 634 et

343 665 422 746 quod
452 688 520 725 eum·
548 668 611 745 ipse
636 667 785 725 ltumenus
807 687 866 725 non
900 678 986 733 esset,
1018 668 1149 743 quaein
1173 666 1370 724 Rumenomm
1393 663 1434 721 ad
1454 662 1591 723 Graecos

344 763 374 812 et
397 754 502 813 Slavos
526 752 717 812 relationibus
739 774 757 811 a
780 754 923 811 Rumenis
945 753 1093 811 historicis
1114 752 1316 830 depravantur
1336 751 1505 811 illustravit.
1540 750 1590 807 De

344 860 379 899 sa
409 860 525 919 quoque
548 861 579 899 ra
602 839 677 898 bene
700 842 814 911 meruit,
847 840 925 918 quod
957 841 1207 918 metropolitarum
1231 837 1320 897 Mold
1343 838 1493 915 catalogos
1522 839 1590 896 sine

345 926 552 1005 discrepantiis
575 929 678 997 texuit,
702 937 731 986 et
754 928 785 985 iu
801 929 982 1005 quaestione,
1005 929 1142 1005 quisnam
1164 926 1338 984 eliumenis
1353 924 1441 983 fuerit
1464 927 1496 983 iu
1519 944 1591 983 con·

343 1014 412 1073 cilio
434 1014 617 1083 Florentino,
640 1024 685 1071 sat
702 1013 892 1073 verisimilem
914 1016 996 1073 viam
1018 1015 1087 1091 (etsi
1111 1034 1170 1071 non
1189 1012 1312 1088 cenam)
1334 1012 1590 1070 commonstravit

344 1100 503 1159 Nonnullis
536 1103 565 1158 in
589 1098 810 1179 quaestionibus
833 1103 923 1160 etiam
946 1103 1144 1159 ltumenomm
1175 1100 1378 1158 historicomm
1407 1100 1592 1159 sententiam

344 1189 464 1265 corrigit
487 1198 575 1265 atque
598 1197 630 1245 ut
654 1206 712 1246 nou
735 1186 917 1265 probabilem
940 1190 1033 1246 reicit

449 1276 491 1332 At
521 1273 666 1353 quaedam
689 1274 956 1333 animadvertenda
977 1288 1057 1333 sunt:
1091 1276 1218 1353 primum
1240 1274 1349 1331 iniuria
1370 1284 1474 1330 contra
1496 1270 1592 1329 Galu-

344 1360 466 1436 binslrij·
487 1362 703 1439 metropolitam
727 1359 887 1439 Georgium
913 1362 947 1418 V.
971 1362 1083 1438 Mogila
1111 1362 1311 1419 coniunctioni
1344 1378 1411 1417 cum
1440 1358 1593 1416 catholica

343 1448 470 1507 ecclesia
492 1446 602 1507 favisse
626 1458 727 1525 negat3
752 1448 828 1506 banc
850 1449 930 1507 enim
954 1450 1075 1525 Georgii
1099 1448 1281 1505 voluntatem
1304 1446 1395 1505 fuisse
1417 1447 1593 1503 nuntiorum

346 1534 505 1593 relationes
534 1544 680 1593 testantur
701 1534 751 1613 (cl.
774 1554 801 1613 p.
826 1538 868 1593 50
890 1536 954 1613 sq.).
980 1568 1019 1579 --
1043 1534 1160 1593 Deinde
1182 1532 1343 1603 relationis,
1377 1552 1466 1610 quam
1489 1542 1596 1589 auctor

346 1619 387 1699 (p.
410 1620 511 1697 xxi.)
542 1621 691 1699 pollicitus
713 1632 767 1690 est,
795 1622 993 1686 Itumeuorum
1016 1620 1054 1679 ad
1078 1622 1231 1680 ltussicam
1252 1620 1408 1677 ecclesiam
1429 1617 1595 1696 descriptio

345 1709 461 1787 plenior
483 1728 517 1765 ao
540 1708 696 1787 perfectior
718 1707 911 1767 desideratur.
941 1709 1017 1767 Tum
1041 1707 1187 1787 quomodo
1209 1707 1283 1765 haec
1298 1705 1369 1764 duo:
1397 1702 1431 1781 a)
1461 1701 1595 1787 Hpaae

345 1793 458 1857 cnaaie
480 1814 629 1881 pyrrhum
642 1828 683 1838 —
695 1812 871 1855 ncaouuan
894 1814 964 1855 ux'a
986 1793 1129 1878 penuria
1143 1796 1182 1873 (p.
1199 1791 1348 1869 xvlll.);
1371 1802 1401 1851 et
1421 1791 1456 1872 β)
1478 1805 1595 1850 certum

345 1892 390 1941 ast
420 1880 725 1959 (rreeouubnnsru'a)
748 1882 899 1940 ltumenos
921 1902 939 1940 a
960 1882 1071 1941 colonis
1095 1882 1237 1940 Romanis
1259 1882 1403 1958 originem
1426 1878 1537 1937 ducere
1554 1891 1596 1956 tp.

345 1969 434 2027 Xlll.
457 1978 487 2027 et
511 1972 526 2027 1
552 1968 629 2049 sqq.)
651 1971 730 2026 inter
752 1988 782 2027 se
806 1980 978 2046 congruant,
1001 1969 1190 2029 manifestum
1213 1986 1273 2025 non
1295 1977 1349 2025 est.

448 2056 594 2133 Denique,
628 2054 773 2133 quomodo
796 2057 827 2113 in
851 2056 890 2115 ΙΙ.
912 2067 992 2115 tomo
1015 2058 1219 2135 repetitionem
1241 2074 1350 2123 eorum,
1384 2072 1460 2131 quae
1483 2055 1548 2110 iam
1570 2051 1594 2110 1.

344 2152 365 2200 t.
385 2140 472 2215 dixit,
495 2144 658 2201 evitaturus
674 2142 721 2213 sit,
742 2142 920 2201 videbimus.
930 2143 1034 2201 Priore
1049 2145 1129 2201 enim
1145 2156 1223 2200 tomo
1238 2141 1364 2199 eeclesia
1374 2137 1596 2198 Moldariensis

345 2230 409 2288 sola
430 2228 587 2288 tractanda
616 2237 699 2303 erat,
735 2250 837 2289 verum
869 2232 929 2287 iam
960 2232 992 2289 iu
1022 2233 1050 2287 2.
1078 2240 1160 2308 parte
1190 2226 1336 2307 quaedam
1358 2226 1396 2285 de
1418 2224 1594 2303 metropolis

345 2316 552 2375 Valachiensis
575 2314 661 2373 rebus
685 2314 859 2389 traduntur,
893 2315 1000 2394 quibus
1023 2316 1060 2375 de
1092 2316 1179 2375 rebus
1201 2310 1250 2371 110
1271 2324 1350 2373 tomo
1381 2332 1469 2390 agere
1492 2312 1595 2369 eidem

347 2405 480 2482 scriptori
504 2404 683 2481 propositum
707 2412 760 2463 est.
969 2452 973 2457 .
1177 2396 1225 2463 M.
1249 2392 1550 2479 Haluddynskyj.

347 2640 373 2695 b
449 2558 716 2696 {oroppogaonttt
739 2558 937 2625 Baccarus
965 2568 1109 2639 (lunas
1129 2568 1345 2640 theotericus).
1371 2568 1595 2637 September—

374 2654 457 2696 ecem
483 2656 526 2696 er.
614 2682 621 2693 .

451 2711 480 2765 S.
495 2709 553 2765 Sin
562 2708 622 2764 irn
632 2724 686 2775 ov,
707 2711 862 2775 llcnoabpa
873 2712 986 2779 nipaaa
997 2728 1092 2779 npepa
1102 2726 1262 2778 crapitene,
1276 2723 1304 2777 p.
1316 2707 1408 2762 1-as.
1422 2705 1597 2774 (Contes-

346 2778 405 2833 sio
423 2778 613 2834 laieorum
635 2779 798 2835 senibus
818 2781 941 2848 tacta).
979 2778 1061 2835 Laici
1079 2783 1110 2834 et
1127 2777 1230 2833 clerici
1248 2778 1280 2831 in
1299 2775 1423 2832 saeculo
1441 2775 1596 2844 degentes

345 2862 422 2903 aevo
442 2848 617 2904 1v.-v111.
635 2848 668 2903 in
683 2846 810 2905 Oriente
830 2850 999 2905 monachos
1018 2853 1093 2905 natu
1112 2846 1247 2903 maiores
1265 2845 1353 2901 adire
1367 2845 1520 2911 solebant,
1539 2841 1594 2915 qui

344 2916 424 2985 ipsis
465 2924 567 2973 eeoata
594 2917 747 2973 confessis
767 2918 989 2989 poenitentiam
1018 2923 1052 2974 ut
1071 2915 1233 2988 spirituale
1252 2914 1426 2971 remedium
1454 2912 1597 2983 impone·

345 2992 423 3040 rent.
471 3002 523 3041 um
538 2987 767 3043 absolutionem
787 3004 913 3059 quoque
927 2987 1102 3053 tribuerint,
1121 2986 1340 3042 deficientibus
1351 2982 1493 3040 tonbbus
1507 2989 1594 3038 certo

345 3054 499 3110 attirmari
519 3072 581 3111 non
601 3061 712 3126 potest.
749 3058 817 3113 Non
837 3063 941 3114 tamen
961 3062 1044 3112 caret
1069 3056 1274 3112 fundamento
1292 3051 1408 3125 opinio,
1435 3052 1593 3131 eiusmodi

346 3123 535 3180 confessioni
562 3141 667 3181 coram
697 3128 848 3183 monacho
876 3135 951 3192 (non
979 3126 1154 3194 sacerdote)
1181 3126 1279 3181 tactae
1307 3124 1371 3181 vim
1399 3121 1594 3178 absolutioni

346 3194 562 3251 sacramentali
582 3195 714 3251 similem
735 3196 885 3253 tributam
905 3212 984 3252 esse.
1023 3195 1102 3251 Inde
1120 3195 1273 3265 quaedam
1292 3193 1470 3249 animarum
1490 3198 1595 3261 pasto

346 3260 421 3317 ralis
449 3278 523 3319 cura
553 3269 642 3319 extra
671 3266 851 3321 monasterii
880 3280 989 3321 muros
1019 3280 1037 3320 a
1066 3263 1227 3319 monacbis
1255 3262 1373 3343 suscipi
1399 3266 1510 3331 coepta
1537 3265 1595 3339 est

346 3331 503 3401 Quaestio,
532 3348 588 3389 cur
608 3334 750 3389 monachi
771 3336 827 3390 bac
854 3335 940 3391 inre
967 3333 1184 3390 sacerdotibus
1204 3331 1416 3387 saecularibus
1441 3331 1597 3401 neglectis

346 3400 426 3483 adiri
439 3402 669 3471 consueverint,
690 3403 806 3461 maiore
819 3404 928 3461 favore
940 3404 1173 3470 monachorum,
1192 3402 1335 3472 ipsorum
1348 3399 1594 3456 charismatibus

347 3486 527 3596 marorppue
546 3472 591 3527 rei
611 3472 783 3542 spiritualis
802 3490 863 3529 usu
882 3478 913 3529 et
931 3472 1013 3528 vitae
1032 3472 1195 3529 sanctitate
1213 3471 1395 3541 explicatur.

484 3543 693 3609 .Muretov,
714 3544 780 3612 lysa
799 3561 960 3613 npenarena
981 3542 1089 3609 (luda
1109 3540 1297 3607 traditor),
1316 3539 1468 3609 pas-68.
1489 3537 1596 3593 Huius

349 3611 620 3667 commentationis
639 3610 738 3681 partis
780 3612 874 3667 rioris
894 3610 1010 3668 mentio
1029 3612 1089 3666 iam
1109 3617 1158 3667 est
1177 3611 1257 3665 tacta
1274 3610 1453 3678 (slavorum
1473 3608 1597 3663 litterae
1708 3619 1709 3682 l

348 3678 546 3749 theologicae,
566 3695 667 3735 annus
688 3680 729 3735 11.
779 3723 784 3733 .
805 3685 827 3748 1,
847 3697 917 3751 pag.
936 3684 992 3750 52).
1011 3712 1037 3721 —

452 3752 484 3826 ᾼ.
504 3750 719 3818 Golubcov,
748 3752 966 3820 Onpnsnuaxs
991 3769 1009 3804 a
1028 3768 1162 3823 apeuena
1186 3752 1314 3803 saubasr
1333 3764 1476 3803 raacaaro
1496 3746 1597 3799 arenis

347 3815 576 3884 uuryprrbaarxu
589 3836 726 3873 reorurru‘a
736 3818 894 3885 ratense,
914 3836 942 3889 p.
952 3822 987 3876 69
996 3824 1056 3877 -75
1076 3818 1112 3890 (O
1121 3834 1165 3875 ur
1183 3828 1220 3873 et
1233 3834 1304 3886 quo
1324 3823 1359 3872 te
1368 3830 1500 3885 mpore
1513 3830 1595 3885 pre·

348 3883 574 3941 nationibus
611 3888 648 3942 in
680 3887 824 3945 missae
862 3889 1069 3947 sacrificio
1105 3888 1297 3959 quondam
1334 3901 1471 3957 inagna
1503 3897 1597 3939 uoce
1708 3883 1709 3888 ’

348 3954 621 4073 pronuntiatis
654 3964 824 4013 secreta
860 3959 1036 4027 ipsarum
1075 3957 1207 4013 lectio
1243 3955 1468 4013 substituta
1501 3953 1594 4021 sittl

367 4026 436 4073 nter
454 4036 574 4105 causas,
598 4040 675 4092 «luae
694 4026 807 4083 hancce
827 4028 1082 4084 substitutionem
1102 4028 1283 4094 effecerunt,
1310 4024 1456 4096 liturgiae
1475 4028 1599 4080 contra·

349 4088 469 4145 hendae
492 4092 640 4158 studium,
668 4094 831 4165 disciplina
850 4112 971 4165 arcana,
996 4095 1099 4152 rarior
1118 4096 1150 4151 in
1169 4096 1237 4151 dies
1256 4094 1436 4151 communio
1454 4092 1592 4149 fidelium

350 4168 583 4216 enumerantur.
621 4162 809 4220 substitutio
841 4167 923 4233 haec,
956 4166 1153 4237 temporibus
1183 4164 1413 4233 antiquioribus
1445 4163 1591 4233 paulatim

350 4236 544 4298 praeparata,
564 4232 687 4285 saeculo
706 4233 740 4287 V.
759 4235 872 4290 evenit.

375 4363 382 4375 ι
453 4301 486 4378 d.
500 4300 553 4381 A,
563 4300 608 4382 Bp
622 4318 764 4383 usurpans
779 4322 954 4374 caucasus,
974 4320 1002 4374 p.
1013 4306 1125 4360 tlt-st.
1146 4304 1192 4361 Ex
1204 4303 1328 4359 diurnis
1340 4300 1597 4358 adnotationibus

351 4364 491 4421 Sinensrs
513 4383 711 4425 missionaru.
733 4400 767 4411 —

454 4435 478 4491 1.
494 4437 598 4507 Kant,
619 4440 814 4495 Quarrsecrtaa
834 4444 1040 4509 uoaanonorin,
1060 4444 1219 4511 pat-127
1238 4439 1456 4508 (Naturalis
1477 4452 1594 4494 mona·

350 4500 530 4575 dologia).
568 4508 676 4563 Latina
704 4509 885 4565 dissertatio
913 4510 971 4565 Im.
991 4509 1102 4579 Kantii,
1130 4514 1306 4567 annot'156
1333 4514 1365 4567 in
1393 4511 1597 4565 universitate
1707 4567 1708 4576 ,

352 4571 598 4641 Regiomontana
618 4578 722 4633 habita
741 4578 773 4633 in
794 4579 961 4634 Russieum
982 4580 1132 4636 translata
1151 4596 1168 4636 a
1187 4582 1222 4635 P.
1240 4578 1429 4650 Florenslrij.
