3450 5342
816 327 850 332 -
880 293 942 348 :lta
968 325 1002 332 -

289 501 408 542 musaeo
419 481 614 557 llumjancovi
629 505 682 544 —;
695 479 866 538 inscribitur
875 495 973 538 autem
985 477 1133 551 Baltasar,
1146 497 1193 540 cu.
1205 475 1325 547 (lecum
1337 494 1546 556 (praeceptum

288 589 325 628 ss.
348 563 484 637 Patrnml
518 579 547 626 et
571 566 645 626 nihil
669 567 748 626 aliud
773 582 816 625 est
840 587 928 644 quam
951 569 1047 624 versio
1070 565 1139 624 libri
1160 566 1390 644 poenitentialis
1421 559 1544 622 ,meruel

288 655 461 730 burgensisk
489 655 540 712 cl‘r.
564 659 705 724 Sorores,
729 651 786 714 h‘r,
808 673 953 738 ψήφους
976 677 995 714 o
1018 673 1085 715 ztan.
1109 651 1283 714 arianis..
1307 674 1336 730 p.
1364 655 1381 709 l
1411 673 1481 728 sqq.

376 741 450 802 lnde
475 751 569 820 potest
593 743 703 820 quaeri,
735 761 803 798 num
828 743 918 799 etiam
949 749 1049 799 auctor
1071 741 1283 799 nomocanonis
1314 737 1416 796 libros
1450 737 1546 815 poeni·

290 829 429 888 tentiales
452 827 613 888 occidentis
637 849 705 906 prae
729 829 820 885 oculis
845 827 988 888 habuerit.
1013 830 1144 906 Scriptor
1167 827 1316 898 Russicus,
1341 846 1440 904 quem
1465 844 1545 901 supra

289 917 526 983 memoravimus,
550 917 682 974 Sorores
706 913 850 994 ‹puaedam
876 917 1004 989 vestigia
1025 914 1153 972 influxus
1176 912 1316 972 librorum
1341 914 1546 990 poenitenda·

288 1004 361 1062 lium
384 1001 546 1060 occidentis
570 1001 667 1060 studet
690 1004 825 1060 invenire
848 1005 879 1060 in
903 1023 1104 1059 nomocanone
1120 1001 1281 1058 Nesteutae
1304 997 1380 1079 (Rs
1395 1015 1543 1080 nonpcy
1640 1028 1641 1031 ¹

291 1111 309 1152 o
332 1109 441 1162 carran.
466 1087 599 1150 rsriarrirr
614 1137 638 1151 ..
663 1111 690 1167 p.
712 1091 769 1146 lbt
787 1109 876 1166 sippr:
900 1099 1000 1146 tamen
1022 1087 1060 1146 de
1083 1089 1218 1164 vestigiis
1242 1087 1288 1144 his
1310 1085 1453 1144 dubitari
1472 1087 1546 1141 licet,

420 1177 513 1234 'l'ctus
537 1175 585 1233 hic
609 1176 736 1234 influxus
760 1174 797 1234 ad
821 1177 876 1234 boc
899 1175 987 1232 debet
1011 1177 1158 1252 restringi,
1190 1173 1266 1253 quod
1289 1173 1361 1230 libri
1387 1175 1544 1250 poerrinn·

290 1263 377 1322 tiales
396 1262 558 1321 occidentis
575 1261 771 1341 praebuerunt
786 1263 939 1320 monachis
951 1265 1075 1321 Graecis
1098 1281 1173 1320 saec.
1186 1262 1241 1320 lX.
1258 1263 1374 1340 copiam
1393 1274 1428 1316 et
1446 1278 1546 1316 ansani

292 1351 388 1409 simile
412 1349 483 1428 qnid
507 1349 544 1406 ad
568 1370 650 1408 usum
676 1371 745 1408 suae
769 1349 911 1408 ccclesiae
934 1348 1139 1427 componendi.

400 1437 591 1495 Noruocanou
622 1439 712 1514 igitur
746 1438 906 1494 Nesteutac
939 1457 998 1495 trun
1031 1448 1075 1496 est
1106 1435 1232 1513 simplex
1268 1438 1367 1492 versio
1401 1431 1544 1489 librorum

292 1523 547 1602 poenitentialium
572 1524 732 1581 occidentis
763 1522 813 1582 sed
838 1523 934 1602 quoad
959 1525 1105 1580 internam
1135 1521 1264 1580 indolem
1292 1534 1321 1579 et
1346 1523 1481 1578 l'orrnam
1504 1536 1544 1574 est

293 1629 365 1687 opus
389 1613 508 1668 omnino
531 1610 765 1688 independenter
786 1621 948 1668 sacratum.
1076 1604 1286 1670 Dettlelrilts
1307 1603 1507 1669 Jaremd‘o.

403 1765 669 1830 horomorcetr
691 1765 889 1830 disemum
912 1777 1141 1848 (Bcgcrlcrskll
1164 1775 1304 1845 risun)
1329 1777 1401 1830 1906
1431 1775 1480 1835 (Ρ.
1500 1782 1546 1826 tr..

399 1864 430 1918 P.
446 1863 565 1919 sverin:
585 1863 610 1919 Ο
630 1865 855 1934 ptrseseenii
880 1872 1005 1920 teatra
1026 1865 1329 1933 ‹inherenstvom
1345 1863 1408 1923 (De
1432 1858 1544 1939 theatri

296 1933 474 1988 visitatione
493 1949 510 1988 a
529 1933 623 2000 clero)
645 1934 667 2000 1,
681 1937 826 1988 570-576.
847 1934 933 1998 Quae
946 1935 1048 1989 clerus
1061 1934 1100 1988 de
1113 1935 1235 1988 theatro
1249 1933 1363 1988 sentiat
1376 1943 1544 1986 enarrans.

295 2010 403 2058 auctor
431 2003 541 2058 suadet
566 2003 657 2062 clero.
683 2013 717 2058 ut
736 2004 892 2059 theatrum
923 2005 1036 2058 visitet.
1062 2003 1102 2060 Ut
1127 2019 1202 2058 vero
1231 2001 1428 2062 scandalum,
1461 1999 1543 2068 qud

295 2072 370 2196 liridi
391 2077 505 2142 posset,
531 2073 673 2136 evitetur,
694 2073 760 2127 vult
781 2079 814 2128 nt
833 2074 935 2128 clerus
956 2080 1060 2128 vestes
1089 2072 1211 2127 laicales
1230 2080 1260 2128 et
1279 2080 1391 2125 tonsos
1414 2068 1542 2138 capillos

318 2156 335 2196 a
359 2147 416 2196 eat.

398 2227 658 2300 LGronreplorov:
686 2229 869 2300 Bastilija
902 2229 1002 2298 ‹irrha
1036 2229 1175 2287 (Bastille
1201 2229 1326 2283 mentisi
1348 2227 1371 2287 I,
1392 2227 1543 2280 577-596.

402 2297 479 2353 Cum
500 2298 623 2352 scholae
643 2299 875 2365 ecclesiasticae,
894 2315 974 2369 (luae
994 2300 1024 2353 in
1046 2298 1160 2354 Russia
1186 2299 1348 2359 habentur,
1376 2298 1488 2356 finem.
1506 2295 1541 2348 ad

295 2382 389 2490 guam
409 2373 528 2422 erectae
548 2374 629 2431 sunt,
644 2368 771 2423 rninhne
790 2373 1031 2438 consequantur,
1051 2369 1120 2423 ideo
1134 2384 1196 2422 non
1210 2370 1268 2422 abs
1281 2383 1314 2421 re
1328 2368 1398 2421 fore
1411 2369 1543 2426 eerrsuir,

326 2437 535 2506 romoglasov‚
555 2437 635 2504 libri,
651 2438 704 2507 qui
726 2439 782 2493 hac
801 2440 839 2492 de
859 2439 1042 2507 quaestione
1061 2443 1172 2492 tractat
1188 2437 1408 2508 (»Duhcvnaja
1430 2434 1540 2490 skula«

296 2504 432 2560 Sbornik
454 2507 554 2576 statej.
575 2508 706 2562 hioskva
725 2510 810 2568 1906).
830 2515 1051 2577 argumentum
1067 2507 1192 2562 referre.
1209 2506 1382 2561 Articulum
1399 2505 1541 2560 nondum

295 2573 406 2630 finivit.
437 2575 582 2630 Nondum
610 2578 700 2644 enirn,
726 2593 806 2646 quae
826 2577 867 2631 sit
886 2577 917 2631 iu
936 2577 985 2632 his
1005 2577 1120 2631 scholis
1145 2576 1293 2646 religiosa
1318 2575 1478 2636 educatio,
1496 2573 1542 2625 de

297 2643 406 2714 pinxit.

406 2731 434 2785 V.
453 2731 589 2803 Myfcpn:
620 2732 657 2786 Ia
686 2733 993 2803 periodiceshoj
1024 2732 1157 2802 pecati
1186 2733 1247 2796 (Ex
1270 2733 1352 2787 foliis
1374 2731 1542 2801 perirnlicis

296 2799 479 2922 {uaedam
501 2805 524 2855 1.
549 2801 862 2874 Gosudarstvennaja
890 2804 990 2858 Duma
1009 2804 1018 2858 i
1038 2802 1354 2870 Gosudarstvennnyj
1385 2802 1494 2856 Socer.
1514 2829 1541 2838 -

326 2869 506 2939 onstitucija
536 2871 544 2924 i
573 2871 786 2938 hristianstvo.
817 2873 839 2938 l,
867 2874 1021 2938 <itii-60&
1049 2875 1074 2927 2.
1103 2872 1136 2925 Iz
1169 2886 1343 2941 razgovora
1370 2887 1390 2923 o
1414 2869 1541 2940 prditike

296 2936 525 3006 duhovenstva.
548 2969 581 2980 -
607 2940 633 2996 Ο
665 2942 952 3011 predstavitelstve
976 2942 1056 2998 klira
1079 2957 1119 2996 na
1148 2943 1269 2996 sobore.
1290 2975 1320 2981 —
1342 2939 1541 3007 Cerkovnaja

298 3013 415 3076 gazela.
435 3007 458 3074 I,
478 3009 628 3076 768-783;
649 3013 673 3065 3.
694 3012 914 3066 Gosudarstvo
933 3011 941 3064 i
963 3011 1106 3078 Cerlrov’,
1127 3011 1332 3078 11,155-174.

403 3076 535 3147 Myscyn
561 3080 664 3146 refert,
685 3097 764 3149 qnae
784 3084 822 3136 de
842 3083 937 3136 rebus
956 3081 995 3135 ad
1009 3081 1155 3136 ecclesiae
1171 3080 1427 3135 reformationem
1450 3077 1539 3146 perti·

298 3144 446 3224 pentibus
476 3148 507 3202 in
535 3148 618 3203 foliis
647 3150 813 3229 periodicis
842 3151 1029 3217 scribantur,
1064 3166 1201 3220 suasque
1219 3148 1440 3204 adnotationes
1474 3147 1539 3200 irinc

298 3214 371 3294 inde
399 3217 493 3271 addit.
518 3217 556 3272 In
574 3218 775 3287 opinionibus
806 3221 938 3289 hiysoyn
964 3220 1104 3275 influxus
1132 3217 1381 3289 protestantisrni
1412 3217 1537 3286 quidam

296 3285 430 3340 inveniri
451 3285 583 3342 videtur.
801 3291 809 3310 ¹
994 3285 1007 3305 ⁸

401 3373 581 3428 alterode:
610 3375 838 3499 Duhovnalpa
866 3381 1024 3430 cen'zura
1049 3393 1068 3428 v
1094 3374 1222 3429 Rossii
1243 3392 1263 3429 v
1282 3376 1418 3444 pervoj
1442 3371 1540 3450 polp-

299 3443 386 3496 vinc
418 3445 487 3501 xlx.
507 3461 536 3498 r.
555 3446 750 3510 (tres—1855)
779 3451 786 3512 (
820 3445 1060 3500 aecclesiastica
1088 3461 1228 3509 censura,
1259 3459 1339 3513 quae
1366 3444 1397 3497 in
1430 3444 1536 3497 Rossra

298 3511 401 3580 primo
420 3512 550 3567 dimidio
570 3529 648 3567 saec.
667 3514 748 3568 xlxi
770 3515 881 3584 viguit)
901 3515 924 3581 I,
943 3516 1089 3570 sat-691.

404 3582 619 3637 Ecclesiastico
639 3599 770 3638 censura
783 3585 815 3638 in
831 3585 942 3639 Rossia
956 3589 1028 3653 pcst
1043 3585 1147 3639 varias
1161 3582 1394 3639 vicissitudines
1415 3581 1536 3636 tandem

298 3666 324 3706 a.
353 3653 428 3707 1799.
456 3653 636 3722 organizata
664 3661 726 3719 est;
756 3655 814 3708 hoc
842 3654 923 3708 enim
954 3669 1036 3708 anno
1066 3653 1302 3720 ,Moscoviensis
1334 3668 1469 3707 censura
1496 3665 1537 3703 ec·

298 3721 486 3789 clesiastica‘,
506 3722 554 3776 cui
569 3729 678 3791 postea
693 3723 917 3778 ecclesiasticae
930 3739 988 3792 pro
1002 3739 1135 3778 censura
1148 3723 1287 3778 facienda
1300 3721 1536 3776 commissiones

300 3794 373 3845 sunt
393 3792 550 3854 suffectae,
579 3792 722 3847 instituta
747 3799 803 3847 est.
830 3793 927 3848 (iuius
952 3793 1087 3847 instituti
1114 3792 1378 3862 organisationem
1410 3791 1535 3867 eiusque

298 3860 485 3932 evolutio-nis
516 3861 677 3916 historiam
700 3863 830 3916 Kotovie
857 3863 980 3917 tradere
1008 3862 1149 3916 intendit.
1186 3861 1274 3930 Opus
1301 3861 1481 3916 inchoatum
1507 3871 1535 3911 ιη

299 3931 503 3998 sequentibus
523 3931 678 3985 fasciculis
697 3939 913 4000 persequetur.

403 4015 504 4084 Episc.
544 4017 698 4072 Eodokim:
739 4019 816 4074 Car
857 4019 866 4072 i
905 4018 1111 4086 Patriarh
1155 4017 1195 4074 (Κ
1232 4016 1472 4086 harakteristihe
1508 4013 1536 4080 ih

299 4083 465 4164 vzairnunyh
484 4087 651 4156 otnosenij)
671 4089 859 4157 (Imperator
879 4094 908 4143 et
928 4088 1125 4157 patriarchas
1147 4087 1327 4154 (Decorum
1342 4087 1424 4140 inter
1443 4101 1477 4139 sc
1496 4097 1534 4136 re·

297 4154 479 4222 latronibus)
501 4154 523 4222 I,
543 4157 688 4211 ras-ver.
709 4159 825 4213 Arretor
843 4157 1036 4223 desiderans
1056 4164 1090 4211 ut
1110 4162 1219 4224 statue,
1239 4155 1292 4226 qui
1308 4157 1389 4211 inter
1409 4156 1535 4222 impera·

300 4227 403 4302 torem¹
425 4230 454 4277 et
474 4224 681 4293 patriarcham
711 4233 781 4282 aute
810 4229 938 4282 Petrum
966 4227 1013 4293 M,
1033 4243 1132 4296 aquo
1158 4232 1258 4281 status
1284 4227 1333 4280 hie
1357 4226 1534 4280 destructus

298 4297 354 4357 est,
375 4293 509 4416 vigebat,
529 4293 729 4364 instauretur,
749 4298 841 4354 huius
860 4303 961 4352 status
974 4297 1142 4366 imaginem
1156 4295 1187 4350 in
1203 4296 1385 4350 memoriam
1405 4299 1534 4348 revocat.

300 4361 411 4431 Episto
424 4377 472 4416 ani
494 4379 605 4434 nempe
624 4366 698 4436 irnp.
717 4368 814 4422 Alexii
835 4365 1002 4430 Michaelis,
1021 4365 1182 4434 -inqua
1202 4371 1327 4421 mutuae
1346 4365 1428 4418 inter
1446 4362 1535 4430 inipe-

299 4435 434 4486 retorem
455 4439 485 4486 et
504 4434 711 4502 patriarcham
742 4437 877 4490 rationes
904 4450 1073 4505 expressae
1098 4436 1261 4500 habentur,
1282 4466 1313 4474 -
1333 4435 1371 4489 ad
1391 4433 1532 4488 Niconeni

300 4505 388 4555 metr.
408 4517 446 4555 ex
462 4502 633 4575 Novgorod
647 4507 686 4559 de
699 4505 893 4573 patriarchae
913 4505 1039 4574 Iosephi
1054 4505 1141 4561 obitu
1155 4510 1347 4573 tractantem,
1366 4503 1397 4558 in
1410 4509 1534 4557 extenso

300 4585 369 4624 cum
392 4571 646 4628 adnotationibus
668 4575 733 4628 suis
753 4575 862 4629 adfert.
882 4575 949 4639 Qua
968 4575 1130 4631 occasione
1149 4574 1282 4644 strmnris
1301 4573 1448 4628 laudibus
1464 4573 1534 4626 itanc

1400 5184 1642 5318 ,xxi
