3450 5342
692 276 885 330 -255-

135 441 281 534 linguae
312 457 449 517 blavicac
483 462 514 518 in
549 460 668 538 liturgia
703 463 807 520 iterum
849 464 1034 520 strictissime
1069 461 1220 542 prohibuit
1255 472 1285 521 et
1317 464 1413 543 ipsum

138 543 356 622 Wichingum
380 547 548 624 episcopum
572 549 660 606 totins
678 547 831 606 Moraviae
854 550 992 608 instituit.
1016 547 1172 624 Quomodo
1195 569 1272 628 papa
1295 552 1337 607 ita
1361 549 1412 608 (le-¹

135 633 216 708 cipi
247 633 381 709 potuerit,
406 633 579 712 explicatur.
1056 644 1058 647 '

744 717 760 751 ’l‘
820 718 836 751 *

782 769 797 802 *

264 857 371 918 Nota.
394 857 591 916 Prolitebatur
614 863 738 938 scriptor
761 881 812 938 per
833 881 935 919 omues
958 881 1024 920 suos
1047 871 1198 927 tractatus,
1223 859 1407 934 Methodici,

142 941 341 1002 sacerdotem
365 947 425 1004 iam
449 945 557 1004 factum
582 947 680 1016 fnisse,
704 966 769 1006 cum
792 949 824 1006 iu
836 947 967 1026 Olympo
990 949 1067 1006 inter
1090 947 1249 1006 monachos
1273 946 1407 1024 degeret3

144 1032 209 1088 etsi
239 1051 298 1089 non
321 1031 409 1109 plene
432 1041 551 1100 certum,
575 1043 675 1092 tamen
699 1054 789 1113 prope
805 1043 917 1093 certum
934 1037 963 1093 ei
986 1034 1041 1094 hoc
1065 1033 1230 1094 videbatur.
1254 1033 1313 1092 bed
1330 1034 1407 1102 lecta

140 1117 345 1195 postmodum
368 1131 504 1178 accurata
527 1119 735 1198 disquisitione
758 1122 916 1180 clarissimi
939 1121 1063 1180 Domini
1085 1122 1134 1180 Fr.
1158 1120 1278 1198 Sucpek
1302 1123 1334 1178 iu
1357 1141 1407 1199 pe·
1436 1158 1439 1173 ÷

145 1203 272 1262 riodica
302 1205 500 1284 publicatione
529 1207 675 1280 „sternit
702 1207 927 1287 Volohradskp'r“
960 1206 1041 1290 (auu.
1065 1208 1127 1278 VL,
1150 1207 1220 1270 fasc.
1246 1212 1281 1274 1..
1304 1229 1331 1286 p.
1356 1210 1406 1276 55.

146 1297 236 1369 sqq.)
272 1312 337 1350 cum
368 1292 472 1352 eodem
503 1315 580 1353 nunc
610 1297 769 1366 existimat,
802 1294 987 1356 Methodium
1018 1293 1210 1372 probabiliter
1240 1296 1272 1354 in
1302 1293 1413 1368 ordine

145 1377 414 1438 diaconissarum
442 1381 532 1440 fnisse
556 1384 754 1458 constitutum,
781 1402 846 1441 cum
871 1382 990 1440 fratrem
1014 1381 1161 1461 Gyrillum
1185 1380 1222 1439 ad
1247 1380 1407 1464 Obscuros,

144 1463 189 1520 ad
217 1465 356 1525 Moravcs
387 1481 416 1526 et
441 1469 562 1526 Romam
594 1471 749 1526 comitatus
772 1479 825 1530 est.
873 1470 983 1526 llcrnae
1014 1471 1104 1545 igitur
1135 1470 1228 1545 prime
1258 1465 1404 1539 sacerdos,

147 1561 259 1628 postea
282 1555 435 1632 episcopus
459 1565 504 1612 cst
527 1565 722 1614 consecratus.
1137 1549 1168 1616 T
1164 1549 1198 1615 b.
1223 1549 1360 1634 Lempl.

261 1702 311 1759 Fr.
331 1704 381 1760 Kc.
406 1707 535 1779 amman,
554 1711 656 1765 Nauk
677 1727 723 1762 sv.
742 1712 954 1780 Ambrozija
971 1726 989 1762 o
1007 1709 1233 1762 eucharistii
1256 1709 1406 1775 (Doctrina

150 1789 173 1824 s.
195 1774 342 1829 Ambrosii
362 1780 398 1831 de
417 1795 455 1832 ss.
474 1781 679 1848 Eucharistia),
699 1779 766 1834 1906
778 1796 825 1848 pg.
846 1779 1032 1833 117—1ssst
1049 1777 1195 1832 233—247.
1214 1779 1323 1831 Auctor
1340 1793 1406 1832 curn

150 1847 258 1908 paratu
278 1846 376 1900 critico
393 1865 493 1903 veram
519 1867 541 1904 s.
559 1851 704 1904 Ambrosii
731 1851 766 1903 de
792 1851 844 1903 hoc
863 1850 1050 1903 Sacramenta
1074 1848 1235 1902 doctrinam
1259 1863 1294 1900 er
1314 1847 1406 1914 ipsius

151 1914 272 1980 scriptis
296 1915 498 1985 depromptam
517 1920 653 1988 proponit
676 1920 712 1973 de
732 1920 803 1974 reali
821 1919 988 1986 praesentia
1006 1923 1036 1972 et
1054 1917 1195 1972 sacrificio
1214 1917 1406 1972 eucharistico

151 1983 477 2111 simtqlquedscriptpres
501 2020 535 2028 —
560 1989 713 2058 praecipue
738 1991 932 2056 protestantes
957 2018 990 2026 -
1013 1989 1087 2041 salso
1111 1989 1174 2041 eins
1198 1988 1287 2040 verba
1315 1987 1406 2052 expli·

150 2069 206 2105 can
241 2069 304 2108 sre
326 2071 359 2109 ar
400 2075 430 2110 r.

258 2121 283 2176 J.
296 2123 363 2177 Mor
381 2125 451 2186 eset,
471 2129 575 2198 Mesij
586 2129 696 2182 anski
715 2129 849 2196 psalmi
863 2128 984 2195 (Psalmi
996 2127 1182 2193 messiauici)
1195 2142 1242 2194 pg.
1257 2123 1404 2178 tes-tea

150 2193 315 2258 Explicatic
334 2195 495 2261 „Carminis
513 2199 705 2264 passionalis
725 2197 779 2266 (ps.
798 2197 845 2264 2l;
865 2199 944 2250 hebr.
963 2196 1018 2263 22.)
1038 2212 1122 2263 porro
1139 2199 1282 2250 tractatur
1300 2193 1367 2248 inde
1386 2209 1403 2248 ι

150 2277 238 2314 versu
259 2263 299 2315 17.
319 2267 347 2318 et
366 2267 534 2320 absolvitur.

261 2333 308 2386 Dr.
328 2335 349 2386 A
369 2333 494 2402 Medoed,
513 2337 726 2405 Zgodovina
751 2338 1004 2404 slovcnskega
1028 2336 1261 2402 cerkvenega
1305 2349 1404 2385 ovor-

152 2402 280 2456 nistva
290 2403 430 2471 (Historia
442 2408 624 2473 eloquentiae
635 2423 735 2460 sacrae
745 2403 991 2474 Slorcnicae),lpg.
1006 2404 1145 2458 lue-185
1155 2407 1241 2473 etpg.
1314 2472 1320 2484 .
1342 2401 1403 2456 286.

152 2473 193 2524 Ex
214 2473 338 2526 saeculis
356 2475 488 2528 X.—XV.
508 2477 565 2528 duo
583 2479 696 2530 tuntum
716 2478 906 2530 monumenta
924 2477 1052 2528 exstant:
1078 2474 1174 2528 Codex
1192 2473 1403 2540 Supraslrensm

153 2548 179 2594 ct
200 2557 294 2596 sermo
314 2543 330 2596 i.
350 2545 376 2598 h.
397 2561 434 2598 ss.
454 2545 552 2611 cyrilli
571 2548 600 2599 et
618 2547 773 2614 Methodii;
790 2561 826 2598 ex
843 2547 959 2598 saeculo
973 2545 1034 2598 XV.
1054 2560 1122 2597 vero
1140 2543 1182 2596 sic
1200 2543 1279 2595 dicta
1298 2557 1404 2609 „gene-

154 2613 222 2664 ralis
241 2612 408 2667 conrsssic‘.
427 2615 654 2668 Reformatio
672 2616 868 2682 eloquentiam
878 2630 991 2668 sacram
1011 2613 1150 2667 excitavit
1159 2615 1190 2665 et
1198 2613 1402 2664 reformatores

154 2681 310 2745 (Truban
344 2683 541 2748 Dalmatia,
573 2685 689 2753 KrelJ)
714 2685 839 2752 plurima
859 2683 1182 2750 scripseruntpractica
1201 2686 1230 2734 et
1257 2679 1402 2760 quaedam

154 2753 240 2804 etiam
263 2753 429 2806 theoretica.
453 2783 486 2790 -
513 2755 555 2806 Ex
584 2755 786 2808 catholicis
810 2757 878 2821 post
895 2754 1129 2806 reformationem
1152 2750 1399 2831 contionatorrbprr

154 2821 280 2874 eminent
297 2823 420 2876 loannes
439 2824 521 2890 Bapt.
541 2840 558 2876 a
578 2840 599 2876 s.
617 2825 705 2878 Oruco
724 2822 762 2890 (V
780 2824 928 2876 volumina
946 2821 1092 2889 centlum),
1110 2822 1251 2876 Matthias
1262 2819 1401 2883 Kastelrc‚

154 2893 182 2944 P.
200 2891 341 2958 llcgerius
360 2890 429 2958 (duo
448 2892 616 2960 volumina),
636 2895 734 2954 Barth,
755 2895 847 2948 Basar
866 2894 967 2960 (unum
986 2892 1063 2960 vol).

257 3040 282 3092 1.
306 3035 358 3092 Dr.
382 3029 547 3096 Micbual
570 3029 772 3116 Nepotailr.
797 3031 961 3100 Pastirstri
986 3029 1055 3096 listi
1076 3028 1260 3114 (Epistulae
1284 3027 1398 3112 pasto·

156 3119 255 3200 rales)
279 3120 409 3180 Maribor
435 3123 528 3184 litiis.
560 3122 613 3199 Pg.
639 3125 709 3183 786.

260 3229 287 3286 2.
303 3227 354 3285 Dr.
376 3221 537 3287 Mieltael
560 3221 765 3306 Napotnilc,
793 3221 977 3308 Priviiopia
1000 3223 1143 3303 quibus
1167 3219 1314 3298 gaudet
1337 3239 1399 3295 pa-

155 3307 1399 3390 ruclrialisEcclesiabeatael'irginislrlariaematrismiseri·

154 3398 308 3458 cordiae
340 3420 461 3477 nuper·
498 3400 723 3458 aedificata
755 3411 791 3458 et
822 3408 1068 3458 consecrata.
1107 3394 1259 3470 Morborgi
1301 3393 1393 3450 1907.

156 3489 205 3563 Pg.
228 3491 275 3544 41.

255 3579 281 3634 1.
305 3573 557 3631 llxcellentissimi
581 3575 885 3652 Principis-Episcopi
914 3573 1075 3631 Lavantini
1100 3590 1171 3648 opus
1195 3579 1240 3626 sat
1263 3564 1393 3642 amplum

158 3663 319 3739 inscriptum
355 3660 524 3738 „Epistulae
555 3660 732 3738 pastorales“
767 3671 884 3740 praeter
914 3659 1062 3737 epistolas,
1086 3677 1158 3736 quas
1182 3658 1245 3732 ipse
1267 3651 1392 3709 Praesnl

157 3748 275 3825 vigilans
299 3746 368 3805 inde
391 3747 428 3804 ab
452 3749 585 3823 ingressu
609 3750 793 3826 episcopatus
816 3746 928 3827 (1889)
950 3744 1093 3824 usquead
1110 3745 1200 3800 linem
1216 3741 1286 3798 anui
1306 3740 1389 3795 1906

157 3835 224 3894 clorc
252 3835 417 3914 populoque
449 3855 499 3891 suc
530 3833 611 3891 fideli
643 3836 770 3908 miserat,
805 3836 936 3893 continet
966 3833 1089 3902 litteras,
1125 3829 1231 3908 quibus
1261 3826 1393 3884 universi

159 3923 284 3980 lustriae
307 3923 435 3999 episcopi
461 3923 565 3978 iterum
590 3923 752 3999 iterumque
776 3920 972 3979 Vindobonae
994 3920 1165 3996 cougregati
1188 3915 1310 3994 populos
1334 3911 1391 3969 sibi

157 4011 316 4067 commissos
339 4011 370 4066 in
393 4011 483 4066 variis
507 4009 586 4065 vitan
610 4007 745 4086 publicae
768 4018 797 4066 et
820 4011 954 4086 privatae
985 4003 1239 4066 vicissitudinibus
1263 4022 1315 4079 per
1343 4000 1394 4056 illa

158 4105 276 4174 tempora
299 4094 467 4160 monebant,
491 4094 644 4157 docebant.
668 4094 845 4172 dirigebant.

247 4183 474 4260 Praecipuarunr
518 4182 770 4240 Reverendissimi
812 4184 938 4240 auctoris
973 4180 1163 4258 epistolarum
1199 4175 1390 4255 pastoralium
1434 4230 1437 4232 ,

158 4279 318 4345 argumenta
342 4267 470 4326 breviter
493 4268 718 4330 delineubimus.

251 4356 340 4414 Anno
375 4360 455 4413 litui)
488 4355 524 4412 dc
555 4366 641 4414 cantu
673 4357 807 4432 angelico
843 4354 965 4427 „Gloria
993 4356 1024 4410 in
1048 4353 1173 4410 excelsis
1205 4351 1277 4408 Deo.
1308 4359 1336 4404 et
1361 4349 1392 4404 in

159 4453 223 4500 terra
244 4463 302 4520 pus
326 4442 513 4500 horninibus“
541 4443 618 4500 clero
642 4463 737 4500 sermo
761 4443 871 4499 latinns
894 4443 1065 4518 proponitur
1088 4440 1171 4516 quasi
1197 4453 1393 4512 program-

159 4548 210 4596 ma,
232 4531 314 4587 iuxta
337 4529 413 4607 quod
439 4533 528 4587 unitis
553 4532 681 4607 episcopi
709 4538 737 4586 et
760 4529 829 4586 clori
854 4527 967 4584 viribus
998 4526 1092 4602 gloria
1124 4525 1179 4580 Ilei
1212 4524 1393 4578 animarum-
