3450 5342
692 362 886 418 -eua-

140 550 256 624 ipsius
285 547 460 611 ordinabilis
492 559 536 606 est
565 569 672 626 perse
702 551 733 606 in
757 569 894 620 amorem,
924 571 981 628 quo
1011 553 1075 608 lieo
1107 561 1257 629 tamquam
1289 552 1341 609 lini
1366 554 1414 610 eui

140 634 273 692 bonum
303 636 446 707 velimus,
479 638 530 713 qui
561 656 642 694 amor
664 636 822 714 perfectior
852 637 975 715 proinde
999 637 1036 696 ab
1067 639 1125 696 alio
1149 660 1207 697 non
1239 637 1413 710 excluditur,

143 719 209 778 sed
238 723 270 778 in
294 722 345 779 illo
368 723 535 780 virtualiter
566 722 669 781 saltem
693 725 871 796 continetur,
906 725 1039 782 volentes
1067 727 1146 782 enim
1170 726 1225 783 frui
1250 745 1302 784 suo
1325 724 1411 798 bono,

142 808 299 866 volumus
321 811 418 886 ipsum
439 829 622 886 cognoscere,
646 829 745 867 amare
768 825 797 868 et
813 811 986 887 glorificare,
1010 821 1038 868 et
1062 833 1127 870 cunr
1141 821 1242 870 nostra
1264 815 1410 889 possessio

145 895 217 952 Dei
244 893 368 952 adeius
391 895 515 972 gloriam
538 896 690 966 referatur,
718 899 748 954 in
772 897 870 956 Deum
894 899 981 956 finem
1006 901 1052 956 eui
1081 898 1284 976 implicite
1314 898 1408 956 tendi-

144 1001 235 1051 mus,
265 1001 330 1040 cum
362 984 456 1058 ipsum
489 984 577 1040 finem
609 985 659 1060 qui
690 983 825 1042 ultimum
857 983 942 1042 nobis
972 1005 1103 1044 amamus
1136 980 1202 1066 inec
1232 984 1409 1044 obiectivam

145 1066 355 1126 beatitudinis
386 1068 532 1127 humanae
563 1068 617 1127 sub
647 1071 822 1146 gloriaDei
854 1071 1125 1130 subordinationem
1160 1073 1286 1150 positive
1311 1072 1410 1130 exclu-

144 1149 302 1236 dimusl“.
335 1155 538 1226 Palmieri,
573 1157 620 1214 De
645 1177 728 1234 poen.
758 1158 800 1215 th.
831 1160 880 1228 22,
909 1180 950 1215 ι].7
970 1161 996 1214 2.
1029 1159 1153 1218 Possum
1185 1169 1281 1216 autem
1313 1159 1409 1216 Deum

147 1243 367 1320 concupiscere
390 1243 438 1299 vel
461 1245 493 1300 in
516 1253 658 1321 quantum
687 1244 760 1302 mihi
784 1244 836 1302 dat
858 1265 889 1302 se
914 1247 1017 1322 ipsum,
1041 1246 1089 1302 vel
1114 1247 1144 1302 in
1168 1256 1308 1324 quantum
1333 1245 1406 1302 mihi

144 1328 208 1386 dat
234 1343 346 1402 creata,
369 1331 387 1385 i.
411 1350 435 1387 e.
459 1329 507 1388 vel
538 1338 634 1407 potest
657 1350 739 1390 amor
760 1334 1016 1410 concupiscentiae
1046 1334 1170 1390 excitari
1202 1333 1406 1410 principaliter

147 1437 193 1473 ex
219 1419 287 1494 ipsa
310 1417 427 1474 infinita
457 1416 646 1495 perfectione,
679 1417 838 1476 secundum
871 1439 958 1496 quam
983 1420 1063 1477 Deus
1094 1428 1139 1477 est
1169 1419 1257 1476 finale
1281 1417 1407 1476 beatitu-

147 1502 240 1560 dinis
271 1515 389 1560 nostrae
419 1502 574 1575 obiectum,
606 1504 654 1561 vel
684 1507 775 1563 etiam
810 1526 864 1578 ,ex
890 1507 1000 1564 motivo
1030 1509 1165 1584 propriae
1195 1516 1311 1564 creatae
1343 1525 1407 1583 per-

150 1589 304 1662 fectionis,
339 1609 426 1666 quam
462 1611 513 1669 per
546 1590 636 1648 talem
667 1593 806 1650 unionem
839 1595 1055 1670 consequimur,
1091 1613 1116 1650 e.
1150 1613 1192 1668 gr.
1223 1613 1261 1650 cx
1296 1591 1404 1668 gaudio

149 1674 411 1753 superabundanti
434 1685 463 1735 et
485 1697 565 1754 pace,
597 1697 672 1755 quae
695 1688 853 1756 exsuperat
876 1699 992 1737 omnem
1017 1699 1133 1738 sensum
1158 1678 1283 1757 aliisque
1307 1679 1408 1737 huius-

151 1762 238 1820 modi
262 1762 491 1840 perfectionibus
514 1765 628 1829 ereatis,
652 1785 728 1842 qnae
751 1768 845 1843 ipsam
861 1764 1076 1824 beatitudinem
1094 1775 1222 1824 nostram
1247 1765 1402 1824 formalem

152 1851 317 1908 intrinsece
340 1853 528 1921 constituunt,
552 1851 599 1908 vel
623 1872 659 1908 ex
681 1871 716 1910 ea
735 1871 786 1929 per
808 1873 840 1909 sa
856 1853 979 1910 lluurrt².
1004 1853 1213 1920 b‘chiffiui,
1237 1851 1284 1909 De
1307 1854 1408 1910 virtut.

154 1936 264 1995 infusis
287 1936 329 1994 th.
353 1939 392 1994 32
417 1937 467 1995 fin.

266 2024 431 2102 Utrumque
455 2024 533 2082 huuc
554 2022 673 2082 modum
703 2023 789 2081 multi
812 2047 840 2082 r.
863 2047 891 2102 g.
915 2025 993 2084 idem
1018 2025 1162 2096 b'clriffini,
1194 2024 1231 2082 ad
1263 2028 1403 2083 virtutem

152 2113 290 2169 caritatis
313 2113 460 2188 pertinere
491 2119 620 2169 censent.
651 2110 709 2168 Sed
740 2113 815 2169 ratio
838 2112 933 2182 huius,
961 2111 1039 2190 quod
1067 2111 1229 2184 ,obiectum
1254 2114 1401 2189 proprium

154 2200 299 2256 motivum
332 2201 464 2255 caritatis
496 2207 541 2255 est
572 2219 686 2256 summa
715 2197 840 2264 bonitas,
873 2197 1031 2258 secundum
1067 2219 1154 2276 quam
1185 2198 1266 2256 Deus
1297 2215 1341 2256 est
1373 2201 1404 2255 in

153 2287 237 2342 omni
264 2285 476 2363 perfectionum
507 2305 615 2361 genere
638 2286 754 2342 infinite
781 2286 944 2363 perfectus‘⁴
981 2285 1030 2350 (cf.
1054 2287 1116 2343 eius
1147 2285 1188 2342 th.
1213 2285 1266 2362 29)
1299 2287 1400 2360 negari

155 2380 265 2449 potest3
289 2384 333 2429 est
365 2374 444 2429 eninr
476 2391 589 2429 summa
610 2370 728 2430 bonitas
757 2392 815 2450 qna
838 2372 945 2431 bonum
973 2374 1037 2430 Dei.
1075 2373 1151 2430 Aliis
1182 2370 1300 2429 videtur
1322 2391 1404 2428 amor

153 2461 410 2536 concupiscentiae
434 2460 529 2536 potius
553 2457 589 2515 ad
614 2478 703 2536 spem·
724 2462 879 2536 pertinere.
912 2479 998 2538 quam
1024 2458 1061 2516 ad
1085 2461 1246 2521 caritatem,
1270 2457 1300 2514 id
1325 2457 1402 2536 quod

156 2548 214 2603 ism
239 2546 262 2603 Ι.
285 2546 322 2602 Ι).
347 2546 449 2604 Scotus
481 2547 581 2602 sensit.
613 2545 671 2620 (Cf.
695 2548 850 2615 Suarez,
883 2547 928 2602 lie
952 2548 1033 2602 curit.
1057 2545 1132 2623 disp.
1158 2549 1184 2616 1,
1215 2567 1237 2602 s.
1262 2548 1289 2616 2,
1319 2565 1347 2602 n.
1373 2549 1403 2618 13

157 2631 203 2689 lle
235 2653 286 2710 spe
317 2632 392 2710 disp.
418 2636 443 2697 1,
477 2653 498 2690 s.
526 2635 553 2697 3,
586 2652 613 2690 n.
637 2635 669 2697 4;
705 2633 838 2689 Franc.
863 2633 996 2702 Sales,
1031 2633 1133 2689 'fraite
1162 2630 1198 2688 dc
1223 2631 1344 2688 l'amour
1367 2630 1403 2688 de

158 2719 280 2777 Dieuc.
306 2723 357 2778 17:
392 2719 602 2797 'l'ournely,
634 2719 680 2775 De
711 2739 784 2776 sacr.
807 2721 916 2795 poenit.
944 2739 991 2794 qu.
1016 2721 1043 2788 5,
1074 2739 1099 2775 a.
1124 2721 1150 2788 3,
1182 2739 1206 2775 c.
1231 2719 1266 2787 2;
1302 2726 1403 2774 contra

157 2806 479 2876 Bonaventuram,
511 2805 732 2874 Henrieum,
764 2804 1011 2864 lliclrardum.
1046 2803 1301 2876 Paludanum,
1334 2803 1404 2861 l)u-

158 2890 339 2971 randum).
362 2894 449 2952 ilatio
472 2913 571 2950 eorum
595 2905 647 2952 est.
671 2890 749 2970 quod
772 2913 824 2969 pro
847 2893 966 2949 motivis
987 2890 1114 2949 diversis
1138 2890 1273 2948 diversae
1296 2887 1401 2948 distin-

156 2989 282 3056 guuntur
304 2982 416 3058 specics
431 2990 547 3037 actuum
571 2988 601 3036 et
621 2982 752 3038 virtutes.
776 2981 868 3056 Atqui
894 2999 929 3036 ex
949 2980 1059 3036 motivo
1082 2978 1140 3035 alio
1165 2977 1215 3035 ille
1239 2989 1326 3047 aurat,
1350 2979 1399 3054 qui

159 3068 251 3123 Deum
275 3077 354 3125 amat
384 3065 420 3124 ob
451 3087 482 3124 se
505 3068 609 3144 ipsum,
644 3065 775 3124 sistendo
804 3067 862 3123 iam
895 3067 1022 3142 inipso,
1056 3085 1091 3123 ac
1114 3067 1163 3142 qui
1192 3077 1271 3121 amat
1303 3063 1400 3122 Deum

157 3152 229 3222 ideo,
252 3153 329 3232 qnod
353 3164 397 3211 est
420 3155 547 3211 amantis
571 3153 688 3211 bonum.
722 3153 803 3229 Ergo
834 3173 900 3210 cum
925 3172 1006 3208 amor
1029 3153 1108 3229 prior
1131 3153 1195 3208 sinc
1219 3149 1310 3207 dubio
1330 3153 1402 3207 ami-

158 3242 242 3298 citiae
265 3243 303 3298 sit
325 3252 355 3298 et
378 3242 517 3311 caritatis,
541 3259 623 3296 arnor
645 3240 727 3307 alter,
752 3260 790 3301 sc.
807 3240 1073 3317 concupiscentiae.
1097 3236 1268 3296 referendus
1293 3247 1337 3293 est
1361 3236 1399 3294 ud

159 3329 279 3404 speciem
311 3336 428 3385 actuum
459 3329 657 3404 virtutemque
688 3326 785 3395 aliam,
821 3345 895 3404 quac
928 3346 986 3383 non
1017 3336 1139 3403 apparet
1163 3326 1218 3382 nisi
1252 3325 1323 3401 spei.
1360 3323 1400 3380 Et

161 3435 256 3471 revera
279 3435 345 3491 spes
369 3413 502 3483 includit,
525 3415 599 3471 sicut
622 3412 810 3483 desiderium,
834 3415 877 3470 ita
900 3411 1041 3470 radicitus
1065 3432 1194 3470 amorem
1219 3409 1296 3478 boni,
1321 3407 1399 3487 quod

159 3502 220 3578 quis
241 3500 298 3558 sibi
322 3509 432 3578 sperat3
468 3498 591 3578 proinde
619 3511 663 3558 est
695 3503 757 3577 spei
781 3499 965 3576 theologicae
999 3519 1097 3556 amare
1126 3497 1184 3558 sibi
1207 3494 1399 3555 obtinendum

161 3590 341 3665 praecipuum
373 3589 547 3666 promissum
578 3585 695 3657 bonum,
725 3588 753 3644 h.
783 3607 807 3650 e,
838 3587 943 3644 Deum.
985 3619 1019 3628 -
1056 3584 1113 3643 b'ed
1141 3597 1219 3642 certe
1250 3582 1308 3641 dici
1341 3603 1401 3640 non

166 3683 252 3751 potest
275 3695 357 3733 amor
378 3675 632 3752 concupiscentiae
656 3695 719 3731 esse
742 3673 905 3732 formaliter
928 3683 1010 3730 actus
1034 3674 1115 3750 spei,
1151 3674 1232 3730 cuius
1256 3672 1399 3728 motivum

166 3761 279 3819 formale
313 3772 358 3819 est
387 3763 520 3839 potentia
544 3769 582 3817 set
605 3759 806 3819 misericordia
840 3760 945 3817 divina
974 3779 1027 3836 per
1060 3778 1142 3816 suam
1177 3758 1399 3836 promissionem

166 3848 269 3906 homini
293 3847 432 3924 obligata
466 3846 554 3906 Unde
578 3847 686 3906 factum
711 3859 763 3914 est,
788 3862 819 3904 ut
842 3845 879 3904 ab
902 3845 1050 3923 aliquibus
1074 3856 1178 3924 quarta
1201 3847 1294 3902 virtus
1317 3843 1400 3900 theo·

165 3935 252 4012 logica
277 3946 461 3994 statueretur.

261 4023 392 4100 L'terque
415 4042 496 4080 amor
517 4020 744 4080 benevolentiae
774 4034 803 4077 et
826 4020 1082 4097 concupiscentiae
1113 4037 1205 4095 aeque
1238 4037 1271 4074 ac
1295 4018 1401 4076 caritas

166 4120 192 4165 et
212 4130 274 4186 spes
296 4109 384 4167 simul
406 4111 565 4167 consistere
588 4117 718 4185 possunt,
742 4106 809 4182 (etsi
833 4127 899 4164 cum
915 4104 1016 4163 debita
1039 4103 1278 4164 subordinatione
1302 4103 1400 4180 impli-

168 4192 230 4271 cita)
252 4195 340 4274 idque
363 4206 393 4253 et
415 4194 518 4254 habitu
541 4207 571 4253 et
586 4206 661 4252 actu.
684 4195 730 4252 cf.
754 4193 957 4264 Palmieri,
979 4193 1026 4250 De
1043 4211 1126 4269 poen.
1150 4191 1191 4248 th.
1213 4194 1261 4262 22,
1286 4211 1313 4250 n.
1332 4191 1349 4247 6
1367 4209 1401 4262 s.;

169 4282 366 4355 Schiffini,
397 4283 444 4339 De
475 4280 606 4339 virtutib.
637 4281 743 4339 infusis
772 4280 814 4336 th.
839 4283 892 4352 32;
928 4281 967 4336 23
995 4279 1140 4356 Proposit.
1171 4277 1268 4338 damn.
1293 4276 1329 4334 ab
1354 4277 1403 4333 ln-

167 4389 221 4427 noc.
250 4370 329 4441 xil,
359 4390 440 4448 prop.
471 4373 496 4426 l.
522 4372 547 4429 5.
573 4371 601 4425 7.
627 4371 674 4425 10.
710 4369 774 4424 Nec
804 4367 897 4425 ullum
921 4375 965 4422 est
996 4364 1218 4423 fundamentum
1250 4363 1402 4422 doctrinae

168 4457 319 4514 contrariae
350 4455 572 4532 Quietistarum,
606 4456 657 4532 qui
688 4473 817 4511 amorem
840 4454 899 4510 Dei
930 4471 1033 4529 purum
1065 4450 1167 4508 dicunt
1201 4451 1293 4508 solum
1325 4469 1400 4520 eum,

168 4545 209 4621 qui
228 4552 271 4600 est
294 4563 331 4601 ex
355 4543 418 4602 sola
440 4542 651 4601 benevolentia
671 4561 742 4617 erga
764 4541 862 4598 Deum
887 4553 917 4596 ut
940 4540 972 4595 in
995 4559 1026 4595 se
1049 4536 1167 4611 bonum,
1190 4556 1322 4614 quaeque
1346 4555 1398 4592 ex·

167 4627 247 4688 eludit
280 4631 548 4708 concupiscentiam
582 4648 699 4686 omnem
733 4629 763 4684 in
795 4628 893 4704 ipsum
922 4626 1026 4697 Deum,
1058 4633 1090 4681 ut
1115 4622 1224 4680 bonum
1259 4633 1399 4680 nostrum.
