3450 5342
789 339 960 394 ...50-

250 539 410 596 nunquam
426 529 493 579 erat
506 522 567 578 nisi
579 521 824 578 instrumentum
844 528 876 577 et
895 535 1009 577 servus
1023 518 1233 590 imperatoris,
1249 517 1351 587 ipsius
1362 516 1501 574 arbitrio

254 608 388 664 prorsus
408 593 575 660 subiectus,
595 597 658 650 tam
678 590 785 672 populi
804 605 896 662 quam
910 590 985 646 cleri
1004 587 1115 646 morali
1134 587 1278 643 subsidio
1316 588 1384 642 lene
1399 586 1504 668 desti·

251 667 347 720 tutus.
378 662 456 719 Cum
476 677 502 717 3.
523 663 589 717 1589
617 677 653 716 ex
680 660 831 731 prmcipis
856 660 1017 716 voluntate
1042 657 1243 727 metropolita
1300 657 1501 712 oscorrensis

211 749 213 754 ’
251 731 283 788 di
307 733 434 788 nitatem
461 729 698 802 patriarchalem
723 729 857 800 adeptus
882 737 976 795 esset,
1005 728 1116 784 titulus
1141 727 1269 798 quidem
1291 726 1501 782 mutationem

176 805 178 810 '
251 815 289 857 su
313 801 356 868 iit,
385 801 500 857 mansit
524 805 628 856 tamen
652 799 737 870 prior
761 799 922 856 subiectio.
950 799 1017 854 lam
1044 798 1167 867 primus
1214 797 1371 852 atriaroha
1396 795 1454 850 Iob
1484 811 1506 849 a

252 871 530 927 Pseudo-Dimitrio
543 870 623 926 male
638 874 788 926 tractatus
802 885 837 924 ac
850 867 1016 939 depositus
1027 875 1084 924 cst.
1100 869 1181 923 Pseu
1207 864 1387 922 o-Dimitrio
1400 864 1501 920 inter-

251 939 332 996 iecto
352 939 528 1011 patriarcha
555 940 631 1005 eius,
651 939 801 1010 Ignatius,
827 940 867 995 ab
885 941 1075 1008 imperatore
1095 937 1189 992 modo
1208 937 1304 991 electo
1324 923 1442 1005 Sujslrij
1464 935 1501 987 in

251 1010 377 1066 exilium
408 1010 549 1073 mittitur,
577 1009 687 1064 eodem
717 1015 821 1064 tamen
849 1009 1035 1078 imperatore
1062 1007 1132 1078 ipso
1157 1006 1301 1075 deposito
1321 1005 1502 1073 Germogen

251 1079 370 1144 iterum,
389 1095 406 1134 a
426 1067 544 1150 Sujskij
572 1078 731 1149 quondam
752 1079 929 1148 patriarcha
947 1084 1079 1144 creatus,
1105 1091 1179 1132 nece
1198 1081 1373 1130 amovetur.
1403 1074 1505 1153 Patri·

252 1150 346 1205 archa
357 1149 458 1204 Nikon
478 1147 677 1218 imperatoris
706 1147 815 1204 lavore
834 1153 1023 1218 praepotens
1043 1146 1153 1209 lactus.
1173 1162 1212 1200 ex
1231 1160 1294 1215 quo
1313 1145 1500 1213 imperatori

252 1217 419 1288 displicuit,
438 1218 523 1274 omni
543 1233 600 1274 sua
619 1218 798 1274 auctoritate
818 1217 923 1272 statim
944 1217 1096 1287 privatur.
1131 1215 1281 1271 Eiusdem
1301 1214 1503 1283 patriarchae

251 1289 471 1358 explicationes
495 1289 534 1344 de
559 1286 673 1357 duplici
699 1291 861 1357 potestate,
890 1286 1022 1355 spiritali
1048 1301 1083 1340 ac
1103 1284 1263 1347 saeculari,
1291 1299 1425 1353 quarum
1446 1283 1504 1337 illa

252 1358 402 1413 saeculari
422 1357 512 1413 sicuti
531 1358 634 1412 anima
652 1371 784 1426 corpore
804 1356 971 1412 sublimior
988 1362 1045 1422 est,
1064 1355 1139 1411 adeo
1159 1355 1268 1424 procul
1287 1360 1377 1408 erant
1389 1369 1407 1406 a
1421 1361 1501 1407 tem-

251 1427 338 1497 poris
352 1426 595 1493 condicionibus,
615 1431 725 1482 utnon
741 1424 843 1481 solum
863 1441 882 1480 a
901 1425 973 1481 cleri
993 1431 1082 1495 parte
1097 1425 1153 1480 sed
1171 1425 1212 1480 ab
1231 1423 1302 1493 ipso
1314 1422 1500 1546 patriarcha

250 1496 595 1566 constantinopolitane,
609 1495 734 1566 speciali
747 1495 902 1566 legatione
922 1496 1066 1550 consulto
1079 1499 1277 1563 negarentur.
1299 1517 1310 1538 ³
1334 1508 1363 1547 m
1406 1497 1497 1546 rator

252 1567 399 1622 dominus
409 1573 465 1633 est,
479 1565 656 1636 patriarcha
665 1571 769 1621 antem
780 1581 879 1634 aeque
892 1570 986 1636 atque
995 1565 1047 1619 alii
1060 1563 1178 1619 subditi
1188 1563 1363 1620 absolutoo
1388 1562 1504 1631 sequi«)

250 1636 310 1712 ipsi
330 1635 501 1691 obstrietus
517 1640 586 1690 est«.
605 1635 706 1700 Quam
721 1635 901 1690 relationem
919 1649 959 1690 ne
973 1640 1047 1689 tunc
1061 1633 1187 1704 quidem
1202 1648 1270 1689 esse
1288 1633 1498 1695 immutatam,

250 1720 320 1760 cum
345 1705 507 1764 concilium
528 1704 743 1760 Moscovieuse
763 1719 844 1760 anno
867 1707 932 1760 1667
961 1709 1033 1774 post
1056 1704 1235 1773 complures
1253 1701 1499 1771 disceptationes

178 1785 180 1790 ·
251 1774 447 1842 decrevisset,
466 1776 672 1856 imperatores
695 1773 727 1828 in
753 1775 849 1830 rebus
876 1773 1099 1836 saecularibus,
1124 1771 1333 1842 patriarcham
1353 1771 1385 1825 in
1405 1770 1500 1838 spiri·

252 1843 367 1900 talibus
387 1846 435 1899 sui
463 1845 541 1901 iuris
560 1857 638 1911 esse,
669 1843 758 1900 iacile
777 1843 848 1900 inde
868 1850 962 1914 patet,
989 1843 1074 1924 quod
1094 1850 1376 1911 contemporaneus
1403 1841 1501 1908 impe·

254 1917 340 1969 rator
354 1913 530 1983 patriarcha
543 1921 668 1970 mortuo
678 1914 772 1968 alium
786 1913 825 1968 ad
839 1914 970 1968 eandem
985 1913 1168 1983 dignitatem
1184 1911 1317 1966 evehere
1331 1910 1499 1974 recusavit,

251 1984 411 2054 ipsiusque
430 1998 602 2050 successor,
623 1984 733 2038 Petrus
755 1982 898 2052 Magnus,
919 1998 1032 2038 munus
1048 1981 1253 2051 patriarchale
1273 1980 1355 2035 clero
1370 1979 1501 2034 mirtime

255 2053 418 2108 resistente
432 2067 558 2122 prorsus
571 2052 715 2108 abolevit.
731 2053 963 2108 Patriarchatus
977 2067 1138 2122 nunquam
1154 2052 1184 2106 in
1198 2049 1384 2105 nationalem
1398 2047 1498 2102 vitam

258 2123 391 2178 Russiae
410 2123 527 2177 radices
546 2121 729 2176 immiserat

357 2193 476 2247 llucsua
507 2193 779 2261 llpeocsstuenxaro
812 2193 967 2262 llopxbupis
999 2192 1208 2261 (licucncuaroi
1239 2207 1279 2241 mu
1311 2183 1504 2242 Ca‘ls‘rbirmeii

253 2265 387 2316 1111111111,
406 2263 577 2315 Enitaaoerh
603 2263 760 2314 llasuouuh
780 2259 1026 2327 Briareumreits‘s,
1053 2257 1252 2330 ypoatneunoit
1271 2255 1398 2327 ilitaeps.
1426 2257 1504 2322 (Lit-

255 2337 338 2386 terae
358 2347 415 2386 em.
436 2330 560 2384 Poriirii
579 2330 845 2400 (Uspeuskiensts)
868 2331 907 2385 ad
927 2331 1144 2400 principissam
1167 2329 1211 2383 El.
1233 2329 1264 2382 P.
1285 2327 1503 2394 Witgenstein‚

253 2408 381 2470 egente
402 2400 485 2455 Eller
503 2405 604 2454 ortam
625 2401 664 2468 (p.
685 2401 807 2462 691-9).

274 2483 279 2489 ·
359 2469 391 2525 P.
419 2469 592 2535 Svetlov,
626 2468 935 2539 Craponarommecaiii
963 2487 1097 2540 soupoc's
1132 2487 1171 2522 ns
1199 2464 1353 2536 ,iyxosuoii
1391 2483 1503 2519 nesaru

254 2545 288 2593 aa
309 2540 416 2593 19011.
438 2539 599 2608 (Quaestio
619 2539 875 2594 veterooatholica
899 2540 930 2593 in
949 2538 1040 2594 litter.
1060 2538 1190 2607 spiritali
1209 2551 1294 2592 anno
1315 2538 1403 2604 19114),
1430 2551 1505 2604 pag.

252 2609 383 2674 'iiiii-323
403 2608 446 2664 Il.
464 2611 593 2664 95-117.
622 2608 782 2663 Tractatus
802 2609 981 2678 potamicus,
1007 2609 1095 2664 cuius
1122 2607 1293 2662 sententiae
1313 2606 1502 2675 principales

254 2678 314 2733 iam
334 2693 415 2733 anno
435 2678 577 2748 proximo
596 2694 626 2746 p.
644 2679 678 2733 84
697 2679 770 2748 (400)
793 2679 954 2747 expositae
974 2684 1057 2734 sunt.

359 2749 396 2813 S,
422 2749 468 2801 li's
488 2759 618 2818 houpooy
637 2765 654 2802 ο
673 2753 862 2803 uocrauomth
885 2752 963 2814 ubas
988 2749 1165 2804 uocnurauin
1193 2765 1233 2800 aa,
1252 2763 1436 2816 nyxosuems
1456 2761 1503 2798 ce·

254 2818 433 2885 nannapisx's.
470 2818 527 2885 (De
560 2817 742 2872 educatione
775 2817 805 2871 in
840 2818 1016 2872 seminariis
1053 2817 1247 2886 spiritalibus
1280 2814 1501 2879 reformanda),

255 2901 285 2956 p.
312 2889 456 2942 tto-789.
483 2887 615 2950 Quidam
644 2887 784 2942 deiectus
810 2889 1045 2942 seminariorum
1078 2893 1312 2941 enumerantur.
1346 2883 1499 2948 Eruditio,

254 2956 303 3010 cui
323 2955 704 3025 professor-esprovident,
718 2959 749 3010 et
762 2955 902 3010 educatio
922 2957 960 3010 ad
976 2956 1133 3011 seminarii
1146 2955 1308 3024 praesules
1328 2954 1499 3023 pertinens,

254 3024 347 3082 nimis
366 3027 447 3080 inter
466 3041 499 3080 se
519 3031 713 3096 separantur.
748 3021 890 3094 Exiguus
910 3041 1062 3081 numerus
1081 3025 1284 3079 educaturum
1311 3029 1430 3090 tractor,
1456 3023 1501 3075 in-

257 3101 381 3163 spector
408 3101 438 3150 et
465 3095 504 3150 ad
524 3110 683 3150 summum
713 3100 778 3150 tres
806 3096 1002 3162 assistentes)
1029 3096 1060 3150 in
1091 3096 1275 3160 seminariis,
1313 3108 1393 3162 quse
1416 3091 1501 3146 haud

254 3179 323 3220 raro
342 3165 381 3220 ad
402 3171 560 3220 sescentos
585 3164 730 3220 alumnos
756 3164 891 3234 hospitio
914 3166 1079 3230 excipiunt,
1104 3164 1208 3226 elficit,
1234 3170 1268 3218 ut
1294 3163 1435 3217 educatio
1460 3161 1501 3214 ad

257 3234 353 3289 solam
383 3235 501 3289 ordinis
529 3235 650 3290 externi
676 3235 901 3303 inspectionem
930 3235 1107 3290 necessario
1135 3233 1347 3302 restringatur.
1382 3231 1427 3285 lix
1445 3231 1499 3284 tali

255 3309 377 3359 externa
398 3309 517 3360 tantum
532 3305 682 3371 custodia,
701 3304 878 3358 diffidentia
892 3305 1147 3374 suspicionesque
1160 3311 1191 3358 et
1205 3302 1361 3357 simulatio
1380 3300 1501 3369 aliaque

256 3373 329 3428 vitia
356 3390 392 3430 eo
420 3373 540 3430 iacilius
561 3380 741 3440 nascuntur,
768 3373 851 3442 quod
873 3374 1107 3429 seminariorum
1128 3373 1248 3428 alumni
1268 3371 1502 3426 diversissimae

255 3445 363 3498 aetatis
382 3447 411 3512 (a
432 3446 471 3498 11.
491 3443 530 3498 311
550 3445 591 3498 25.
611 3445 740 3510 annum)
761 3443 861 3498 eidem
884 3443 1028 3513 regimini
1048 3443 1249 3498 subiciantur.
1270 3441 1336 3498 Tali
1357 3440 1449 3494 modo
1469 3440 1500 3494 in

255 3513 402 3568 omnibus
430 3513 495 3568 iere
522 3511 696 3567 seminariis
725 3517 843 3566 secreta
872 3518 903 3566 et
930 3512 1072 3582 specialis
1100 3513 1254 3582 quaedam
1285 3512 1348 3565 vita
1376 3511 1498 3564 interna

254 3583 396 3651 gignitur
415 3581 636 3637 educatoribus
662 3581 791 3640 inimica.
818 3597 898 3652 quae
917 3597 980 3637 non
1005 3584 1044 3637 ab
1079 3581 1302 3637 eruditissimis
1326 3596 1362 3635 ac
1382 3580 1500 3648 probis·

258 3652 344 3705 simis
371 3650 426 3706 sed
451 3652 490 3706 ab
513 3650 729 3732 audacissimis
754 3651 890 3706 alumnis
913 3651 1101 3776 plerumque
1119 3652 1289 3720 inspiratur
1303 3657 1333 3706 et
1346 3649 1505 3718 dirigitur.

258 3719 526 3776 Commendantur
551 3720 686 3789 dentque
713 3721 938 3775 emendationis
965 3722 1091 3776 consiia
1116 3737 1154 3775 ex
1180 3721 1358 3776 defectibus
1377 3733 1502 3774 enurne

259 3791 334 3845 ratis
354 3789 441 3844 iacile
460 3789 644 3844 conicienda.

362 3859 397 3914 N.
417 3859 599 3928 Saharov,
623 3859 739 3929 Ouepun
766 3858 960 3928 penurioauoii
985 3877 1089 3914 musas
1114 3879 1154 3913 ns
1183 3862 1341 3930 l‘epmaniu.
1373 3859 1502 3927 (Adum-

257 3928 360 3985 bratio
374 3929 454 3983 vitae
468 3928 630 3998 religiosae
642 3928 673 3983 in
687 3929 875 3997 Germania),
895 3945 914 3998 p
937 3932 988 3985 790
1001 3933 1082 3985 -818,
1102 3931 1223 3995 Auctor,
1244 3929 1298 3998 qui
1310 3934 1373 3983 tam
1391 3927 1501 3984 Catho-

257 3999 386 4054 licorum
401 4013 495 4067 quam
511 3999 755 4053 Protestantium
775 4013 966 4068 congressus
983 3999 1147 4069 religiosos
1165 3999 1259 4068 princi
1283 3999 1361 4052 alem
1381 3998 1501 4051 iontem

255 4083 328 4123 esse
346 4072 521 4137 praesentis
541 4068 621 4122 ritae
641 4068 867 4123 Germanorum
893 4067 1055 4137 religiosae
1080 4015 1316 4136 cognoscendae
1335 4066 1501 4130 existimat,

257 4139 297 4192 de
325 4137 478 4192 eiusmodi
507 4153 564 4191 con
590 4138 731 4192 ressibus
760 4143 911 4192 autumno
931 4137 1003 4192 anni
1030 4140 1098 4192 19111
1127 4138 1157 4192 in
1189 4137 1357 4192 Germania
1387 4136 1502 4191 habitis

258 4208 364 4270 refert,
391 4205 486 4276 idque
512 4210 535 4260 1.
560 4153 599 4262 (ᾗ
624 4209 666 4262 51.
692 4206 921 4263 catholicorum
949 4222 1123 4277 congressu
1151 4208 1289 4276 generali
1318 4207 1505 4261 Ratisbonae

256 4276 370 4331 diebus
389 4278 500 4330 21-25.
526 4277 660 4346 Augusti
688 4276 803 4342 habit0,
834 4277 858 4329 2.
885 4275 924 4330 de
951 4280 991 4332 17.
1025 4277 1154 4332 renerali
1185 4277 1326 4331 sessione
1354 4273 1504 4330 Foederis

257 4345 429 4416 evangelici
448 4345 706 4427 (Evangelischer
726 4344 839 4425 Bundt·
857 4344 997 4401 Dresdae
1016 4296 1128 4402 diebus
1147 4349 1216 4401 3-6
1236 4345 1391 4408 Octobris,
1420 4348 1443 4400 3.
1464 4345 1504 4398 de

257 4417 299 4470 57.
320 4414 458 4482 generali
488 4418 629 4470 sessione
677 4419 896 4470 rotestantrcae
921 4416 1079 4472 societatis
1099 4417 1233 4472 Gustavi
1252 4415 1358 4470 hdolii
1379 4414 1503 4469 Heidel-

259 4485 374 4554 bergae
393 4484 505 4539 diebus
525 4487 637 4541 20-22.
654 4432 852 4554 sseptembrts
873 4484 987 4540 habita.

362 4557 395 4609 A.
415 4553 616 4610 Golubcov
636 4555 701 4615 (Nr.
714 4559 751 4620 5),
772 4557 794 4608 0
816 4571 977 4621 nmxouaxs
990 4575 1026 4610 ua
1042 4573 1113 4610 socr<
1135 4573 1257 4610 ccusix's
1277 4557 1409 4624 seucpub
1423 4571 1442 4606 n
1455 4571 1505 4623 yr-

235 4627 335 4693 ⁸peut
362 4643 400 4677 su,
428 4622 557 4694 ,upesuei‘i
584 4626 659 4695 Pycu
687 4643 704 4677 11
729 4642 788 4677 11111,
816 4628 1068 4692 11101110111911111.
1101 4575 1157 4694 (ΒΘ
1186 4623 1442 4694 processionibus
1469 4622 1504 4678 in
