3450 5342
866 433 907 443 -
935 405 994 458 ltili
1019 433 1059 442 —

337 589 452 660 liberat,
490 611 555 649 esse
593 592 777 663 „suaviorem
810 610 899 668 quam
923 593 1102 657 vedorem“;
1137 590 1277 668 epistolas
1304 591 1377 658 eius,
1413 593 1595 648 nominatim

338 681 473 756 primam,
500 697 622 751 „revera
644 697 766 736 erronea
787 679 956 736 continere“
971 671 1022 754 ³⁶),
1057 697 1123 736 cnm
1148 673 1309 753 alibiw)
1332 691 1462 746 asserat,
1498 677 1596 734 Hono

340 766 416 822 rium
443 763 599 836 „obscure“
627 763 756 842 quidem,
779 774 810 822 at
833 783 892 822 nou
920 764 1103 836 „haeretice‘
1131 766 1306 841 cogitasse“.

446 850 718 910 Contradictionem
733 852 790 908 viri
806 853 986 910 meritissimi
1004 861 1033 910 et
1049 851 1204 910 clarissimi
1223 853 1282 908 iam
1298 853 1418 908 notavit
1444 851 1473 908 O
1483 851 1550 908 olo
1560 871 1598 906 m-

341 937 424 996 bier
437 933 487 1019 ³⁷).
521 939 578 997 Est
600 936 720 1016 quidem
748 957 801 1016 per
823 957 855 996 se
879 947 910 996 ut
933 940 990 1016 ipsi
1021 937 1203 996 ostendimus
1225 936 1306 996 alind
1330 937 1480 1004 haeresis,
1517 937 1597 994 aliud

342 1045 429 1095 error,
462 1036 494 1083 at
516 1024 595 1103 quod
628 1026 681 1082 soli
711 1025 874 1096 „claritati“
902 1027 1065 1104 opponitur,
1100 1023 1167 1082 ideo
1190 1023 1320 1084 nondum
1354 1045 1522 1082 erroneum
1548 1039 1598 1081 est.

341 1111 466 1190 ideoque
489 1113 514 1170 si
537 1110 696 1170 secundum
720 1111 828 1170 llefele
860 1126 890 1185 et
913 1111 1072 1172 secundum
1097 1113 1190 1189 ipsam
1214 1113 1256 1170 rei
1279 1114 1450 1177 veritatem,
1489 1110 1599 1168 doctri-

342 1219 411 1257 nam
433 1201 528 1276 ipsam
553 1197 631 1277 quod
653 1208 775 1276 spectat,
807 1200 926 1257 unicum
951 1199 1077 1258 Honorii
1111 1201 1215 1256 vitium
1249 1197 1413 1256 obscuritas
1444 1213 1504 1268 est.
1542 1219 1599 1256 nou

340 1286 435 1344 solnm
457 1305 517 1344 nou
532 1285 687 1356 haeresim,
711 1295 811 1363 utpote
833 1287 864 1344 in
889 1306 919 1344 re
942 1285 1072 1344 nondum
1096 1284 1226 1349 definita
1250 1283 1315 1343 sed
1339 1306 1472 1362 neque
1498 1307 1601 1343 erro-

343 1393 419 1430 rem
444 1374 600 1430 commisit.

446 1457 533 1517 Unde
548 1459 654 1518 melius
670 1461 728 1516 iam
745 1468 814 1516 ante
831 1459 938 1517 Hcsele
955 1461 1071 1537 scripsit
1096 1457 1332 1517 Alexander
1355 1458 1432 1516 Nat
1443 1478 1464 1516 a
1475 1459 1532 1516 lis
1546 1455 1601 1516 ³⁸t:

346 1545 514 1615 „Honorius
548 1543 585 1604 ab
608 1546 725 1604 haeresi
747 1556 905 1604 excusatur
927 1555 1004 1604 tam
1034 1566 1125 1604 vere
1149 1565 1258 1624 quam
1280 1547 1373 1624 pie'·'.
1407 1544 1462 1602 ubi
1489 1549 1602 1624 pariter

342 1633 487 1690 haeresim
510 1632 615 1691 latiore
638 1653 726 1690 sensu
748 1634 845 1702 sumit,
878 1633 1100 1711 llcncrinmque
1125 1653 1183 1691 nou
1207 1633 1300 1690 solnm
1324 1629 1389 1690 ideo
1413 1631 1454 1689 ah
1482 1631 1602 1692 haeresi

339 1729 471 1790 excusat,
504 1718 582 1798 quod
606 1739 733 1777 errorem
763 1717 841 1777 bona
871 1719 930 1778 fide
953 1720 1107 1798 amplexus
1130 1722 1177 1790 sit,
1212 1718 1264 1777 sed
1287 1721 1376 1778 etiam
1402 1718 1483 1784 ideo.
1522 1719 1600 1800 quod

286 1825 302 1854 ⁴·
340 1809 404 1865 eins
426 1807 569 1885 epistolae
591 1806 767 1884 simpliciter
788 1817 818 1863 et
840 1804 987 1865 obiective
1022 1827 1109 1865 sensu
1133 1805 1277 1866 catholico
1310 1805 1456 1884 explicari
1484 1811 1601 1884 possint

342 1904 371 1952 et
394 1893 461 1950 ideo
483 1892 620 1958 debeant,
654 1913 721 1951 cum
743 1913 822 1950 error
844 1896 969 1972 supponi
994 1915 1053 1952 non
1076 1892 1191 1964 debeat,
1229 1893 1282 1952 sed
1304 1891 1431 1971 probari.
1481 1893 1600 1952 Eodem

342 1980 429 2039 modo
446 1978 643 2058 intelligenda
659 1990 728 2038 sunt
743 1979 835 2038 uerba
850 1980 900 2039 Co
911 1981 920 2038 l
931 2001 947 2039 o
957 1979 1088 2053 mbier‚
1112 1979 1267 2039 liberantis
1290 1999 1328 2041 sc.
1341 1980 1515 2040 Honorinm
1542 2003 1601 2040 non

341 2078 456 2126 tantum
480 2067 517 2125 ab
541 2067 657 2125 haeresi
679 2069 796 2145 proprie
818 2065 907 2139 dicta,
931 2087 1032 2126 verum
1056 2070 1145 2126 etiam
1170 2065 1207 2124 ab
1230 2087 1326 2125 errore
1349 2070 1379 2124 in
1404 2089 1435 2124 re
1463 2068 1599 2128 nondum

342 2153 477 2212 delinita:
506 2154 676 2233 „llpistolae
694 2154 819 2212 Honorii
839 2153 1021 2213 orthodoxae
1044 2163 1125 2214 snut:
1149 2154 1222 2212 haec
1245 2155 1392 2212 conclusio
1416 2153 1513 2214 hodie
1539 2155 1600 2214 fera

343 2241 381 2298 ab
405 2241 540 2300 omnibus
574 2240 748 2309 admittitur,
782 2243 832 2320 qni
855 2243 916 2319 apti
941 2251 1016 2312 sunt,
1051 2251 1082 2300 ut
1106 2240 1161 2298 sibi
1186 2243 1242 2320 ipsi
1265 2241 1302 2298 dc
1330 2249 1391 2298 tota
1417 2245 1600 2318 quaestione

344 2327 485 2390 indicium
510 2328 653 2386 forment“
667 2323 722 2402 ³⁹).

449 2417 497 2472 22.
526 2416 630 2492 Neque
654 2417 684 2472 in
702 2437 740 2478 ro.
764 2434 851 2492 quam
869 2416 924 2492 ipsi
949 2417 1120 2473 examinare
1143 2435 1303 2492 possumus.
1327 2415 1452 2472 aliorum
1481 2415 1601 2493 indige

344 2522 409 2559 mus
443 2501 663 2560 assertionibus.
708 2501 861 2580 Epistolae
895 2505 974 2559 enim
1008 2504 1090 2579 ipsae
1114 2501 1249 2569 Honorii,
1286 2502 1356 2559 licet
1390 2501 1600 2561 defectum

344 2588 518 2667 aliquem
543 2589 750 2647 claritatis
774 2591 813 2646 in
835 2598 963 2647 mente
986 2589 1156 2647 Honorii
1180 2603 1305 2666 arguant
1328 2599 1357 2646 et
1376 2604 1601 2668 cousequenter

343 2678 379 2734 in
402 2676 512 2735 modo
542 2675 688 2753 agendi
724 2686 760 2734 et
793 2675 982 2752 loquendi
1018 2677 1103 2734 eins
1137 2675 1426 2734 titubationem
1461 2677 1601 2756 aliquam

342 2759 522 2841 prodant40),
539 2762 576 2821 ad
600 2783 678 2820 rem
702 2762 779 2842 quod
795 2772 910 2840 spectat
934 2761 1038 2821 nihil
1062 2763 1202 2821 laisum
1225 2765 1379 2828 enuntiant
1391 2773 1422 2820 et
1435 2766 1602 2824 veritatem

343 2853 437 2928 ipsam
473 2849 714 2908 catholicam
748 2849 784 2906 de
819 2849 969 2908 duabus
1003 2852 1033 2908 in
1059 2850 1178 2909 Christo
1212 2849 1413 2908 voluntatibus
1438 2851 1602 2910 exhibent.

447 2935 497 2994 Ad
525 2940 621 3010 „rem“
649 2936 727 3016 quod
750 2947 871 3015 spectat,
905 2936 983 3008 dico;
1016 2958 1084 2995 nam
1113 2937 1238 3011 „verba“
1265 2939 1395 3014 praecise
1420 2935 1603 2996 obscuri-

343 3025 442 3081 tatis
466 3022 551 3084 sedes
574 3037 650 3093 sunt,
686 3027 729 3082 ita
750 3032 782 3081 nt
804 3023 887 3083 labor
910 3023 1030 3103 quidam
1065 3035 1093 3082 et
1117 3024 1238 3083 reflexio
1261 3026 1427 3103 requiratur
1449 3023 1493 3082 ad
1518 3047 1601 3104 per-

343 3110 581 3188 cipiendum,
617 3110 803 3189 quidnam
826 3111 887 3170 illis
920 3110 1020 3170 verbis
1052 3112 1201 3170 Honorius
1234 3109 1332 3168 dicere
1365 3111 1514 3170 voluerit:
1550 3113 1601 3172 nbi

342 3199 468 3277 primum
492 3219 563 3256 vero
585 3219 637 3276 per
660 3197 847 3257 obscurorum
869 3196 1025 3257 verborum
1048 3197 1152 3256 durum
1183 3201 1320 3257 corticem
1348 3196 1386 3255 sd
1409 3217 1474 3256 rem
1502 3202 1602 3278 ipsam

264 3325 267 3328 -
342 3287 527 3364 pertingitur,
551 3305 639 3364 quarn
663 3285 722 3344 illis
745 3284 844 3342 verbis
868 3286 1034 3363 siguificare
1051 3285 1122 3358 vult,
1146 3285 1202 3344 nil
1227 3286 1309 3344 nisi
1333 3284 1600 3350 catholicum.

341 3374 537 3445 verissimum,
571 3375 649 3430 etsi
682 3393 756 3430 non
788 3372 833 3431 ad
856 3393 940 3444 rem,
972 3371 1017 3430 de
1040 3393 1114 3450 qua
1148 3371 1353 3430 obiective
1384 3371 1600 3449 agebatur.

342 3460 609 3518 dirimendam
643 3471 773 3537 aptum
806 3462 969 3534 invenitur3
1008 3457 1198 3538 quomodo
1233 3480 1303 3518 vero
1337 3459 1445 3517 factum
1480 3462 1531 3530 sit,
1568 3475 1599 3519 nt

343 3547 444 3605 alibi
467 3548 626 3626 proprie
650 3545 796 3605 dictum
820 3547 963 3606 vulnus
987 3557 1102 3618 esset,
1131 3546 1233 3605 alibi
1257 3545 1301 3604 ab
1326 3546 1509 3604 Honorio
1535 3550 1598 3606 im-

342 3637 472 3713 perito
496 3634 645 3694 medico
668 3633 866 3692 medicina
889 3632 1157 3706 adhiberetur,
1180 3633 1406 3713 explicationem
1431 3635 1597 3712 simplicis-

343 3723 448 3780 simam
472 3721 581 3780 hahere
604 3742 642 3780 ex
666 3721 856 3798 sequentibus
879 3721 960 3780 nullo
984 3723 1102 3799 negotio
1124 3719 1246 3799 patebit.

430 3875 472 3953 A)
495 3878 567 3934 Cur
589 3878 772 3936 terminis
795 3876 955 3936 duarum
979 3879 1256 3956 operationum
1279 3887 1315 3935 et
1338 3875 1503 3934 duarum

706 3963 959 4023 voluntatum
983 3985 1059 4022 non
1083 3973 1224 4022 utatur.

449 4085 498 4140 23.
532 4083 582 4141 Ad
608 4084 816 4143 obscuritatem
850 4089 881 4143 in
911 4085 980 4144 solis
1005 4084 1103 4144 verbis
1137 4083 1316 4144 residentem
1339 4085 1474 4162 pertinet,
1513 4084 1593 4163 quod

341 4171 493 4229 Honorius
515 4169 624 4249 dogma
645 4171 823 4231 catholicum
845 4193 918 4230 non
941 4175 1129 4230 enuntiat
1158 4173 1330 4230 termino
1354 4180 1498 4229 natura
1521 4191 1593 4229 sna

390 4357 416 4394 ³⁶
445 4360 516 4414 ibid.
539 4359 597 4413 170.

390 4429 402 4464 ³
445 4431 515 4484 ibid.
535 4430 595 4484 152.

390 4499 415 4534 ³⁷
446 4490 753 4555 decalescente
769 4497 852 4551 Nota.

390 4567 427 4776 ἐξ
445 4572 480 4624 Η.
498 4572 530 4623 E.
552 4569 583 4622 V.
602 4567 663 4622 522.

390 4639 415 4674 ³⁹
446 4629 558 4693 iltudes
577 4637 647 4692 1780
664 4639 684 4691 Ι.
703 4637 755 4691 373
774 4639 837 4691 coll.
858 4635 910 4690 270
928 4651 989 4704 sqq.

388 4707 415 4742 ⁴⁰
444 4710 484 4762 Ci.
504 4711 645 4776 Grisar,
663 4703 949 4762 kirchen-lerinum
967 4707 1012 4760 vl.
1032 4705 1084 4760 243
1104 4721 1125 4759 s.
