3450 5342
869 448 1058 504 -170—

343 638 494 716 hucusque
518 640 673 715 pertineat,
696 636 785 695 facile
809 638 961 694 conicitur.
986 633 1073 694 l'nde
1097 634 1230 712 singulae
1254 655 1299 691 res
1322 635 1490 710 organicae.
1518 633 1589 691 haec

338 725 431 803 sagus,
454 724 506 783 ille
528 744 621 803 equus
643 726 792 803 propriam
816 721 946 781 indolem
970 724 1127 800 accipiunt,
1151 724 1233 779 cuius
1256 719 1374 799 quidem
1391 722 1474 796 origo
1492 720 1589 797 legem

340 815 472 890 sequitur
494 810 531 869 de
561 812 654 869 variis
677 812 758 891 typis
788 808 1012 887 coniungendis,
1036 808 1088 867 sed
1111 809 1283 886 plerumque
1313 828 1367 866 nos
1397 807 1479 865 latet.
1514 808 1589 865 Cum

339 920 417 977 apex
451 898 515 957 folii
549 897 675 956 Blechni
713 900 836 976 Spicant
869 899 901 955 in
936 895 1010 955 duas
1043 907 1142 975 partes
1176 894 1327 965 dividitur,
1360 894 1479 953 facilius
1518 894 1590 952 haec

340 985 502 1044 declinatio
532 985 636 1043 saltem
660 983 698 1042 ab
722 987 839 1043 interna
873 1004 962 1043 causa
996 984 1144 1061 repetitur,
1173 980 1250 1061 quod
1281 982 1434 1039 inferiores
1458 981 1590 1061 Crypto

338 1092 444 1149 gamae
466 1071 624 1131 frondosae
647 1073 713 1149 lege
734 1071 941 1149 bipartiuntur,
965 1080 994 1129 et
1017 1069 1182 1128 Blechnum
1206 1090 1244 1127 ex
1262 1072 1305 1127 eis
1324 1068 1424 1126 formis
1439 1080 1495 1135 est,
1513 1088 1588 1147 quae

339 1160 487 1237 relapsum
509 1158 547 1217 de
570 1179 685 1218 summa
714 1160 841 1217 l'ilieum
875 1158 1043 1216 evolutione
1074 1176 1108 1214 ac
1131 1156 1311 1235 perfectione
1342 1154 1497 1215 exhibent.
1523 1156 1588 1213 Hac

340 1248 454 1304 ratione
482 1256 563 1325 patet
592 1248 681 1304 etiarn
704 1248 736 1305 iu
759 1244 953 1304 varietatibus
977 1247 1008 1303 in
1039 1256 1175 1303 nostra
1204 1263 1300 1301 rerum
1334 1243 1587 1321 contemplatione

340 1336 481 1391 momenti
503 1333 617 1411 aliquid
633 1334 703 1412 poni
719 1332 756 1391 ad
774 1352 869 1391 rerum
887 1332 1064 1391 naturalium
1087 1332 1287 1408 coguitionem
1303 1341 1334 1387 et
1348 1330 1588 1408 explicationem.

445 1440 482 1526 b)
506 1445 596 1504 Haud
619 1446 706 1505 aliter
728 1466 764 1503 ea
785 1444 902 1504 obiecta
924 1443 1103 1523 explicanda
1125 1442 1211 1501 nobis
1242 1442 1381 1501 videntur
1410 1462 1485 1510 esse,
1511 1462 1586 1521 quae

339 1532 393 1591 sub
428 1535 547 1591 nomine
577 1535 716 1591 atavismi
749 1533 846 1591 afferri
878 1533 982 1601 solent,
1016 1532 1098 1589 velut
1128 1530 1368 1610 hypertrichosis,
1406 1528 1588 1608 polymastia

339 1619 476 1680 hominis.
499 1622 595 1677 trinae
617 1640 757 1699 equorum
773 1620 901 1697 ungulae
924 1628 978 1677 etc.
995 1618 1053 1695 (cf.
1071 1619 1166 1676 Natur
1181 1638 1207 1676 u.
1224 1615 1339 1677 Offeub.
1356 1616 1459 1685 XLV,
1479 1621 1495 1674 1
1515 1626 1587 1687 ete.;

341 1706 602 1785 Philosophisehes
625 1706 783 1767 Jahrbuch
806 1705 858 1764 der
881 1703 1181 1783 (lorresgesellschaft
1208 1706 1298 1777 1897,
1323 1706 1383 1761 367
1408 1704 1475 1779 etc.)

444 1818 477 1901 C)
502 1818 560 1878 Sed
584 1819 751 1879 rudimenta
773 1820 821 1878 rel
845 1820 988 1897 reliquiae
1011 1838 1185 1896 organorum
1209 1817 1329 1875 inutiles
1349 1837 1450 1903 ponne
1465 1815 1587 1874 decreta

340 1906 414 1964 baec
437 1905 633 1985 pervertunt?
657 1906 842 1965 l'eltantum
866 1906 957 1976 abest,
979 1915 1011 1964 ut
1034 1908 1077 1963 eis
1100 1904 1334 1963 labefactentur:
1357 1902 1585 1981 comprobantur

340 1995 439 2062 etiarn,
462 2004 494 2051 nt
517 2014 606 2072 supra
628 1994 870 2070 significavimus.
895 1994 1011 2069 Anguis
1035 1992 1149 2069 fragilis
1173 2004 1288 2070 practer
1318 2001 1446 2049 stcruum
1477 1990 1585 2048 inutile

339 2080 447 2158 pedum
470 2080 611 2159 reliquias
634 2080 687 2139 snb
710 2091 775 2138 cute
798 2100 898 2139 crassa
928 2082 1047 2138 omnino
1078 2079 1198 2137 inutiles
1229 2076 1326 2146 habet,
1357 2076 1461 2155 quibus
1485 2098 1525 2134 ne
1548 2075 1584 2133 ad

339 2166 521 2226 fulciendum
544 2168 663 2246 quidem
686 2188 790 2245 corpus
814 2170 855 2224 uti
879 2178 976 2245 queat..
999 2167 1113 2225 Dentes
1137 2167 1277 2223 incisores
1300 2167 1332 2222 in
1355 2163 1480 2222 foetibus
1497 2165 1585 2221 artio-

338 2253 523 2334 dactylorum
554 2257 773 2325 ruminantium,
796 2254 860 2311 alae
878 2264 978 2312 curtae
994 2255 1157 2333 Apterygis
1180 2253 1325 2323 australis,
1360 2252 1584 2328 Balanophorac

337 2341 493 2419 elongatae
516 2342 662 2419 superflua
685 2362 796 2418 organa
818 2343 1048 2419 propagationis,
1071 2341 1145 2397 oculi
1171 2340 1251 2397 caeci
1275 2339 1446 2397 animalium
1470 2337 1585 2395 subter-

336 2448 501 2498 raneorum,
531 2429 660 2487 hominis
690 2430 863 2487 intestinum
896 2448 1022 2495 caecum,
1054 2428 1182 2506 thymus,
1215 2426 1337 2483 musculi
1361 2424 1399 2482 ad
1423 2424 1583 2482 movendas

336 2516 490 2583 auriculas,
525 2518 581 2593 ipsi
606 2516 704 2574 vultus
737 2517 804 2573 irati
828 2528 924 2573 motus
959 2514 1128 2593 thiebeu,
1163 2511 1322 2571 Leitfaden
1345 2511 1397 2570 der
1419 2511 1584 2590 physiolog.

337 2602 476 2681 Psyclrol.
501 2623 528 2679 p.
553 2602 693 2679 aru-2)
717 2603 816 2660 aliena
838 2622 903 2659 esse
926 2622 944 2659 a
967 2602 1090 2660 consilio
1113 2600 1258 2669 ridentur,
1282 2598 1390 2658 idonea
1421 2599 1489 2657 olim
1519 2618 1582 2656 esse

339 2691 478 2767 potuisse.
501 2687 561 2764 (Cf.
585 2689 719 2747 Babdk
743 2711 770 2767 p.
794 2692 942 2754 43-to;
976 2690 1110 2746 112-3.
1136 2722 1174 2729 —
1199 2686 1499 2757 Wiederslreim,
1524 2686 1583 2743 Der

340 2776 404 2833 Bau
427 2777 479 2835 des
512 2777 675 2835 Menschen
698 2778 742 2834 als
765 2778 894 2853 Zeugnis
926 2776 972 2833 tur
1004 2778 1085 2833 seine
1118 2774 1360 2851 l'ergangenheit
1394 2776 1472 2832 1887
1507 2771 1581 2852 etc).

339 2863 496 2921 Accedunt
519 2864 654 2922 homines
677 2864 896 2941 microccphali,
930 2865 1056 2921 varietas
1078 2862 1201 2921 musculi
1234 2860 1366 2939 bicipitis
1390 2858 1522 2941 (triceps)
1545 2858 1581 2916 ed

340 2952 449 3007 Simiae
472 2950 625 3022 accedeus,
649 2963 678 3009 nt
702 2951 791 3009 villos
813 2953 956 3009 omittam.

444 3054 553 3112 Verum
577 3058 633 3113 ista
655 3057 756 3113 omnia
785 3065 999 3123 enumerantes
1028 3074 1078 3111 cur
1101 3062 1198 3111 tacent
1223 3051 1258 3111 de
1282 3051 1350 3110 aliis
1373 3051 1458 3109 rebus
1480 3051 1582 3109 simili-

339 3137 416 3198 bus?
461 3140 547 3216 Quod
589 3143 675 3199 calva
716 3144 899 3200 incremento
940 3140 1083 3219 impedito
1126 3142 1249 3198 formam
1293 3141 1394 3197 cronio
1434 3140 1579 3196 sirniamm

340 3228 466 3285 similem
499 3231 664 3286 necessario
687 3228 784 3287 induit
806 3229 852 3296 (C.
885 3228 1004 3307 Aeby,
1039 3229 1097 3285 Die
1110 3226 1324 3286 ‘b‘chttdelform
1348 3226 1399 3284 des
1423 3225 1579 3283 Menschen

341 3314 401 3373 und
425 3315 478 3373 der
500 3317 597 3376 Ati'en.
632 3316 757 3393 Leipzig
793 3319 884 3386 1867,
908 3337 934 3394 p.
960 3318 1021 3391 at),
1054 3336 1113 3373 nou
1145 3325 1189 3371 est
1220 3316 1307 3372 unica
1340 3312 1511 3371 detorruitas
1532 3332 1579 3369 ex-

340 3402 487 3480 plicanda.
513 3401 599 3478 Quod
632 3422 700 3460 vero
725 3404 866 3461 animalia
890 3403 942 3460 illa
965 3422 1052 3460 caeca
1084 3422 1143 3459 nou
1167 3403 1230 3459 sine
1258 3400 1350 3458 oculis
1381 3410 1478 3459 creata
1509 3408 1579 3469 sunt,

341 3510 428 3547 nemo
462 3490 591 3568 prudens
626 3488 789 3558 mirabitur,
824 3492 873 3567 qui
910 3489 1035 3547 idealem
1072 3488 1228 3547 formarum
1265 3487 1461 3545 evolutionem
1497 3486 1579 3543 latius

338 3587 440 3653 patere
463 3598 551 3655 quam
575 3598 673 3635 merae
702 3577 840 3635 utilitatis
875 3580 1018 3635 rationem
1053 3575 1202 3651 iutelligit,
1237 3585 1269 3631 ut
1302 3574 1404 3632 sileam
1440 3593 1576 3650 organum

338 3684 468 3742 unquam
492 3663 559 3722 ideo
582 3685 768 3734 evanescere,
791 3662 870 3743 quod
893 3666 984 3722 otium
1007 3665 1034 3720 ci
1058 3665 1252 3741 permittatur,
1275 3663 1479 3739 experimento
1502 3659 1576 3717 nullo

339 3751 529 3828 comprobari,
554 3752 613 3809 illis
636 3752 781 3830 exemplis
805 3753 918 3809 revinci
941 3750 987 3831 (C.
1011 3750 1058 3820 H,
1082 3752 1258 3808 Autwortcn
1282 3747 1334 3805 der
1357 3748 1459 3815 Natur,
1476 3769 1503 3826 p.
1520 3747 1576 3823 61).

339 3837 419 3895 Dein
442 3839 569 3915 intelligi
594 3841 704 3917 nequit,
739 3860 790 3896 cur
812 3839 944 3916 perfecta
966 3858 1078 3915 organa
1100 3836 1138 3895 ad
1162 3834 1329 3895 rudimenta
1362 3834 1482 3893 reducta
1506 3836 1576 3892 siut:

340 3944 390 3981 eur
413 3927 491 3982 euim
509 3924 731 4004 Nymplralidae
754 3925 878 4004 pedibus
895 3927 1002 3982 enticis
1017 3926 1222 3993 renuntiarint,
1240 3922 1365 4001 Diptera
1382 3922 1437 3980 alis
1454 3923 1576 3999 posticis,

339 4030 390 4067 eur
414 4012 520 4089 [ipupa
542 4012 674 4088 linguam
698 4026 856 4089 aspernata
879 4012 940 4070 sit‘?

443 4110 483 4195 d)
497 4116 560 4172 lam
574 4114 611 4172 ad
624 4125 845 4191 argumentans
857 4115 1061 4195 embryologia
1077 4112 1236 4171 secundum
1253 4112 1349 4189 legem
1366 4110 1576 4189 biogeueticam

339 4222 357 4259 a
379 4202 428 4259 Fr.
452 4201 576 4260 Mttllcro
609 4202 683 4280 (1111·
704 4204 836 4271 Darwiu,
868 4203 993 4281 Leipzig
1019 4202 1109 4271 111113,
1132 4222 1159 4277 p.
1185 4200 1325 4277 tro—at)
1352 4200 1530 4277 propositam
1552 4207 1577 4254 et

339 4309 357 4346 a
380 4289 496 4347 Htickel
520 4299 733 4367 propugnatam
756 4289 844 4347 dueta
868 4287 1084 4347 consideranda
1111 4286 1326 4364 aggrediamur.
1351 4286 1462 4343 Dicunt
1485 4285 1577 4343 erolu-

337 4378 447 4433 tionem
472 4378 571 4454 stirpis
595 4386 776 4455 amputatam
799 4380 892 4454 repeti
916 4379 946 4433 in
971 4375 1139 4433 evolutione
1163 4372 1330 4445 individui3
1354 4386 1488 4430 constare
1504 4373 1576 4429 enim

338 4465 502 4521 animantia
537 4465 650 4533 altiora,
674 4462 743 4521 dum
767 4464 951 4531 evolvantur,
986 4483 1154 4540 percurrere
1189 4460 1306 4531 formas,
1341 4480 1417 4537 quae
1450 4462 1482 4516 iu
1516 4458 1575 4515 aliis

338 4550 527 4608 inferioribus
561 4560 763 4629 permancant.
795 4552 829 4608 Iu
859 4553 993 4628 germine
1027 4552 1156 4607 Aeneiae
1191 4547 1362 4623 longifoliac
1397 4548 1479 4603 nasci
1513 4544 1576 4603 folia

337 4640 463 4717 pinnata
486 4637 634 4717 (Babak
657 4659 684 4716 p.
708 4638 771 4715 48),
794 4639 906 4695 Arium
930 4636 1106 4716 embryoues
1129 4634 1219 4714 pedes
1243 4632 1352 4693 habere
1367 4635 1463 4711 magis
1479 4634 1575 4691 articu-

337 4725 420 4796 latos,
444 4725 548 4803 quales
580 4737 712 4783 auctores
742 4726 860 4803 generis
894 4745 992 4782 eorum
1025 4723 1182 4781 habuerint
1206 4720 1361 4802 (Babdk,
1385 4742 1411 4799 p.
1436 4716 1574 4791 39-40).
