3450 5342
661 426 880 481 ·-1;·›5-

152 613 239 681 haec,
263 615 385 690 quaein
402 623 519 670 nostrae
543 613 718 671 humilitatis
741 614 926 671 confessione
949 616 1144 678 continenter,
1169 613 1320 672 nobiscum
1347 617 1407 675 sin-

150 702 261 758 ceriter
283 699 454 777 praedicare
476 698 633 766 desiderat,
657 712 688 757 ut
711 711 828 758 nostrae
852 701 1032 778 apostolicae
1056 700 1158 758 fidei
1183 699 1352 770 crrncordes,
1376 713 1406 760 nt

152 785 386 855 consacerdotes,
409 799 442 844 ιιι
463 788 679 845 comministros
703 786 835 845 eiusdem
858 785 928 846 fidei
952 797 989 850 ot,
1013 797 1044 845 nt
1064 788 1240 865 simpliciter
1263 787 1409 860 dicamus,

153 884 188 932 ut
211 873 359 952 spiritales
382 873 487 931 fratros
502 885 531 932 et
546 876 733 952 coepiscopos
749 886 864 933 nostros
887 876 1070 953 suscipimus.
1094 873 1168 950 Qui
1193 895 1287 933 vero
1312 875 1409 934 haec

154 961 349 1019 confiteri
383 961 598 1031 noluerint,
642 973 679 1019 ut
714 961 889 1020 infestos
913 962 1148 1020 catholicae
1173 973 1291 1040 atque
1325 983 1410 1040 apo·

157 1048 332 1106 stolicae
365 1047 631 1118 confessioni,
671 1059 891 1125 perpetuae
929 1047 1284 1108 condemnationis
1322 1069 1410 1108 reos

157 1155 224 1193 esse
247 1153 408 1200 censemus,
431 1154 485 1192 nec
508 1133 667 1212 aliquando
690 1137 764 1193 tales
787 1137 819 1193 iu
843 1145 959 1194 nestrae
984 1136 1159 1196 humititatis
1183 1137 1308 1213 collegio
1333 1139 1409 1194 nisi

158 1229 339 1280 correctos
362 1223 510 1298 suscipere
533 1224 678 1300 patimur“
694 1218 738 1299 Ἡ)

264 1307 339 1366 Cum
363 1307 469 1386 quibus
492 1307 591 1366 verbis
615 1309 688 1366 haec
716 1309 775 1368 alia
803 1310 956 1368 Honorii
990 1309 1019 1366 in
1052 1309 1109 1366 tine
1142 1309 1285 1386 epistolae
1309 1310 1407 1368 confe-

157 1395 252 1454 renda
274 1405 350 1455 sunt.
377 1395 479 1468 ,Licet
495 1415 561 1452 curn
577 1398 620 1453 eis
643 1415 715 1474 qnos
738 1397 905 1474 praedictus
932 1397 1022 1454 frater
1044 1406 1074 1454 et
1097 1398 1286 1474 coepiscopus
1311 1403 1410 1454 noster

157 1483 241 1540 misit
269 1482 458 1559 Sophronius,
492 1485 675 1558 egerimus,
707 1503 745 1540 ne
777 1483 900 1542 duarrtm
938 1485 1140 1562 operationum
1176 1483 1407 1561 appellationem

156 1569 300 1646 deinceps
326 1581 461 1646 pergeret
487 1568 674 1647 praedicare:
709 1570 788 1648 quod
816 1570 937 1648 quidem
960 1571 1079 1628 omnine
1103 1572 1300 1648 promiserunt
1324 1591 1407 1648 prae·

156 1655 269 1714 dictum
301 1658 397 1714 virum
430 1677 495 1714 esse
527 1657 679 1721 facturum,
712 1659 742 1715 si
766 1661 870 1736 Cyrus,
907 1651 996 1716 frater
1029 1667 1128 1715 noster
1156 1671 1185 1714 et
1208 1659 1408 1736 coepiscopus,

156 1743 275 1802 desinat
297 1741 395 1800 dicere
418 1763 507 1801 unam
529 1747 764 1820 operationem:
803 1748 912 1821 ,agit⁴
941 1754 1063 1814 tantum,
1099 1743 1329 1803 conditiones
1358 1744 1409 1802 ad-

158 1831 260 1888 mittit.
283 1830 331 1886 Ex
348 1849 407 1908 qua
429 1833 649 1908 comparatione
665 1831 743 1889 clare
766 1843 896 1910 apparet,
920 1851 1008 1908 quarn
1032 1847 1128 1888 recte
1154 1843 1322 1910 quantoque
1348 1834 1409 1890 iure

159 1918 288 1975 Petrus
311 1915 543 1993 Batterini24)
559 1921 720 1996 scripserit:
749 1919 848 1992 ,Sicut
862 1967 868 1980 .
883 1965 908 1977 ..
925 1941 983 1977 nou
1001 1920 1108 1988 omnia,
1132 1921 1163 1977 in
1180 1918 1285 1998 quibus
1303 1922 1408 1986 srrnrrui

160 2005 315 2082 pontifices
345 2003 535 2081 apostolicam
568 2008 772 2063 auctoritatem
796 2009 995 2083 interponunt,
1030 2021 1097 2063 sunt
1128 2005 1315 2065 definitiones
1339 2005 1406 2082 dog-

161 2093 296 2154 maticae,
330 2090 436 2168 quibus
459 2093 629 2151 immunitas
652 2092 690 2150 ab
712 2113 809 2150 errore
832 2092 989 2150 tribuenda
1012 2095 1062 2150 sit:
1147 2095 1188 2150 itu
1211 2091 1279 2150 fidei
1305 2092 1409 2152 defini-

162 2180 258 2236 tiones
288 2177 346 2236 dici
377 2190 528 2256 nequeunt
557 2180 699 2257 epistolae
723 2177 850 2239 Honorii
873 2179 912 2238 ad
936 2181 1079 2256 Sergium.
1116 2199 1191 2258 qrrae
1225 2182 1295 2236 etsi
1331 2181 1409 2238 circa

162 2267 310 2340 negotium
334 2264 427 2323 fidei
449 2281 612 2327 versantur.
635 2281 665 2324 ct
688 2265 869 2344 publicam
894 2287 1049 2344 personam
1073 2267 1231 2325 cretluntur
1254 2268 1410 2344 praeferre,

164 2351 257 2409 nihit
285 2361 384 2408 tamen
412 2353 629 2410 credendum
658 2353 828 2417 decemuiri,
866 2355 940 2412 nihil
973 2353 1145 2414 damnant
1168 2355 1208 2412 uti
1233 2356 1410 2412 contrarium

162 2437 239 2507 tidei,
274 2439 316 2495 uti
339 2437 473 2497 definitio
495 2441 612 2518 proprie
636 2439 715 2498 dicta
739 2444 904 2516 exigeret*,
940 2441 991 2498 sed
1014 2451 1137 2506 tanturn,
1161 2439 1197 2496 eb
1223 2440 1412 2518 impedienda

162 2524 311 2595 scandala,
334 2529 521 2584 oeconomice
544 2527 694 2585 silentium
711 2527 747 2584 de
764 2549 822 2586 una
842 2529 889 2584 vel
906 2527 1019 2586 dualurs
1036 2525 1237 2586 votnntatibus
1255 2528 1411 2604 postulant.

268 2613 371 2690 Neque
395 2613 515 2672 tandem
539 2615 689 2672 Honorius
714 2615 774 2672 uilo
797 2613 884 2672 medo
915 2615 1073 2674 sollicitant
1098 2636 1127 2672 se
1152 2614 1290 2682 ostendit,
1325 2631 1356 2672 ιιι
1380 2613 1410 2672 id

163 2697 241 2776 quod
265 2700 368 2774 Sergio
391 2697 501 2773 scribit,
525 2700 660 2758 omuibus
686 2700 794 2780 ubique
817 2700 954 2758 fidelibus
978 2700 1156 2760 eredendum
1181 2705 1412 2760 curnnrnnicetur

164 2798 193 2842 et
207 2785 432 2862 praescribatur,
456 2807 510 2845 nec
530 2799 579 2858 ,ut
603 2789 699 2844 ursinis
722 2789 888 2864 praesulum
915 2808 1051 2846 numerus
1075 2809 1108 2846 ac
1132 2788 1316 2848 sacerdotum
1340 2789 1411 2846 cleri

165 2891 199 2929 ac
226 2871 397 2949 populorum
420 2875 599 2932 unanimiter
627 2873 664 2930 ad
694 2873 868 2950 placendum
905 2874 958 2931 liei
993 2877 1180 2953 anirnarnqne
1214 2875 1407 2934 satiandam‘*

170 2960 410 3026 »confiteantur“,
434 2962 465 3018 in
484 2959 604 3020 Christo
627 2982 681 3018 uec
704 2981 793 3018 unani
817 2981 871 3019 nec
895 2961 967 3020 duas
990 2983 1053 3018 esse
1077 2963 1252 3020 uoluntates.

272 3047 318 3106 15.
341 3045 495 3106 Postremo
518 3059 723 3120 argumentum
742 3052 977 3127 peremptorium,
1001 3069 1058 3127 quo
1074 3051 1162 3106 etiam
1180 3048 1252 3108 itlnd
1272 3049 1410 3122 effugium

164 3152 281 3209 prorsus
306 3132 480 3203 excluditur,
514 3135 678 3192 Honorium
703 3136 839 3212 neglecta
862 3136 957 3194 forma
980 3135 1143 3194 definiendi
1166 3151 1313 3203 consueta,
1338 3137 1411 3193 torte

166 3218 344 3296 singularem
379 3219 535 3297 quemdam
570 3223 601 3278 in
632 3220 801 3280 detiniendo
835 3222 952 3281 modum
989 3225 1127 3291 terruisse,
1162 3236 1228 3280 sunt
1264 3223 1412 3299 ipsissima

167 3305 400 3364 Honoriiverba
421 3307 555 3386 quibus
579 3307 868 3367 definitionem
893 3308 1009 3367 edere
1033 3329 1222 3387 expresse
1247 3319 1411 3366 recusat.

269 3394 344 3450 Cum
368 3396 488 3470 Sergius
512 3393 619 3452 callide
645 3395 777 3454 Honorio
800 3399 973 3474 scripsisset,
1008 3398 1063 3453 etsi
1095 3397 1230 3455 trullus
1262 3397 1352 3453 Pater
1374 3395 1411 3453 de

167 3477 280 3536 duabus
304 3481 335 3536 in
360 3480 480 3540 Christo
502 3482 704 3540 voluntatibus
728 3483 840 3541 locutus
863 3493 949 3554 esset,
983 3483 1142 3562 aliquos
1173 3497 1272 3541 tarnen
1302 3482 1411 3540 locutos

165 3587 229 3623 csse
252 3565 289 3624 de
313 3587 387 3624 una
409 3569 441 3626 in
465 3568 583 3626 Christo
607 3569 766 3638 voluntate,
790 3569 947 3648 respondet
967 3569 1124 3640 Honorius,
1149 3591 1223 3648 (pirae
1249 3570 1319 3627 isti
1343 3569 1412 3626 ati-

164 3654 229 3729 qui
251 3651 385 3712 doctores
407 3654 598 3714 balbutiendo
621 3655 753 3713 dixerint
765 3655 801 3712 de
814 3677 873 3715 una
889 3677 926 3718 sc.
944 3659 974 3716 in
993 3657 1112 3716 Christe
1128 3658 1288 3724 voluntate,
1317 3675 1410 3726 ,non

164 3749 324 3817 oportet
356 3763 398 3800 ea
433 3755 672 3800 convertere
702 3741 747 3800 ad
778 3742 964 3820 dogmata
998 3745 1295 3808 ecclesiastica,
1332 3761 1407 3820 qrrae

165 3846 259 3904 neque
292 3827 400 3906 synodi
433 3831 648 3896 examinarunt,
682 3850 778 3907 neque
813 3833 974 3889 canonicae
1011 3833 1199 3890 auctoritates
1231 3834 1313 3888 visae
1345 3840 1413 3889 sunt

163 3911 325 3972 declarare:
349 3926 380 3972 ut
402 3935 511 3973 unam
535 3926 584 3972 aut
608 3915 681 3973 tinas
704 3920 890 3994 operationes
915 3917 1023 3976 audeat
1046 3921 1111 3997 quis
1138 3921 1168 3976 iu
1195 3919 1322 3976 turnino
1347 3919 1413 3976 lesu

169 3999 287 4059 Christo
309 3999 514 4079 praedicare“:
549 4014 578 4059 ct
600 4002 687 4080 paulo
711 4003 833 4061 inferius
856 4001 894 4061 de
919 4003 1035 4063 iisdem:
1073 4026 1165 4083 ,quae
1189 4004 1308 4083 quidem
1338 4025 1413 4062 non

165 4086 332 4165 expedit
373 4090 596 4146 transferre
634 4087 680 4146 ad
718 4089 900 4168 dogmata
941 4087 1319 4168 ecclesiasticu“²⁵),
1358 4090 1408 4150 ubi

166 4173 460 4234 animadvertendum
477 4186 529 4246 est,
552 4196 627 4244 euru,
650 4179 704 4233 etsi
727 4179 867 4254 inprime
893 4187 974 4236 textu
1001 4180 1088 4237 etiam
1114 4178 1149 4238 de
1173 4179 1286 4238 sinubus
1311 4179 1414 4236 volun-

164 4259 272 4318 tatibus
295 4261 439 4340 loquatur,
462 4273 562 4320 tamen
584 4261 622 4329 id,
646 4262 723 4341 quod
747 4266 946 4342 primario
970 4275 1057 4341 negat
1082 4265 1120 4323 ad
1143 4265 1318 4341 dignitatem
1342 4265 1413 4342 tieg-

162 4349 247 4404 matis
270 4348 447 4408 elevandum
471 4369 543 4418 esse,
567 4371 631 4407 esse
650 4352 782 4427 praecise
803 4355 927 4424 ,unam“
949 4352 1139 4417 voluntatem,
1165 4366 1194 4411 ut
1218 4356 1296 4411 eirca
1321 4371 1410 4429 qrram

218 4585 255 4651 214ι
273 4589 302 4642 M
310 4591 403 4653 ansi,
421 4590 477 4653 Xt,
497 4589 556 4642 298.

218 4654 255 4723 ²⁴)
276 4659 316 4711 t)e
333 4659 362 4711 vi
382 4663 411 4712 et
429 4661 540 4712 ratione
558 4661 702 4726 primatus
720 4661 843 4712 Romani
864 4660 1021 4714 l'ontiticis.
1041 4662 1158 4718 Rornae.
1178 4661 1253 4723 tete,
1274 4677 1299 4727 p.
1319 4660 1377 4713 287.

213 4725 249 4793 ²⁶)
269 4729 319 4794 Ep.
340 4731 358 4780 t.
378 4739 444 4796 post
464 4730 601 4782 medium.
