<?xml version="1.0" encoding="UTF-8"?>
<!DOCTYPE html PUBLIC "-//W3C//DTD XHTML 1.0 Transitional//EN"
    "http://www.w3.org/TR/xhtml1/DTD/xhtml1-transitional.dtd">
<html xmlns="http://www.w3.org/1999/xhtml" xml:lang="en" lang="en">
 <head>
  <title>
</title>
<meta http-equiv="Content-Type" content="text/html;charset=utf-8" />
  <meta name='ocr-system' content='tesseract 3.04.00' />
  <meta name='ocr-capabilities' content='ocr_page ocr_carea ocr_par ocr_line ocrx_word'/>
</head>
<body>
  <div class='ocr_page' id='page_1' title='image "./slavorumlittera00unkngoog_0288.png"; bbox 0 0 3450 5342; ppageno 0'>
   <div class='ocr_carea' id='block_1_1' title="bbox 322 540 1583 4360">
    <p class='ocr_par' dir='ltr' id='par_1_1' title="bbox 322 540 1582 1654">
     <span class='ocr_line' id='line_1_1' title="bbox 433 540 1572 613; baseline -0.002 -16"><span class='ocrx_word' id='word_1_1' title='bbox 433 543 548 598; x_wconf 85' lang='lat' dir='ltr'><strong>Verum</strong></span> <span class='ocrx_word' id='word_1_2' title='bbox 569 542 695 613; x_wconf 90' lang='lat' dir='ltr'><strong>quidem</strong></span> <span class='ocrx_word' id='word_1_3' title='bbox 715 546 771 609; x_wconf 88' lang='lat' dir='ltr'><strong>est,</strong></span> <span class='ocrx_word' id='word_1_4' title='bbox 791 557 848 597; x_wconf 88' lang='lat' dir='ltr'><strong>nos</strong></span> <span class='ocrx_word' id='word_1_5' title='bbox 869 540 1060 598; x_wconf 88' lang='lat' dir='ltr'><strong>voluntatem</strong></span> <span class='ocrx_word' id='word_1_6' title='bbox 1081 548 1232 609; x_wconf 87' lang='lat' dir='ltr'><strong>nostram,</strong></span> <span class='ocrx_word' id='word_1_7' title='bbox 1250 543 1380 611; x_wconf 89' lang='lat' dir='ltr'><strong>eiusque</strong></span> <span class='ocrx_word' id='word_1_8' title='bbox 1399 540 1572 596; x_wconf 86' lang='lat' dir='ltr'><strong>libertatem</strong></span> 
     </span>
     <span class='ocr_line' id='line_1_2' title="bbox 328 609 1577 683; baseline -0.002 -16"><span class='ocrx_word' id='word_1_9' title='bbox 328 611 360 667; x_wconf 89' lang='lat' dir='ltr'><strong>in</strong></span> <span class='ocrx_word' id='word_1_10' title='bbox 381 612 438 667; x_wconf 88' lang='lat' dir='ltr'><strong>hae</strong></span> <span class='ocrx_word' id='word_1_11' title='bbox 457 612 520 668; x_wconf 90' lang='lat' dir='ltr'><strong>vita</strong></span> <span class='ocrx_word' id='word_1_12' title='bbox 539 611 670 681; x_wconf 89' lang='lat' dir='ltr'><strong>perfecte</strong></span> <span class='ocrx_word' id='word_1_13' title='bbox 690 610 861 683; x_wconf 78' lang='lat' dir='ltr'><strong>perspicere</strong></span> <span class='ocrx_word' id='word_1_14' title='bbox 881 611 935 666; x_wconf 85' lang='lat' dir='ltr'><strong>vix</strong></span> <span class='ocrx_word' id='word_1_15' title='bbox 954 628 1057 681; x_wconf 87' lang='lat' dir='ltr'><strong>posse,</strong></span> <span class='ocrx_word' id='word_1_16' title='bbox 1077 612 1136 667; x_wconf 84' lang='lat' dir='ltr'><strong>lroc</strong></span> <span class='ocrx_word' id='word_1_17' title='bbox 1154 617 1258 667; x_wconf 86' lang='lat' dir='ltr'><strong>tamen</strong></span> <span class='ocrx_word' id='word_1_18' title='bbox 1277 610 1369 666; x_wconf 90' lang='lat' dir='ltr'><strong>nobis</strong></span> <span class='ocrx_word' id='word_1_19' title='bbox 1387 609 1577 680; x_wconf 73' lang='lat' dir='ltr'><strong>experientis</strong></span> 
     </span>
     <span class='ocr_line' id='line_1_3' title="bbox 322 680 1576 749; baseline -0.002 -12"><span class='ocrx_word' id='word_1_20' title='bbox 322 680 444 737; x_wconf 89' lang='lat' dir='ltr'><strong>interna</strong></span> <span class='ocrx_word' id='word_1_21' title='bbox 473 686 556 737; x_wconf 90' lang='lat' dir='ltr'><strong>oerte</strong></span> <span class='ocrx_word' id='word_1_22' title='bbox 581 687 711 748; x_wconf 85' lang='lat' dir='ltr'><strong>constat,</strong></span> <span class='ocrx_word' id='word_1_23' title='bbox 741 696 799 736; x_wconf 91' lang='lat' dir='ltr'><strong>nos</strong></span> <span class='ocrx_word' id='word_1_24' title='bbox 829 680 960 736; x_wconf 80' lang='lat' dir='ltr'>liberam</span> <span class='ocrx_word' id='word_1_25' title='bbox 990 680 1182 737; x_wconf 87' lang='lat' dir='ltr'><strong>voluntatem</strong></span> <span class='ocrx_word' id='word_1_26' title='bbox 1210 681 1327 736; x_wconf 87' lang='lat' dir='ltr'><strong>habere</strong></span> <span class='ocrx_word' id='word_1_27' title='bbox 1351 695 1488 749; x_wconf 88' lang='lat' dir='ltr'><strong>eamque</strong></span> <span class='ocrx_word' id='word_1_28' title='bbox 1512 694 1576 734; x_wconf 90' lang='lat' dir='ltr'><strong>nou</strong></span> 
     </span>
     <span class='ocr_line' id='line_1_4' title="bbox 324 749 1581 821; baseline -0.001 -16"><span class='ocrx_word' id='word_1_29' title='bbox 324 755 456 819; x_wconf 89' lang='lat' dir='ltr'><strong>tantum,</strong></span> <span class='ocrx_word' id='word_1_30' title='bbox 475 756 510 806; x_wconf 92' lang='lat' dir='ltr'><strong>ut</strong></span> <span class='ocrx_word' id='word_1_31' title='bbox 529 756 638 807; x_wconf 89' lang='lat' dir='ltr'><strong>auctor</strong></span> <span class='ocrx_word' id='word_1_32' title='bbox 656 750 730 805; x_wconf 90' lang='lat' dir='ltr'><strong>dicit</strong></span> <span class='ocrx_word' id='word_1_33' title='bbox 747 752 787 805; x_wconf 87' lang='lat' dir='ltr'><strong>ab</strong></span> <span class='ocrx_word' id='word_1_34' title='bbox 807 756 934 805; x_wconf 87' lang='lat' dir='ltr'><strong>externo</strong></span> <span class='ocrx_word' id='word_1_35' title='bbox 955 751 1072 806; x_wconf 90' lang='lat' dir='ltr'><strong>motivo</strong></span> <span class='ocrx_word' id='word_1_36' title='bbox 1091 757 1222 821; x_wconf 82' lang='lat' dir='ltr'>cogente</span> <span class='ocrx_word' id='word_1_37' title='bbox 1240 751 1381 816; x_wconf 86' lang='lat' dir='ltr'><strong>liberam,</strong></span> <span class='ocrx_word' id='word_1_38' title='bbox 1402 749 1458 804; x_wconf 88' lang='lat' dir='ltr'><strong>sed</strong></span> <span class='ocrx_word' id='word_1_39' title='bbox 1481 749 1581 805; x_wconf 85' lang='lat' dir='ltr'><strong>ctiam</strong></span> 
     </span>
     <span class='ocr_line' id='line_1_5' title="bbox 323 818 1582 889; baseline -0.002 -14"><span class='ocrx_word' id='word_1_40' title='bbox 323 821 363 875; x_wconf 89' lang='lat' dir='ltr'><strong>ab</strong></span> <span class='ocrx_word' id='word_1_41' title='bbox 389 822 513 875; x_wconf 88' lang='lat' dir='ltr'><strong>interna</strong></span> <span class='ocrx_word' id='word_1_42' title='bbox 538 819 723 876; x_wconf 78' lang='lat' dir='ltr'><strong>necessitate</strong></span> <span class='ocrx_word' id='word_1_43' title='bbox 747 819 766 875; x_wconf 85' lang='lat' dir='ltr'><strong>i.</strong></span> <span class='ocrx_word' id='word_1_44' title='bbox 791 834 816 875; x_wconf 91' lang='lat' dir='ltr'><strong>e.</strong></span> <span class='ocrx_word' id='word_1_45' title='bbox 841 835 901 875; x_wconf 94' lang='lat' dir='ltr'><strong>nos</strong></span> <span class='ocrx_word' id='word_1_46' title='bbox 926 821 1042 876; x_wconf 88' lang='lat' dir='ltr'><strong>habere</strong></span> <span class='ocrx_word' id='word_1_47' title='bbox 1068 820 1270 885; x_wconf 89' lang='lat' dir='ltr'><strong>voluntatem,</strong></span> <span class='ocrx_word' id='word_1_48' title='bbox 1300 834 1380 889; x_wconf 88' lang='lat' dir='ltr'><strong>quae</strong></span> <span class='ocrx_word' id='word_1_49' title='bbox 1404 819 1437 873; x_wconf 94' lang='lat' dir='ltr'><strong>in</strong></span> <span class='ocrx_word' id='word_1_50' title='bbox 1466 818 1582 874; x_wconf 87' lang='lat' dir='ltr'><strong>multis</strong></span> 
     </span>
     <span class='ocr_line' id='line_1_6' title="bbox 324 888 1581 958; baseline -0.002 -13"><span class='ocrx_word' id='word_1_51' title='bbox 324 889 450 945; x_wconf 85' lang='lat' dir='ltr'><strong>casibus</strong></span> <span class='ocrx_word' id='word_1_52' title='bbox 471 904 545 945; x_wconf 90' lang='lat' dir='ltr'><strong>vera</strong></span> <span class='ocrx_word' id='word_1_53' title='bbox 565 888 777 945; x_wconf 72' lang='lat' dir='ltr'><strong>indifferentia</strong></span> <span class='ocrx_word' id='word_1_54' title='bbox 797 889 898 945; x_wconf 87' lang='lat' dir='ltr'><strong>activa</strong></span> <span class='ocrx_word' id='word_1_55' title='bbox 941 889 1060 945; x_wconf 90' lang='lat' dir='ltr'><strong>raedita</strong></span> <span class='ocrx_word' id='word_1_56' title='bbox 1078 895 1135 945; x_wconf 89' lang='lat' dir='ltr'><strong>est.</strong></span> <span class='ocrx_word' id='word_1_57' title='bbox 1166 888 1199 944; x_wconf 90' lang='lat' dir='ltr'><strong>Si</strong></span> <span class='ocrx_word' id='word_1_58' title='bbox 1218 888 1318 944; x_wconf 87' lang='lat' dir='ltr'><strong>habeo</strong></span> <span class='ocrx_word' id='word_1_59' title='bbox 1337 902 1363 942; x_wconf 89' lang='lat' dir='ltr'><strong>e.</strong></span> <span class='ocrx_word' id='word_1_60' title='bbox 1380 904 1411 958; x_wconf 80' lang='lat' dir='ltr'><strong>g.</strong></span> <span class='ocrx_word' id='word_1_61' title='bbox 1428 893 1504 943; x_wconf 89' lang='lat' dir='ltr'><strong>ante</strong></span> <span class='ocrx_word' id='word_1_62' title='bbox 1523 902 1581 942; x_wconf 83' lang='lat' dir='ltr'><strong>me</strong></span> 
     </span>
     <span class='ocr_line' id='line_1_7' title="bbox 324 957 1574 1028; baseline -0.002 -15"><span class='ocrx_word' id='word_1_63' title='bbox 324 958 406 1014; x_wconf 88' lang='lat' dir='ltr'><strong>duas</strong></span> <span class='ocrx_word' id='word_1_64' title='bbox 430 973 529 1013; x_wconf 89' lang='lat' dir='ltr'><strong>novas</strong></span> <span class='ocrx_word' id='word_1_65' title='bbox 555 974 675 1028; x_wconf 88' lang='lat' dir='ltr'><strong>pennas</strong></span> <span class='ocrx_word' id='word_1_66' title='bbox 700 959 782 1014; x_wconf 90' lang='lat' dir='ltr'><strong>inter</strong></span> <span class='ocrx_word' id='word_1_67' title='bbox 800 974 833 1013; x_wconf 88' lang='lat' dir='ltr'><strong>se</strong></span> <span class='ocrx_word' id='word_1_68' title='bbox 852 974 892 1028; x_wconf 91' lang='lat' dir='ltr'><strong>pe</strong></span> <span class='ocrx_word' id='word_1_69' title='bbox 924 965 990 1014; x_wconf 89' lang='lat' dir='ltr'><strong>ecte</strong></span> <span class='ocrx_word' id='word_1_70' title='bbox 1016 958 1142 1026; x_wconf 85' lang='lat' dir='ltr'><strong>similes,</strong></span> <span class='ocrx_word' id='word_1_71' title='bbox 1168 973 1262 1013; x_wconf 86' lang='lat' dir='ltr'><strong>unam</strong></span> <span class='ocrx_word' id='word_1_72' title='bbox 1283 957 1331 1014; x_wconf 90' lang='lat' dir='ltr'><strong>vel</strong></span> <span class='ocrx_word' id='word_1_73' title='bbox 1350 958 1481 1012; x_wconf 88' lang='lat' dir='ltr'><strong>alteram</strong></span> <span class='ocrx_word' id='word_1_74' title='bbox 1502 972 1574 1011; x_wconf 84' lang='lat' dir='ltr'><strong>con·</strong></span> 
     </span>
     <span class='ocr_line' id='line_1_8' title="bbox 327 1025 1572 1109; baseline -0.001 -27"><span class='ocrx_word' id='word_1_75' title='bbox 327 1026 455 1083; x_wconf 88' lang='lat' dir='ltr'><strong>scientia</strong></span> <span class='ocrx_word' id='word_1_76' title='bbox 485 1032 563 1083; x_wconf 87' lang='lat' dir='ltr'><strong>teste</strong></span> <span class='ocrx_word' id='word_1_77' title='bbox 591 1027 705 1109; x_wconf 76' lang='lat' dir='ltr'><strong>eligere</strong></span> <span class='ocrx_word' id='word_1_78' title='bbox 733 1044 863 1098; x_wconf 90' lang='lat' dir='ltr'><strong>possum</strong></span> <span class='ocrx_word' id='word_1_79' title='bbox 893 1028 944 1095; x_wconf 90' lang='lat' dir='ltr'><strong>ita,</strong></span> <span class='ocrx_word' id='word_1_80' title='bbox 971 1036 1006 1084; x_wconf 91' lang='lat' dir='ltr'><strong>ut</strong></span> <span class='ocrx_word' id='word_1_81' title='bbox 1044 1028 1205 1095; x_wconf 90' lang='lat' dir='ltr'><strong>rationem,</strong></span> <span class='ocrx_word' id='word_1_82' title='bbox 1231 1043 1288 1083; x_wconf 92' lang='lat' dir='ltr'><strong>cur</strong></span> <span class='ocrx_word' id='word_1_83' title='bbox 1315 1028 1395 1082; x_wconf 88' lang='lat' dir='ltr'><strong>hanc</strong></span> <span class='ocrx_word' id='word_1_84' title='bbox 1418 1042 1494 1095; x_wconf 90' lang='lat' dir='ltr'><strong>prae</strong></span> <span class='ocrx_word' id='word_1_85' title='bbox 1519 1025 1572 1081; x_wconf 85' lang='lat' dir='ltr'><strong>illa</strong></span> 
     </span>
     <span class='ocr_line' id='line_1_9' title="bbox 327 1095 1572 1169; baseline -0.001 -17"><span class='ocrx_word' id='word_1_86' title='bbox 327 1096 485 1167; x_wconf 83' lang='lat' dir='ltr'><strong>elegerim,</strong></span> <span class='ocrx_word' id='word_1_87' title='bbox 514 1112 614 1167; x_wconf 90' lang='lat' dir='ltr'><strong>neque</strong></span> <span class='ocrx_word' id='word_1_88' title='bbox 633 1113 665 1153; x_wconf 88' lang='lat' dir='ltr'><strong>rn</strong></span> <span class='ocrx_word' id='word_1_89' title='bbox 684 1096 840 1152; x_wconf 80' lang='lat' dir='ltr'><strong>coactione</strong></span> <span class='ocrx_word' id='word_1_90' title='bbox 863 1104 1001 1164; x_wconf 86' lang='lat' dir='ltr'><strong>externa,</strong></span> <span class='ocrx_word' id='word_1_91' title='bbox 1030 1113 1131 1169; x_wconf 92' lang='lat' dir='ltr'><strong>neque</strong></span> <span class='ocrx_word' id='word_1_92' title='bbox 1149 1098 1180 1152; x_wconf 92' lang='lat' dir='ltr'><strong>in</strong></span> <span class='ocrx_word' id='word_1_93' title='bbox 1199 1097 1389 1161; x_wconf 78' lang='lat' dir='ltr'><strong>educatione,</strong></span> <span class='ocrx_word' id='word_1_94' title='bbox 1417 1111 1520 1165; x_wconf 90' lang='lat' dir='ltr'><strong>neque</strong></span> <span class='ocrx_word' id='word_1_95' title='bbox 1538 1095 1572 1151; x_wconf 90' lang='lat' dir='ltr'><strong>iu</strong></span> 
     </span>
     <span class='ocr_line' id='line_1_10' title="bbox 326 1166 1572 1237; baseline -0.002 -16"><span class='ocrx_word' id='word_1_96' title='bbox 326 1166 561 1233; x_wconf 88' lang='lat' dir='ltr'><strong>consuetudine,</strong></span> <span class='ocrx_word' id='word_1_97' title='bbox 586 1182 684 1237; x_wconf 89' lang='lat' dir='ltr'><strong>neque</strong></span> <span class='ocrx_word' id='word_1_98' title='bbox 703 1166 735 1222; x_wconf 94' lang='lat' dir='ltr'><strong>in</strong></span> <span class='ocrx_word' id='word_1_99' title='bbox 754 1166 902 1237; x_wconf 75' lang='lat' dir='ltr'><strong>qualitate</strong></span> <span class='ocrx_word' id='word_1_100' title='bbox 921 1182 1105 1237; x_wconf 89' lang='lat' dir='ltr'><strong>pennarum,</strong></span> <span class='ocrx_word' id='word_1_101' title='bbox 1130 1182 1232 1237; x_wconf 88' lang='lat' dir='ltr'><strong>neque</strong></span> <span class='ocrx_word' id='word_1_102' title='bbox 1250 1166 1283 1221; x_wconf 93' lang='lat' dir='ltr'><strong>in</strong></span> <span class='ocrx_word' id='word_1_103' title='bbox 1301 1181 1370 1221; x_wconf 89' lang='lat' dir='ltr'><strong>mea</strong></span> <span class='ocrx_word' id='word_1_104' title='bbox 1389 1180 1572 1235; x_wconf 87' lang='lat' dir='ltr'><strong>repraesen-</strong></span> 
     </span>
     <span class='ocr_line' id='line_1_11' title="bbox 327 1235 1574 1306; baseline -0.002 -15"><span class='ocrx_word' id='word_1_105' title='bbox 327 1236 443 1291; x_wconf 82' lang='lat' dir='ltr'><strong>tatione</strong></span> <span class='ocrx_word' id='word_1_106' title='bbox 462 1252 576 1302; x_wconf 85' lang='lat' dir='ltr'><strong>earnm,</strong></span> <span class='ocrx_word' id='word_1_107' title='bbox 596 1251 696 1306; x_wconf 89' lang='lat' dir='ltr'><strong>neque</strong></span> <span class='ocrx_word' id='word_1_108' title='bbox 715 1236 747 1291; x_wconf 94' lang='lat' dir='ltr'><strong>in</strong></span> <span class='ocrx_word' id='word_1_109' title='bbox 768 1252 834 1291; x_wconf 88' lang='lat' dir='ltr'><strong>mea</strong></span> <span class='ocrx_word' id='word_1_110' title='bbox 853 1236 958 1291; x_wconf 89' lang='lat' dir='ltr'><strong>indole</strong></span> <span class='ocrx_word' id='word_1_111' title='bbox 976 1236 1144 1301; x_wconf 91' lang='lat' dir='ltr'><strong>inveniam,</strong></span> <span class='ocrx_word' id='word_1_112' title='bbox 1163 1236 1219 1291; x_wconf 89' lang='lat' dir='ltr'><strong>sed</strong></span> <span class='ocrx_word' id='word_1_113' title='bbox 1238 1235 1328 1291; x_wconf 87' lang='lat' dir='ltr'><strong>unice</strong></span> <span class='ocrx_word' id='word_1_114' title='bbox 1347 1235 1378 1291; x_wconf 92' lang='lat' dir='ltr'><strong>in</strong></span> <span class='ocrx_word' id='word_1_115' title='bbox 1397 1235 1574 1291; x_wconf 86' lang='lat' dir='ltr'><strong>voluntatis</strong></span> 
     </span>
     <span class='ocr_line' id='line_1_12' title="bbox 327 1303 1572 1361; baseline -0.002 -1"><span class='ocrx_word' id='word_1_116' title='bbox 327 1304 480 1361; x_wconf 86' lang='lat' dir='ltr'><strong>libertate.</strong></span> <span class='ocrx_word' id='word_1_117' title='bbox 512 1304 661 1361; x_wconf 90' lang='lat' dir='ltr'><strong>Similiter</strong></span> <span class='ocrx_word' id='word_1_118' title='bbox 685 1305 716 1361; x_wconf 92' lang='lat' dir='ltr'><strong>in</strong></span> <span class='ocrx_word' id='word_1_119' title='bbox 744 1305 849 1361; x_wconf 82' lang='lat' dir='ltr'><strong>rnrrltis</strong></span> <span class='ocrx_word' id='word_1_120' title='bbox 874 1305 943 1360; x_wconf 89' lang='lat' dir='ltr'><strong>aliis</strong></span> <span class='ocrx_word' id='word_1_121' title='bbox 967 1307 1101 1361; x_wconf 76' lang='lat' dir='ltr'><strong>casibus</strong></span> <span class='ocrx_word' id='word_1_122' title='bbox 1135 1306 1220 1361; x_wconf 90' lang='lat' dir='ltr'><strong>Haec</strong></span> <span class='ocrx_word' id='word_1_123' title='bbox 1237 1303 1449 1361; x_wconf 75' lang='lat' dir='ltr'><strong>indifferentia</strong></span> <span class='ocrx_word' id='word_1_124' title='bbox 1469 1303 1572 1360; x_wconf 87' lang='lat' dir='ltr'><strong>activa</strong></span> 
     </span>
     <span class='ocr_line' id='line_1_13' title="bbox 328 1374 1572 1445; baseline -0.002 -14"><span class='ocrx_word' id='word_1_125' title='bbox 328 1374 499 1431; x_wconf 85' lang='lat' dir='ltr'><strong>voluntatis</strong></span> <span class='ocrx_word' id='word_1_126' title='bbox 519 1390 580 1429; x_wconf 92' lang='lat' dir='ltr'><strong>non</strong></span> <span class='ocrx_word' id='word_1_127' title='bbox 601 1390 726 1445; x_wconf 84' lang='lat' dir='ltr'><strong>semper</strong></span> <span class='ocrx_word' id='word_1_128' title='bbox 745 1376 834 1432; x_wconf 88' lang='lat' dir='ltr'><strong>adest</strong></span> <span class='ocrx_word' id='word_1_129' title='bbox 853 1376 960 1440; x_wconf 78' lang='lat' dir='ltr'><strong>(habet</strong></span> <span class='ocrx_word' id='word_1_130' title='bbox 978 1376 1060 1430; x_wconf 90' lang='lat' dir='ltr'><strong>enim</strong></span> <span class='ocrx_word' id='word_1_131' title='bbox 1081 1376 1227 1431; x_wconf 88' lang='lat' dir='ltr'><strong>voluntas</strong></span> <span class='ocrx_word' id='word_1_132' title='bbox 1246 1375 1338 1429; x_wconf 89' lang='lat' dir='ltr'><strong>etiam</strong></span> <span class='ocrx_word' id='word_1_133' title='bbox 1358 1382 1446 1429; x_wconf 85' lang='lat' dir='ltr'><strong>actus</strong></span> <span class='ocrx_word' id='word_1_134' title='bbox 1466 1388 1572 1429; x_wconf 82' lang='lat' dir='ltr'><strong>neces·</strong></span> 
     </span>
     <span class='ocr_line' id='line_1_14' title="bbox 327 1442 1575 1513; baseline -0.002 -14"><span class='ocrx_word' id='word_1_135' title='bbox 327 1443 450 1513; x_wconf 81' lang='lat' dir='ltr'><strong>sarios),</strong></span> <span class='ocrx_word' id='word_1_136' title='bbox 492 1449 574 1501; x_wconf 91' lang='lat' dir='ltr'><strong>otest</strong></span> <span class='ocrx_word' id='word_1_137' title='bbox 592 1444 685 1499; x_wconf 87' lang='lat' dir='ltr'><strong>etiarn</strong></span> <span class='ocrx_word' id='word_1_138' title='bbox 706 1444 803 1500; x_wconf 90' lang='lat' dir='ltr'><strong>minui</strong></span> <span class='ocrx_word' id='word_1_139' title='bbox 823 1445 873 1499; x_wconf 92' lang='lat' dir='ltr'><strong>vel</strong></span> <span class='ocrx_word' id='word_1_140' title='bbox 892 1444 1039 1511; x_wconf 86' lang='lat' dir='ltr'><strong>externis,</strong></span> <span class='ocrx_word' id='word_1_141' title='bbox 1059 1445 1109 1500; x_wconf 88' lang='lat' dir='ltr'><strong>vel</strong></span> <span class='ocrx_word' id='word_1_142' title='bbox 1121 1444 1253 1500; x_wconf 86' lang='lat' dir='ltr'><strong>internis</strong></span> <span class='ocrx_word' id='word_1_143' title='bbox 1268 1442 1380 1511; x_wconf 90' lang='lat' dir='ltr'><strong>causis,</strong></span> <span class='ocrx_word' id='word_1_144' title='bbox 1398 1443 1431 1497; x_wconf 93' lang='lat' dir='ltr'><strong>in</strong></span> <span class='ocrx_word' id='word_1_145' title='bbox 1446 1443 1575 1498; x_wconf 87' lang='lat' dir='ltr'><strong>actibus</strong></span> 
     </span>
     <span class='ocr_line' id='line_1_15' title="bbox 327 1460 1575 1638; baseline -0.002 -69"><span class='ocrx_word' id='word_1_146' title='bbox 327 1527 404 1569; x_wconf 85' lang='lat' dir='ltr'><strong>vero</strong></span> <span class='ocrx_word' id='word_1_147' title='bbox 432 1460 490 1569; x_wconf 59' lang='lat' dir='ltr'><strong>vei)</strong></span> <span class='ocrx_word' id='word_1_148' title='bbox 509 1514 646 1595; x_wconf 75' lang='lat' dir='ltr'><strong>perfecte</strong></span> <span class='ocrx_word' id='word_1_149' title='bbox 674 1514 723 1569; x_wconf 89' lang='lat' dir='ltr'><strong>vel</strong></span> <span class='ocrx_word' id='word_1_150' title='bbox 747 1514 823 1637; x_wconf 53' lang='lat' dir='ltr'><strong>plus</strong></span> <span class='ocrx_word' id='word_1_151' title='bbox 852 1513 997 1595; x_wconf 79' lang='lat' dir='ltr'><strong>ruiuusve</strong></span> <span class='ocrx_word' id='word_1_152' title='bbox 1028 1515 1164 1585; x_wconf 87' lang='lat' dir='ltr'><strong>perfecte</strong></span> <span class='ocrx_word' id='word_1_153' title='bbox 1193 1513 1303 1569; x_wconf 89' lang='lat' dir='ltr'><strong>liberis</strong></span> <span class='ocrx_word' id='word_1_154' title='bbox 1333 1512 1575 1638; x_wconf 60' lang='lat' dir='ltr'><strong>proEortionate</strong></span> 
     </span>
     <span class='ocr_line' id='line_1_16' title="bbox 326 1582 1453 1654; baseline -0.002 -15"><span class='ocrx_word' id='word_1_155' title='bbox 326 1583 462 1654; x_wconf 83' lang='lat' dir='ltr'><strong>perfecte</strong></span> <span class='ocrx_word' id='word_1_156' title='bbox 481 1588 573 1639; x_wconf 85' lang='lat' dir='ltr'><strong>stram</strong></span> <span class='ocrx_word' id='word_1_157' title='bbox 593 1598 663 1652; x_wconf 84' lang='lat' dir='ltr'><strong>rpsa</strong></span> <span class='ocrx_word' id='word_1_158' title='bbox 681 1583 745 1639; x_wconf 91' lang='lat' dir='ltr'><strong>indi</strong></span> <span class='ocrx_word' id='word_1_159' title='bbox 761 1584 893 1639; x_wconf 82' lang='lat' dir='ltr'><strong>ferentia</strong></span> <span class='ocrx_word' id='word_1_160' title='bbox 911 1583 1012 1639; x_wconf 87' lang='lat' dir='ltr'><strong>activa</strong></span> <span class='ocrx_word' id='word_1_161' title='bbox 1031 1583 1202 1639; x_wconf 86' lang='lat' dir='ltr'><strong>voluntatis</strong></span> <span class='ocrx_word' id='word_1_162' title='bbox 1221 1584 1333 1638; x_wconf 86' lang='lat' dir='ltr'><strong>adesse</strong></span> <span class='ocrx_word' id='word_1_163' title='bbox 1351 1582 1390 1637; x_wconf 90' lang='lat' dir='ltr'><strong>de</strong></span> <span class='ocrx_word' id='word_1_164' title='bbox 1414 1589 1453 1637; x_wconf 87' lang='lat' dir='ltr'><strong>et.</strong></span> 
     </span>
    </p>

    <p class='ocr_par' dir='ltr' id='par_1_2' title="bbox 323 1651 1579 2471">
     <span class='ocr_line' id='line_1_17' title="bbox 431 1651 1579 1714; baseline -0.001 -7"><span class='ocrx_word' id='word_1_165' title='bbox 431 1652 564 1707; x_wconf 86' lang='lat' dir='ltr'><strong>Tantum</strong></span> <span class='ocrx_word' id='word_1_166' title='bbox 594 1652 663 1707; x_wconf 87' lang='lat' dir='ltr'><strong>tulis</strong></span> <span class='ocrx_word' id='word_1_167' title='bbox 693 1652 821 1709; x_wconf 90' lang='lat' dir='ltr'><strong>libertas</strong></span> <span class='ocrx_word' id='word_1_168' title='bbox 850 1652 1022 1709; x_wconf 86' lang='lat' dir='ltr'><strong>voluntatis</strong></span> <span class='ocrx_word' id='word_1_169' title='bbox 1052 1652 1155 1714; x_wconf 76' lang='lat' dir='ltr'><strong>tetiam</strong></span> <span class='ocrx_word' id='word_1_170' title='bbox 1187 1654 1228 1708; x_wconf 89' lang='lat' dir='ltr'><strong>ab</strong></span> <span class='ocrx_word' id='word_1_171' title='bbox 1258 1652 1381 1707; x_wconf 86' lang='lat' dir='ltr'><strong>interna</strong></span> <span class='ocrx_word' id='word_1_172' title='bbox 1411 1651 1579 1707; x_wconf 84' lang='lat' dir='ltr'><strong>coactione</strong></span> 
     </span>
     <span class='ocr_line' id='line_1_18' title="bbox 326 1720 1577 1793; baseline 0 -18"><span class='ocrx_word' id='word_1_173' title='bbox 326 1721 438 1791; x_wconf 85' lang='lat' dir='ltr'><strong>libera)</strong></span> <span class='ocrx_word' id='word_1_174' title='bbox 454 1720 572 1778; x_wconf 85' lang='lat' dir='ltr'><strong>sufficit</strong></span> <span class='ocrx_word' id='word_1_175' title='bbox 585 1722 624 1777; x_wconf 86' lang='lat' dir='ltr'><strong>ad</strong></span> <span class='ocrx_word' id='word_1_176' title='bbox 638 1722 951 1791; x_wconf 86' lang='lat' dir='ltr'><strong>responsabilitatem,</strong></span> <span class='ocrx_word' id='word_1_177' title='bbox 966 1738 1047 1793; x_wconf 90' lang='lat' dir='ltr'><strong>quae</strong></span> <span class='ocrx_word' id='word_1_178' title='bbox 1062 1728 1200 1788; x_wconf 85' lang='lat' dir='ltr'><strong>vocatur,</strong></span> <span class='ocrx_word' id='word_1_179' title='bbox 1215 1722 1384 1777; x_wconf 88' lang='lat' dir='ltr'><strong>actionum.</strong></span> <span class='ocrx_word' id='word_1_180' title='bbox 1402 1721 1577 1786; x_wconf 88' lang='lat' dir='ltr'><strong>Quomodo</strong></span> 
     </span>
     <span class='ocr_line' id='line_1_19' title="bbox 327 1790 1579 1863; baseline -0.001 -17"><span class='ocrx_word' id='word_1_181' title='bbox 327 1790 409 1847; x_wconf 89' lang='lat' dir='ltr'><strong>enirn</strong></span> <span class='ocrx_word' id='word_1_182' title='bbox 435 1790 536 1860; x_wconf 89' lang='lat' dir='ltr'><strong>possit</strong></span> <span class='ocrx_word' id='word_1_183' title='bbox 560 1792 632 1861; x_wconf 89' lang='lat' dir='ltr'><strong>quis</strong></span> <span class='ocrx_word' id='word_1_184' title='bbox 658 1791 778 1847; x_wconf 89' lang='lat' dir='ltr'><strong>laudari</strong></span> <span class='ocrx_word' id='word_1_185' title='bbox 802 1792 851 1847; x_wconf 93' lang='lat' dir='ltr'><strong>vel</strong></span> <span class='ocrx_word' id='word_1_186' title='bbox 877 1792 1058 1863; x_wconf 87' lang='lat' dir='ltr'><strong>vituperari,</strong></span> <span class='ocrx_word' id='word_1_187' title='bbox 1086 1793 1234 1862; x_wconf 89' lang='lat' dir='ltr'><strong>praemiis</strong></span> <span class='ocrx_word' id='word_1_188' title='bbox 1253 1790 1366 1846; x_wconf 87' lang='lat' dir='ltr'><strong>donari</strong></span> <span class='ocrx_word' id='word_1_189' title='bbox 1385 1791 1434 1847; x_wconf 90' lang='lat' dir='ltr'><strong>vel</strong></span> <span class='ocrx_word' id='word_1_190' title='bbox 1454 1790 1579 1859; x_wconf 77' lang='lat' dir='ltr'><strong>puniri,</strong></span> 
     </span>
     <span class='ocr_line' id='line_1_20' title="bbox 329 1860 1573 1932; baseline 0 -18"><span class='ocrx_word' id='word_1_191' title='bbox 329 1860 355 1915; x_wconf 88' lang='lat' dir='ltr'><strong>si</strong></span> <span class='ocrx_word' id='word_1_192' title='bbox 383 1865 514 1930; x_wconf 87' lang='lat' dir='ltr'><strong>propter</strong></span> <span class='ocrx_word' id='word_1_193' title='bbox 539 1860 675 1916; x_wconf 86' lang='lat' dir='ltr'><strong>indolem</strong></span> <span class='ocrx_word' id='word_1_194' title='bbox 705 1876 793 1917; x_wconf 90' lang='lat' dir='ltr'><strong>suam</strong></span> <span class='ocrx_word' id='word_1_195' title='bbox 822 1860 913 1917; x_wconf 89' lang='lat' dir='ltr'><strong>aliter</strong></span> <span class='ocrx_word' id='word_1_196' title='bbox 939 1877 1030 1932; x_wconf 75' lang='lat' dir='ltr'><strong>agere</strong></span> <span class='ocrx_word' id='word_1_197' title='bbox 1055 1878 1119 1917; x_wconf 92' lang='lat' dir='ltr'><strong>non</strong></span> <span class='ocrx_word' id='word_1_198' title='bbox 1141 1862 1250 1931; x_wconf 84' lang='lat' dir='ltr'><strong>possit,</strong></span> <span class='ocrx_word' id='word_1_199' title='bbox 1281 1875 1373 1930; x_wconf 89' lang='lat' dir='ltr'><strong>quam</strong></span> <span class='ocrx_word' id='word_1_200' title='bbox 1403 1876 1468 1915; x_wconf 91' lang='lat' dir='ltr'><strong>non</strong></span> <span class='ocrx_word' id='word_1_201' title='bbox 1499 1874 1573 1916; x_wconf 90' lang='lat' dir='ltr'><strong>cum</strong></span> 
     </span>
     <span class='ocr_line' id='line_1_21' title="bbox 323 1928 1572 1999; baseline -0.001 -15"><span class='ocrx_word' id='word_1_202' title='bbox 323 1929 469 1985; x_wconf 73' lang='lat' dir='ltr'><strong>&#39;libertate</strong></span> <span class='ocrx_word' id='word_1_203' title='bbox 488 1929 673 1999; x_wconf 76' lang='lat' dir='ltr'><strong>acquisivit?</strong></span> <span class='ocrx_word' id='word_1_204' title='bbox 708 1930 811 1986; x_wconf 89' lang='lat' dir='ltr'><strong>Huius</strong></span> <span class='ocrx_word' id='word_1_205' title='bbox 836 1930 1032 1987; x_wconf 87' lang='lat' dir='ltr'><strong>difficultatis</strong></span> <span class='ocrx_word' id='word_1_206' title='bbox 1057 1932 1087 1986; x_wconf 94' lang='lat' dir='ltr'><strong>in</strong></span> <span class='ocrx_word' id='word_1_207' title='bbox 1113 1932 1265 1986; x_wconf 88' lang='lat' dir='ltr'><strong>sententia</strong></span> <span class='ocrx_word' id='word_1_208' title='bbox 1291 1945 1348 1985; x_wconf 87' lang='lat' dir='ltr'><strong>sua</strong></span> <span class='ocrx_word' id='word_1_209' title='bbox 1372 1935 1484 1985; x_wconf 84' lang='lat' dir='ltr'><strong>auctor</strong></span> <span class='ocrx_word' id='word_1_210' title='bbox 1508 1928 1572 1985; x_wconf 91' lang='lat' dir='ltr'><strong>sibi</strong></span> 
     </span>
     <span class='ocr_line' id='line_1_22' title="bbox 327 1998 1573 2071; baseline -0.001 -16"><span class='ocrx_word' id='word_1_211' title='bbox 327 1998 480 2067; x_wconf 87' lang='lat' dir='ltr'><strong>conscius,</strong></span> <span class='ocrx_word' id='word_1_212' title='bbox 505 1999 679 2071; x_wconf 87' lang='lat' dir='ltr'><strong>interrogat</strong></span> <span class='ocrx_word' id='word_1_213' title='bbox 697 2016 726 2069; x_wconf 88' lang='lat' dir='ltr'><strong>p.</strong></span> <span class='ocrx_word' id='word_1_214' title='bbox 745 2002 810 2056; x_wconf 79' lang='lat'>16³:</span> <span class='ocrx_word' id='word_1_215' title='bbox 843 2001 940 2056; x_wconf 80' lang='lat' dir='ltr'><strong>»Num</strong></span> <span class='ocrx_word' id='word_1_216' title='bbox 966 2002 1059 2055; x_wconf 89' lang='lat' dir='ltr'><strong>bomo</strong></span> <span class='ocrx_word' id='word_1_217' title='bbox 1083 1999 1309 2071; x_wconf 90' lang='lat' dir='ltr'><strong>responsabilis</strong></span> <span class='ocrx_word' id='word_1_218' title='bbox 1328 1998 1388 2054; x_wconf 89' lang='lat' dir='ltr'><strong>dici</strong></span> <span class='ocrx_word' id='word_1_219' title='bbox 1407 1998 1512 2069; x_wconf 85' lang='lat' dir='ltr'><strong>possit</strong></span> <span class='ocrx_word' id='word_1_220' title='bbox 1530 1998 1573 2054; x_wconf 88' lang='lat' dir='ltr'><strong>de</strong></span> 
     </span>
     <span class='ocr_line' id='line_1_23' title="bbox 328 2068 1577 2139; baseline 0 -16"><span class='ocrx_word' id='word_1_221' title='bbox 328 2069 393 2123; x_wconf 88' lang='lat' dir='ltr'><strong>suis</strong></span> <span class='ocrx_word' id='word_1_222' title='bbox 412 2068 625 2125; x_wconf 78' lang='lat' dir='ltr'><strong>actionibus‘l«</strong></span> <span class='ocrx_word' id='word_1_223' title='bbox 648 2070 828 2139; x_wconf 83' lang='lat' dir='ltr'><strong>Respondet</strong></span> <span class='ocrx_word' id='word_1_224' title='bbox 844 2069 900 2124; x_wconf 89' lang='lat' dir='ltr'><strong>ita:</strong></span> <span class='ocrx_word' id='word_1_225' title='bbox 924 2070 1087 2135; x_wconf 83' lang='lat' dir='ltr'><strong>»Quaestio</strong></span> <span class='ocrx_word' id='word_1_226' title='bbox 1106 2070 1145 2125; x_wconf 89' lang='lat' dir='ltr'><strong>de</strong></span> <span class='ocrx_word' id='word_1_227' title='bbox 1165 2069 1276 2125; x_wconf 90' lang='lat' dir='ltr'><strong>morali</strong></span> <span class='ocrx_word' id='word_1_228' title='bbox 1294 2068 1577 2138; x_wconf 84' lang='lat' dir='ltr'><strong>responsabilitate</strong></span> 
     </span>
     <span class='ocr_line' id='line_1_24' title="bbox 328 2137 1571 2209; baseline 0 -16"><span class='ocrx_word' id='word_1_229' title='bbox 328 2154 390 2193; x_wconf 90' lang='lat' dir='ltr'><strong>una</strong></span> <span class='ocrx_word' id='word_1_230' title='bbox 409 2154 425 2193; x_wconf 88' lang='lat' dir='ltr'><strong>e</strong></span> <span class='ocrx_word' id='word_1_231' title='bbox 444 2138 634 2193; x_wconf 88' lang='lat' dir='ltr'><strong>difficillimis</strong></span> <span class='ocrx_word' id='word_1_232' title='bbox 654 2145 701 2195; x_wconf 89' lang='lat' dir='ltr'><strong>est</strong></span> <span class='ocrx_word' id='word_1_233' title='bbox 720 2145 749 2195; x_wconf 90' lang='lat' dir='ltr'><strong>et</strong></span> <span class='ocrx_word' id='word_1_234' title='bbox 773 2139 938 2195; x_wconf 90' lang='lat' dir='ltr'><strong>solutionis</strong></span> <span class='ocrx_word' id='word_1_235' title='bbox 963 2140 1030 2195; x_wconf 88' lang='lat' dir='ltr'><strong>eius</strong></span> <span class='ocrx_word' id='word_1_236' title='bbox 1055 2140 1143 2209; x_wconf 89' lang='lat' dir='ltr'><strong>copia</strong></span> <span class='ocrx_word' id='word_1_237' title='bbox 1167 2155 1230 2194; x_wconf 91' lang='lat' dir='ltr'><strong>nou</strong></span> <span class='ocrx_word' id='word_1_238' title='bbox 1254 2140 1356 2205; x_wconf 89' lang='lat' dir='ltr'><strong>datur,</strong></span> <span class='ocrx_word' id='word_1_239' title='bbox 1382 2138 1443 2193; x_wconf 89' lang='lat' dir='ltr'><strong>nisi</strong></span> <span class='ocrx_word' id='word_1_240' title='bbox 1463 2137 1496 2193; x_wconf 92' lang='lat' dir='ltr'><strong>iu</strong></span> <span class='ocrx_word' id='word_1_241' title='bbox 1516 2138 1571 2193; x_wconf 94' lang='lat' dir='ltr'><strong>do-</strong></span> 
     </span>
     <span class='ocr_line' id='line_1_25' title="bbox 328 2207 1570 2279; baseline 0.001 -17"><span class='ocrx_word' id='word_1_242' title='bbox 328 2207 423 2263; x_wconf 90' lang='lat' dir='ltr'><strong>ctriua</strong></span> <span class='ocrx_word' id='word_1_243' title='bbox 443 2207 620 2275; x_wconf 88' lang='lat' dir='ltr'><strong>christiana,</strong></span> <span class='ocrx_word' id='word_1_244' title='bbox 639 2224 701 2279; x_wconf 89' lang='lat' dir='ltr'><strong>qua</strong></span> <span class='ocrx_word' id='word_1_245' title='bbox 720 2208 859 2264; x_wconf 90' lang='lat' dir='ltr'><strong>imbutus</strong></span> <span class='ocrx_word' id='word_1_246' title='bbox 879 2209 974 2264; x_wconf 91' lang='lat' dir='ltr'><strong>homo</strong></span> <span class='ocrx_word' id='word_1_247' title='bbox 988 2225 1024 2264; x_wconf 88' lang='lat' dir='ltr'><strong>oo</strong></span> <span class='ocrx_word' id='word_1_248' title='bbox 1068 2208 1146 2264; x_wconf 90' lang='lat' dir='ltr'><strong>oscit</strong></span> <span class='ocrx_word' id='word_1_249' title='bbox 1160 2209 1224 2264; x_wconf 89' lang='lat' dir='ltr'><strong>Deo</strong></span> <span class='ocrx_word' id='word_1_250' title='bbox 1238 2207 1379 2265; x_wconf 88' lang='lat' dir='ltr'><strong>similem.</strong></span> <span class='ocrx_word' id='word_1_251' title='bbox 1399 2208 1570 2263; x_wconf 88' lang='lat' dir='ltr'><strong>sublimem</strong></span> 
     </span>
     <span class='ocr_line' id='line_1_26' title="bbox 328 2276 1575 2348; baseline -0.001 -16"><span class='ocrx_word' id='word_1_252' title='bbox 328 2292 362 2332; x_wconf 89' lang='lat' dir='ltr'><strong>se</strong></span> <span class='ocrx_word' id='word_1_253' title='bbox 381 2276 497 2333; x_wconf 87' lang='lat' dir='ltr'><strong>babere</strong></span> <span class='ocrx_word' id='word_1_254' title='bbox 521 2277 615 2333; x_wconf 89' lang='lat' dir='ltr'><strong>finem</strong></span> <span class='ocrx_word' id='word_1_255' title='bbox 665 2278 840 2347; x_wconf 91' lang='lat' dir='ltr'><strong>ropositum</strong></span> <span class='ocrx_word' id='word_1_256' title='bbox 859 2285 890 2333; x_wconf 90' lang='lat' dir='ltr'><strong>et</strong></span> <span class='ocrx_word' id='word_1_257' title='bbox 908 2278 978 2334; x_wconf 87' lang='lat' dir='ltr'><strong>ideo</strong></span> <span class='ocrx_word' id='word_1_258' title='bbox 996 2294 1015 2333; x_wconf 94' lang='lat' dir='ltr'><strong>o</strong></span> <span class='ocrx_word' id='word_1_259' title='bbox 1044 2277 1136 2333; x_wconf 89' lang='lat' dir='ltr'><strong>icium</strong></span> <span class='ocrx_word' id='word_1_260' title='bbox 1163 2292 1286 2348; x_wconf 88' lang='lat' dir='ltr'><strong>quoque</strong></span> <span class='ocrx_word' id='word_1_261' title='bbox 1304 2278 1343 2332; x_wconf 91' lang='lat' dir='ltr'><strong>ad</strong></span> <span class='ocrx_word' id='word_1_262' title='bbox 1370 2278 1452 2332; x_wconf 88' lang='lat' dir='ltr'><strong>hunc</strong></span> <span class='ocrx_word' id='word_1_263' title='bbox 1471 2276 1575 2332; x_wconf 84' lang='lat' dir='ltr'><strong>finem</strong></span> 
     </span>
     <span class='ocr_line' id='line_1_27' title="bbox 328 2294 1570 2470; baseline -0.001 -68"><span class='ocrx_word' id='word_1_264' title='bbox 328 2346 501 2470; x_wconf 86' lang='lat' dir='ltr'><strong>tendendi.d</strong></span> <span class='ocrx_word' id='word_1_265' title='bbox 522 2346 621 2403; x_wconf 88' lang='lat' dir='ltr'><strong>Simul</strong></span> <span class='ocrx_word' id='word_1_266' title='bbox 641 2294 734 2403; x_wconf 54' lang='lat' dir='ltr'><strong>flabat</strong></span> <span class='ocrx_word' id='word_1_267' title='bbox 753 2363 840 2418; x_wconf 88' lang='lat' dir='ltr'><strong>spem</strong></span> <span class='ocrx_word' id='word_1_268' title='bbox 861 2348 967 2403; x_wconf 88' lang='lat' dir='ltr'><strong>auxilii</strong></span> <span class='ocrx_word' id='word_1_269' title='bbox 986 2348 1105 2417; x_wconf 84' lang='lat' dir='ltr'><strong>gratiae</strong></span> <span class='ocrx_word' id='word_1_270' title='bbox 1123 2349 1154 2403; x_wconf 92' lang='lat' dir='ltr'><strong>in</strong></span> <span class='ocrx_word' id='word_1_271' title='bbox 1174 2363 1280 2419; x_wconf 88' lang='lat' dir='ltr'><strong>pugna</strong></span> <span class='ocrx_word' id='word_1_272' title='bbox 1298 2347 1337 2402; x_wconf 90' lang='lat' dir='ltr'><strong>ad</strong></span> <span class='ocrx_word' id='word_1_273' title='bbox 1356 2346 1452 2401; x_wconf 86' lang='lat' dir='ltr'><strong>finem</strong></span> <span class='ocrx_word' id='word_1_274' title='bbox 1474 2362 1570 2403; x_wconf 88' lang='lat' dir='ltr'><strong>suum</strong></span> 
     </span>
     <span class='ocr_line' id='line_1_28' title="bbox 326 2430 567 2471; baseline 0 0"><span class='ocrx_word' id='word_1_275' title='bbox 326 2430 398 2471; x_wconf 86' lang='lat' dir='ltr'><strong>asse</strong></span> <span class='ocrx_word' id='word_1_276' title='bbox 420 2431 480 2471; x_wconf 87' lang='lat' dir='ltr'><strong>ueu</strong></span> <span class='ocrx_word' id='word_1_277' title='bbox 504 2430 567 2471; x_wconf 80' lang='lat' dir='ltr'><strong>uin.</strong></span> 
     </span>
    </p>

    <p class='ocr_par' dir='ltr' id='par_1_3' title="bbox 325 2431 1583 4360">
     <span class='ocr_line' id='line_1_29' title="bbox 400 2431 1577 2555; baseline -0.003 -14"><span class='ocrx_word' id='word_1_278' title='bbox 400 2431 547 2541; x_wconf 76' lang='lat' dir='ltr'><strong>qurum</strong></span> <span class='ocrx_word' id='word_1_279' title='bbox 572 2486 698 2555; x_wconf 90' lang='lat' dir='ltr'><strong>quidem</strong></span> <span class='ocrx_word' id='word_1_280' title='bbox 725 2492 780 2554; x_wconf 89' lang='lat' dir='ltr'><strong>est,</strong></span> <span class='ocrx_word' id='word_1_281' title='bbox 806 2486 964 2541; x_wconf 86' lang='lat' dir='ltr'><strong>bominem</strong></span> <span class='ocrx_word' id='word_1_282' title='bbox 990 2485 1057 2541; x_wconf 88' lang='lat' dir='ltr'><strong>siue</strong></span> <span class='ocrx_word' id='word_1_283' title='bbox 1076 2486 1191 2542; x_wconf 87' lang='lat' dir='ltr'><strong>auxilio</strong></span> <span class='ocrx_word' id='word_1_284' title='bbox 1210 2485 1335 2541; x_wconf 89' lang='lat' dir='ltr'><strong>divinae</strong></span> <span class='ocrx_word' id='word_1_285' title='bbox 1353 2485 1473 2555; x_wconf 85' lang='lat' dir='ltr'><strong>gratiae</strong></span> <span class='ocrx_word' id='word_1_286' title='bbox 1491 2484 1577 2539; x_wconf 83' lang='lat' dir='ltr'><strong>nihil.</strong></span> 
     </span>
     <span class='ocr_line' id='line_1_30' title="bbox 328 2554 1574 2626; baseline -0.001 -17"><span class='ocrx_word' id='word_1_287' title='bbox 328 2554 610 2623; x_wconf 86' lang='lat' dir='ltr'><strong>supernaturaliter</strong></span> <span class='ocrx_word' id='word_1_288' title='bbox 629 2554 701 2611; x_wconf 93' lang='lat' dir='ltr'><strong>boni</strong></span> <span class='ocrx_word' id='word_1_289' title='bbox 721 2556 822 2611; x_wconf 90' lang='lat' dir='ltr'><strong>facere</strong></span> <span class='ocrx_word' id='word_1_290' title='bbox 841 2572 944 2625; x_wconf 86' lang='lat' dir='ltr'><strong>posse,</strong></span> <span class='ocrx_word' id='word_1_291' title='bbox 963 2556 1129 2626; x_wconf 90' lang='lat' dir='ltr'><strong>ipsumque</strong></span> <span class='ocrx_word' id='word_1_292' title='bbox 1147 2571 1335 2611; x_wconf 87' lang='lat' dir='ltr'><strong>concursum</strong></span> <span class='ocrx_word' id='word_1_293' title='bbox 1377 2554 1474 2609; x_wconf 88' lang='lat' dir='ltr'><strong>ratiae</strong></span> <span class='ocrx_word' id='word_1_294' title='bbox 1492 2554 1574 2609; x_wconf 89' lang='lat' dir='ltr'><strong>divi·</strong></span> 
     </span>
     <span class='ocr_line' id='line_1_31' title="bbox 328 2572 1577 2705; baseline 0 -26"><span class='ocrx_word' id='word_1_295' title='bbox 328 2639 387 2680; x_wconf 86' lang='lat' dir='ltr'><strong>nae</strong></span> <span class='ocrx_word' id='word_1_296' title='bbox 412 2639 482 2679; x_wconf 87' lang='lat' dir='ltr'><strong>curn</strong></span> <span class='ocrx_word' id='word_1_297' title='bbox 508 2625 644 2679; x_wconf 87' lang='lat' dir='ltr'><strong>humana</strong></span> <span class='ocrx_word' id='word_1_298' title='bbox 669 2626 830 2681; x_wconf 87' lang='lat' dir='ltr'><strong>voluntate</strong></span> <span class='ocrx_word' id='word_1_299' title='bbox 853 2626 884 2680; x_wconf 90' lang='lat' dir='ltr'><strong>in</strong></span> <span class='ocrx_word' id='word_1_300' title='bbox 910 2626 967 2680; x_wconf 89' lang='lat' dir='ltr'><strong>hac</strong></span> <span class='ocrx_word' id='word_1_301' title='bbox 991 2631 1075 2681; x_wconf 89' lang='lat' dir='ltr'><strong>terra</strong></span> <span class='ocrx_word' id='word_1_302' title='bbox 1103 2625 1289 2695; x_wconf 81' lang='lat' dir='ltr'><strong>mysterium</strong></span> <span class='ocrx_word' id='word_1_303' title='bbox 1306 2572 1407 2705; x_wconf 30' lang='lat' dir='ltr'><strong>‘neiis</strong></span> <span class='ocrx_word' id='word_1_304' title='bbox 1433 2638 1577 2691; x_wconf 84' lang='lat' dir='ltr'><strong>manere,</strong></span> 
     </span>
     <span class='ocr_line' id='line_1_32' title="bbox 328 2694 1579 2764; baseline -0.001 -16"><span class='ocrx_word' id='word_1_305' title='bbox 328 2694 386 2749; x_wconf 85' lang='lat' dir='ltr'><strong>hoo</strong></span> <span class='ocrx_word' id='word_1_306' title='bbox 413 2698 517 2749; x_wconf 87' lang='lat' dir='ltr'><strong>tamen</strong></span> <span class='ocrx_word' id='word_1_307' title='bbox 546 2694 674 2749; x_wconf 79' lang='lat' dir='ltr'><strong>evidens</strong></span> <span class='ocrx_word' id='word_1_308' title='bbox 702 2700 757 2762; x_wconf 91' lang='lat' dir='ltr'><strong>est,</strong></span> <span class='ocrx_word' id='word_1_309' title='bbox 789 2695 827 2749; x_wconf 91' lang='lat' dir='ltr'><strong>ad</strong></span> <span class='ocrx_word' id='word_1_310' title='bbox 853 2696 990 2751; x_wconf 89' lang='lat' dir='ltr'><strong>actiones</strong></span> <span class='ocrx_word' id='word_1_311' title='bbox 1018 2694 1137 2750; x_wconf 89' lang='lat' dir='ltr'><strong>homini</strong></span> <span class='ocrx_word' id='word_1_312' title='bbox 1160 2694 1362 2764; x_wconf 80' lang='lat' dir='ltr'><strong>impotabiles</strong></span> <span class='ocrx_word' id='word_1_313' title='bbox 1386 2709 1431 2748; x_wconf 85' lang='lat' dir='ltr'><strong>ex</strong></span> <span class='ocrx_word' id='word_1_314' title='bbox 1455 2699 1579 2762; x_wconf 87' lang='lat' dir='ltr'><strong>parte</strong></span> 
     </span>
     <span class='ocr_line' id='line_1_33' title="bbox 327 2762 1576 2834; baseline -0.002 -15"><span class='ocrx_word' id='word_1_315' title='bbox 327 2762 499 2819; x_wconf 89' lang='lat' dir='ltr'><strong>hominis</strong></span> <span class='ocrx_word' id='word_1_316' title='bbox 524 2778 587 2819; x_wconf 90' lang='lat' dir='ltr'><strong>non</strong></span> <span class='ocrx_word' id='word_1_317' title='bbox 613 2763 759 2819; x_wconf 82' lang='lat' dir='ltr'><strong>sufficere</strong></span> <span class='ocrx_word' id='word_1_318' title='bbox 784 2764 882 2819; x_wconf 90' lang='lat' dir='ltr'><strong>solam</strong></span> <span class='ocrx_word' id='word_1_319' title='bbox 902 2763 1110 2834; x_wconf 85' lang='lat' dir='ltr'><strong>cognitionem</strong></span> <span class='ocrx_word' id='word_1_320' title='bbox 1131 2764 1204 2819; x_wconf 94' lang='lat' dir='ltr'><strong>boni</strong></span> <span class='ocrx_word' id='word_1_321' title='bbox 1225 2763 1279 2819; x_wconf 90' lang='lat' dir='ltr'><strong>sed</strong></span> <span class='ocrx_word' id='word_1_322' title='bbox 1300 2769 1461 2833; x_wconf 88' lang='lat' dir='ltr'><strong>praeterea</strong></span> <span class='ocrx_word' id='word_1_323' title='bbox 1480 2763 1513 2817; x_wconf 91' lang='lat' dir='ltr'><strong>iu</strong></span> <span class='ocrx_word' id='word_1_324' title='bbox 1534 2778 1576 2818; x_wconf 88' lang='lat' dir='ltr'><strong>eo</strong></span> 
     </span>
     <span class='ocr_line' id='line_1_34' title="bbox 327 2832 1578 2903; baseline -0.002 -16"><span class='ocrx_word' id='word_1_325' title='bbox 327 2832 439 2888; x_wconf 88' lang='lat' dir='ltr'><strong>adesse</strong></span> <span class='ocrx_word' id='word_1_326' title='bbox 457 2832 572 2888; x_wconf 90' lang='lat' dir='ltr'><strong>debere</strong></span> <span class='ocrx_word' id='word_1_327' title='bbox 590 2832 723 2889; x_wconf 86' lang='lat' dir='ltr'><strong>activam</strong></span> <span class='ocrx_word' id='word_1_328' title='bbox 743 2834 914 2903; x_wconf 89' lang='lat' dir='ltr'><strong>potentiam</strong></span> <span class='ocrx_word' id='word_1_329' title='bbox 933 2834 1025 2889; x_wconf 91' lang='lat' dir='ltr'><strong>etiam</strong></span> <span class='ocrx_word' id='word_1_330' title='bbox 1045 2833 1135 2889; x_wconf 88' lang='lat' dir='ltr'><strong>aliter</strong></span> <span class='ocrx_word' id='word_1_331' title='bbox 1153 2834 1275 2902; x_wconf 74' lang='lat' dir='ltr'><strong>agendi,</strong></span> <span class='ocrx_word' id='word_1_332' title='bbox 1294 2840 1389 2903; x_wconf 90' lang='lat' dir='ltr'><strong>atque</strong></span> <span class='ocrx_word' id='word_1_333' title='bbox 1407 2832 1480 2902; x_wconf 86' lang='lat' dir='ltr'><strong>agit.</strong></span> <span class='ocrx_word' id='word_1_334' title='bbox 1513 2832 1578 2886; x_wconf 80' lang='lat' dir='ltr'><strong>Po-</strong></span> 
     </span>
     <span class='ocr_line' id='line_1_35' title="bbox 328 2900 1577 2974; baseline -0.001 -18"><span class='ocrx_word' id='word_1_335' title='bbox 328 2901 424 2957; x_wconf 88' lang='lat' dir='ltr'><strong>tentia</strong></span> <span class='ocrx_word' id='word_1_336' title='bbox 447 2902 523 2957; x_wconf 86' lang='lat' dir='ltr'><strong>haec</strong></span> <span class='ocrx_word' id='word_1_337' title='bbox 541 2917 576 2957; x_wconf 88' lang='lat' dir='ltr'><strong>ea</strong></span> <span class='ocrx_word' id='word_1_338' title='bbox 595 2909 651 2969; x_wconf 89' lang='lat' dir='ltr'><strong>est,</strong></span> <span class='ocrx_word' id='word_1_339' title='bbox 676 2918 756 2972; x_wconf 89' lang='lat' dir='ltr'><strong>quae</strong></span> <span class='ocrx_word' id='word_1_340' title='bbox 781 2909 868 2959; x_wconf 87' lang='lat' dir='ltr'><strong>actus</strong></span> <span class='ocrx_word' id='word_1_341' title='bbox 893 2903 1066 2959; x_wconf 89' lang='lat' dir='ltr'><strong>intellectus</strong></span> <span class='ocrx_word' id='word_1_342' title='bbox 1092 2903 1236 2974; x_wconf 88' lang='lat' dir='ltr'><strong>sequitur</strong></span> <span class='ocrx_word' id='word_1_343' title='bbox 1259 2908 1291 2958; x_wconf 92' lang='lat' dir='ltr'><strong>et</strong></span> <span class='ocrx_word' id='word_1_344' title='bbox 1315 2910 1445 2957; x_wconf 88' lang='lat' dir='ltr'><strong>vocatur</strong></span> <span class='ocrx_word' id='word_1_345' title='bbox 1470 2900 1577 2956; x_wconf 87' lang='lat' dir='ltr'><strong>libera.</strong></span> 
     </span>
     <span class='ocr_line' id='line_1_36' title="bbox 326 2970 1573 3042; baseline -0.002 -15"><span class='ocrx_word' id='word_1_346' title='bbox 326 2971 483 3027; x_wconf 86' lang='lat' dir='ltr'><strong>voluntas.</strong></span> <span class='ocrx_word' id='word_1_347' title='bbox 502 2970 682 3027; x_wconf 90' lang='lat' dir='ltr'><strong>Intellectus</strong></span> <span class='ocrx_word' id='word_1_348' title='bbox 695 2971 777 3027; x_wconf 89' lang='lat' dir='ltr'><strong>enim</strong></span> <span class='ocrx_word' id='word_1_349' title='bbox 793 2973 880 3028; x_wconf 90' lang='lat' dir='ltr'><strong>solus</strong></span> <span class='ocrx_word' id='word_1_350' title='bbox 893 2976 969 3041; x_wconf 86' lang='lat' dir='ltr'><strong>(non</strong></span> <span class='ocrx_word' id='word_1_351' title='bbox 985 2974 1111 3041; x_wconf 89' lang='lat' dir='ltr'><strong>sensus)</strong></span> <span class='ocrx_word' id='word_1_352' title='bbox 1126 2973 1213 3042; x_wconf 87' lang='lat' dir='ltr'><strong>plura</strong></span> <span class='ocrx_word' id='word_1_353' title='bbox 1227 2973 1309 3027; x_wconf 88' lang='lat' dir='ltr'><strong>bona</strong></span> <span class='ocrx_word' id='word_1_354' title='bbox 1321 2972 1448 3027; x_wconf 87' lang='lat' dir='ltr'><strong>diversa</strong></span> <span class='ocrx_word' id='word_1_355' title='bbox 1462 2971 1573 3026; x_wconf 90' lang='lat' dir='ltr'><strong>volun·</strong></span> 
     </span>
     <span class='ocr_line' id='line_1_37' title="bbox 329 3039 1575 3112; baseline -0.002 -17"><span class='ocrx_word' id='word_1_356' title='bbox 329 3040 383 3095; x_wconf 90' lang='lat' dir='ltr'><strong>tati</strong></span> <span class='ocrx_word' id='word_1_357' title='bbox 404 3039 496 3095; x_wconf 90' lang='lat' dir='ltr'><strong>simul</strong></span> <span class='ocrx_word' id='word_1_358' title='bbox 521 3056 579 3111; x_wconf 92' lang='lat' dir='ltr'><strong>pro</strong></span> <span class='ocrx_word' id='word_1_359' title='bbox 603 3056 698 3097; x_wconf 89' lang='lat' dir='ltr'><strong>onere</strong></span> <span class='ocrx_word' id='word_1_360' title='bbox 722 3048 826 3111; x_wconf 87' lang='lat' dir='ltr'><strong>potest</strong></span> <span class='ocrx_word' id='word_1_361' title='bbox 862 3058 878 3097; x_wconf 86' lang='lat' dir='ltr'><strong>e</strong></span> <span class='ocrx_word' id='word_1_362' title='bbox 897 3042 1014 3112; x_wconf 88' lang='lat' dir='ltr'><strong>quibus</strong></span> <span class='ocrx_word' id='word_1_363' title='bbox 1033 3042 1153 3097; x_wconf 90' lang='lat' dir='ltr'><strong>nullum</strong></span> <span class='ocrx_word' id='word_1_364' title='bbox 1172 3042 1223 3097; x_wconf 89' lang='lat' dir='ltr'><strong>hic</strong></span> <span class='ocrx_word' id='word_1_365' title='bbox 1240 3048 1271 3097; x_wconf 92' lang='lat' dir='ltr'><strong>et</strong></span> <span class='ocrx_word' id='word_1_366' title='bbox 1289 3056 1374 3097; x_wconf 91' lang='lat' dir='ltr'><strong>nuuc</strong></span> <span class='ocrx_word' id='word_1_367' title='bbox 1390 3039 1575 3096; x_wconf 89' lang='lat' dir='ltr'><strong>necessario</strong></span> 
     </span>
     <span class='ocr_line' id='line_1_38' title="bbox 328 3057 1574 3191; baseline -0.001 -27"><span class='ocrx_word' id='word_1_368' title='bbox 328 3116 376 3164; x_wconf 89' lang='lat' dir='ltr'><strong>est</strong></span> <span class='ocrx_word' id='word_1_369' title='bbox 395 3108 423 3165; x_wconf 91' lang='lat' dir='ltr'><strong>ei</strong></span> <span class='ocrx_word' id='word_1_370' title='bbox 441 3057 650 3191; x_wconf 50' lang='lat' dir='ltr'><strong>appetentium</strong></span> <span class='ocrx_word' id='word_1_371' title='bbox 671 3117 702 3166; x_wconf 87' lang='lat' dir='ltr'><strong>ct</strong></span> <span class='ocrx_word' id='word_1_372' title='bbox 721 3110 765 3167; x_wconf 88' lang='lat' dir='ltr'><strong>sic</strong></span> <span class='ocrx_word' id='word_1_373' title='bbox 784 3084 976 3167; x_wconf 75' lang='lat' dir='ltr'><strong>voluntatem</strong></span> <span class='ocrx_word' id='word_1_374' title='bbox 1001 3111 1033 3166; x_wconf 91' lang='lat' dir='ltr'><strong>in</strong></span> <span class='ocrx_word' id='word_1_375' title='bbox 1059 3117 1128 3167; x_wconf 88' lang='lat' dir='ltr'><strong>actu</strong></span> <span class='ocrx_word' id='word_1_376' title='bbox 1154 3111 1258 3181; x_wconf 91' lang='lat' dir='ltr'><strong>primo</strong></span> <span class='ocrx_word' id='word_1_377' title='bbox 1284 3110 1427 3191; x_wconf 59' lang='lat' dir='ltr'><strong>prosimu</strong></span> <span class='ocrx_word' id='word_1_378' title='bbox 1454 3109 1574 3165; x_wconf 89' lang='lat' dir='ltr'><strong>indii·</strong></span> 
     </span>
     <span class='ocr_line' id='line_1_39' title="bbox 328 3178 1571 3251; baseline 0 -18"><span class='ocrx_word' id='word_1_379' title='bbox 328 3178 475 3235; x_wconf 82' lang='lat' dir='ltr'><strong>ferenti</strong></span> <span class='ocrx_word' id='word_1_380' title='bbox 501 3184 699 3236; x_wconf 78' lang='lat' dir='ltr'><strong>constituere.</strong></span> <span class='ocrx_word' id='word_1_381' title='bbox 728 3180 817 3237; x_wconf 88' lang='lat' dir='ltr'><strong>Ratio</strong></span> <span class='ocrx_word' id='word_1_382' title='bbox 836 3196 875 3236; x_wconf 87' lang='lat' dir='ltr'><strong>ex</strong></span> <span class='ocrx_word' id='word_1_383' title='bbox 894 3188 982 3251; x_wconf 86' lang='lat' dir='ltr'><strong>purte</strong></span> <span class='ocrx_word' id='word_1_384' title='bbox 1007 3180 1152 3249; x_wconf 88' lang='lat' dir='ltr'><strong>hominis,</strong></span> <span class='ocrx_word' id='word_1_385' title='bbox 1177 3197 1234 3236; x_wconf 90' lang='lat' dir='ltr'><strong>eur</strong></span> <span class='ocrx_word' id='word_1_386' title='bbox 1252 3180 1284 3235; x_wconf 90' lang='lat' dir='ltr'><strong>in</strong></span> <span class='ocrx_word' id='word_1_387' title='bbox 1303 3180 1357 3235; x_wconf 86' lang='lat' dir='ltr'><strong>talr</strong></span> <span class='ocrx_word' id='word_1_388' title='bbox 1376 3195 1450 3235; x_wconf 88' lang='lat' dir='ltr'><strong>casu</strong></span> <span class='ocrx_word' id='word_1_389' title='bbox 1471 3194 1571 3234; x_wconf 91' lang='lat' dir='ltr'><strong>unum</strong></span> 
     </span>
     <span class='ocr_line' id='line_1_40' title="bbox 328 3249 1360 3320; baseline 0 -15"><span class='ocrx_word' id='word_1_390' title='bbox 328 3249 445 3305; x_wconf 91' lang='lat' dir='ltr'><strong>bonum</strong></span> <span class='ocrx_word' id='word_1_391' title='bbox 466 3264 541 3318; x_wconf 88' lang='lat' dir='ltr'><strong>prae</strong></span> <span class='ocrx_word' id='word_1_392' title='bbox 560 3249 657 3305; x_wconf 89' lang='lat' dir='ltr'><strong>altero</strong></span> <span class='ocrx_word' id='word_1_393' title='bbox 676 3250 777 3320; x_wconf 87' lang='lat' dir='ltr'><strong>eligat,</strong></span> <span class='ocrx_word' id='word_1_394' title='bbox 797 3258 845 3305; x_wconf 87' lang='lat' dir='ltr'><strong>est</strong></span> <span class='ocrx_word' id='word_1_395' title='bbox 863 3251 895 3305; x_wconf 89' lang='lat' dir='ltr'><strong>iu</strong></span> <span class='ocrx_word' id='word_1_396' title='bbox 914 3250 1012 3306; x_wconf 88' lang='lat' dir='ltr'><strong>libera</strong></span> <span class='ocrx_word' id='word_1_397' title='bbox 1031 3250 1170 3306; x_wconf 90' lang='lat' dir='ltr'><strong>eiusdem</strong></span> <span class='ocrx_word' id='word_1_398' title='bbox 1191 3250 1360 3305; x_wconf 88' lang='lat' dir='ltr'><strong>voluntate.</strong></span> 
     </span>
     <span class='ocr_line' id='line_1_41' title="bbox 341 3316 1571 3399; baseline -0.002 -26"><span class='ocrx_word' id='word_1_399' title='bbox 341 3386 347 3399; x_wconf 40' lang='grc' dir='ltr'>Ι</span> <span class='ocrx_word' id='word_1_400' title='bbox 394 3386 401 3399; x_wconf 34' lang='grc' dir='ltr'>Ι</span> <span class='ocrx_word' id='word_1_401' title='bbox 431 3318 524 3374; x_wconf 91' lang='lat' dir='ltr'><strong>Recte</strong></span> <span class='ocrx_word' id='word_1_402' title='bbox 543 3318 636 3374; x_wconf 88' lang='lat' dir='ltr'><strong>affert</strong></span> <span class='ocrx_word' id='word_1_403' title='bbox 655 3326 763 3374; x_wconf 89' lang='lat' dir='ltr'><strong>auctor</strong></span> <span class='ocrx_word' id='word_1_404' title='bbox 783 3320 839 3375; x_wconf 90' lang='lat' dir='ltr'><strong>hac</strong></span> <span class='ocrx_word' id='word_1_405' title='bbox 858 3320 890 3375; x_wconf 92' lang='lat' dir='ltr'><strong>in</strong></span> <span class='ocrx_word' id='word_1_406' title='bbox 909 3326 1006 3391; x_wconf 90' lang='lat' dir='ltr'><strong>parte,</strong></span> <span class='ocrx_word' id='word_1_407' title='bbox 1025 3328 1060 3376; x_wconf 90' lang='lat' dir='ltr'><strong>ut</strong></span> <span class='ocrx_word' id='word_1_408' title='bbox 1078 3321 1278 3389; x_wconf 87' lang='lat' dir='ltr'><strong>praecipuam</strong></span> <span class='ocrx_word' id='word_1_409' title='bbox 1297 3318 1439 3390; x_wconf 83' lang='lat' dir='ltr'><strong>regulam</strong></span> <span class='ocrx_word' id='word_1_410' title='bbox 1458 3316 1571 3373; x_wconf 86' lang='lat' dir='ltr'><strong>eduea-</strong></span> 
     </span>
     <span class='ocr_line' id='line_1_42' title="bbox 326 3387 1572 3458; baseline -0.002 -15"><span class='ocrx_word' id='word_1_411' title='bbox 326 3391 420 3443; x_wconf 84' lang='lat' dir='ltr'><strong>tronrs</strong></span> <span class='ocrx_word' id='word_1_412' title='bbox 442 3387 577 3456; x_wconf 87' lang='lat' dir='ltr'><strong>moralis,</strong></span> <span class='ocrx_word' id='word_1_413' title='bbox 597 3394 631 3444; x_wconf 92' lang='lat' dir='ltr'><strong>ut</strong></span> <span class='ocrx_word' id='word_1_414' title='bbox 649 3388 819 3445; x_wconf 90' lang='lat' dir='ltr'><strong>liberorum</strong></span> <span class='ocrx_word' id='word_1_415' title='bbox 841 3391 941 3445; x_wconf 88' lang='lat' dir='ltr'><strong>bonae</strong></span> <span class='ocrx_word' id='word_1_416' title='bbox 959 3389 1175 3445; x_wconf 87' lang='lat' dir='ltr'><strong>inclinationes</strong></span> <span class='ocrx_word' id='word_1_417' title='bbox 1196 3404 1226 3445; x_wconf 92' lang='lat' dir='ltr'><strong>m</strong></span> <span class='ocrx_word' id='word_1_418' title='bbox 1270 3389 1296 3443; x_wconf 85' lang='lat' dir='ltr'><strong>&#39;s</strong></span> <span class='ocrx_word' id='word_1_419' title='bbox 1316 3388 1480 3458; x_wconf 83' lang='lat' dir='ltr'><strong>magisque</strong></span> <span class='ocrx_word' id='word_1_420' title='bbox 1498 3402 1572 3441; x_wconf 88' lang='lat' dir='ltr'><strong>con·</strong></span> 
     </span>
     <span class='ocr_line' id='line_1_43' title="bbox 325 3456 1578 3529; baseline -0.002 -17"><span class='ocrx_word' id='word_1_421' title='bbox 325 3456 505 3513; x_wconf 87' lang='lat' dir='ltr'><strong>formentur</strong></span> <span class='ocrx_word' id='word_1_422' title='bbox 529 3473 564 3513; x_wconf 89' lang='lat' dir='ltr'><strong>ac</strong></span> <span class='ocrx_word' id='word_1_423' title='bbox 588 3457 763 3524; x_wconf 86' lang='lat' dir='ltr'><strong>foveantur,</strong></span> <span class='ocrx_word' id='word_1_424' title='bbox 791 3458 829 3513; x_wconf 89' lang='lat' dir='ltr'><strong>ad</strong></span> <span class='ocrx_word' id='word_1_425' title='bbox 856 3460 959 3515; x_wconf 85' lang='lat' dir='ltr'><strong>malas·</strong></span> <span class='ocrx_word' id='word_1_426' title='bbox 981 3474 1058 3514; x_wconf 91' lang='lat' dir='ltr'><strong>vero</strong></span> <span class='ocrx_word' id='word_1_427' title='bbox 1086 3460 1243 3529; x_wconf 89' lang='lat' dir='ltr'><strong>reprimeu</strong></span> <span class='ocrx_word' id='word_1_428' title='bbox 1266 3474 1302 3513; x_wconf 91' lang='lat' dir='ltr'><strong>as</strong></span> <span class='ocrx_word' id='word_1_429' title='bbox 1331 3456 1422 3513; x_wconf 88' lang='lat' dir='ltr'><strong>liberi</strong></span> <span class='ocrx_word' id='word_1_430' title='bbox 1449 3462 1578 3511; x_wconf 82' lang='lat' dir='ltr'><strong>cer-tare</strong></span> 
     </span>
     <span class='ocr_line' id='line_1_44' title="bbox 329 3526 1576 3599; baseline -0.002 -17"><span class='ocrx_word' id='word_1_431' title='bbox 329 3526 511 3583; x_wconf 81' lang='lat' dir='ltr'><strong>assuefiant.</strong></span> <span class='ocrx_word' id='word_1_432' title='bbox 548 3528 725 3584; x_wconf 88' lang='lat' dir='ltr'><strong>Generatim</strong></span> <span class='ocrx_word' id='word_1_433' title='bbox 755 3528 786 3583; x_wconf 92' lang='lat' dir='ltr'><strong>in</strong></span> <span class='ocrx_word' id='word_1_434' title='bbox 815 3529 996 3584; x_wconf 89' lang='lat' dir='ltr'><strong>educatione</strong></span> <span class='ocrx_word' id='word_1_435' title='bbox 1030 3544 1155 3599; x_wconf 90' lang='lat' dir='ltr'><strong>semper</strong></span> <span class='ocrx_word' id='word_1_436' title='bbox 1191 3526 1415 3584; x_wconf 87' lang='lat' dir='ltr'><strong>attendendum</strong></span> <span class='ocrx_word' id='word_1_437' title='bbox 1447 3532 1504 3595; x_wconf 88' lang='lat' dir='ltr'><strong>est,</strong></span> <span class='ocrx_word' id='word_1_438' title='bbox 1537 3529 1576 3580; x_wconf 90' lang='lat' dir='ltr'><strong>ut</strong></span> 
     </span>
     <span class='ocr_line' id='line_1_45' title="bbox 329 3595 1577 3720; baseline -0.002 -69"><span class='ocrx_word' id='word_1_439' title='bbox 329 3596 484 3720; x_wconf 48' lang='lat' dir='ltr'><strong>pogentiae</strong></span> <span class='ocrx_word' id='word_1_440' title='bbox 503 3596 674 3653; x_wconf 90' lang='lat' dir='ltr'><strong>liberorum</strong></span> <span class='ocrx_word' id='word_1_441' title='bbox 695 3598 874 3654; x_wconf 86' lang='lat' dir='ltr'><strong>harmonice</strong></span> <span class='ocrx_word' id='word_1_442' title='bbox 898 3599 1094 3665; x_wconf 85' lang='lat' dir='ltr'><strong>evolvantur,</strong></span> <span class='ocrx_word' id='word_1_443' title='bbox 1125 3598 1342 3666; x_wconf 87' lang='lat' dir='ltr'><strong>inferioresque</strong></span> <span class='ocrx_word' id='word_1_444' title='bbox 1361 3595 1577 3666; x_wconf 82' lang='lat' dir='ltr'><strong>superioribus</strong></span> 
     </span>
     <span class='ocr_line' id='line_1_46' title="bbox 328 3665 530 3722; baseline 0.01 -3"><span class='ocrx_word' id='word_1_445' title='bbox 328 3680 366 3720; x_wconf 90' lang='lat' dir='ltr'><strong>su</strong></span> <span class='ocrx_word' id='word_1_446' title='bbox 389 3665 530 3722; x_wconf 91' lang='lat' dir='ltr'><strong>iciantur.</strong></span> 
     </span>
     <span class='ocr_line' id='line_1_47' title="bbox 342 3734 1579 3813; baseline -0.001 -24"><span class='ocrx_word' id='word_1_447' title='bbox 342 3800 348 3813; x_wconf 45' lang='lat'><strong>·</strong></span> <span class='ocrx_word' id='word_1_448' title='bbox 432 3734 469 3790; x_wconf 91' lang='lat' dir='ltr'><strong>Iu</strong></span> <span class='ocrx_word' id='word_1_449' title='bbox 483 3741 592 3805; x_wconf 88' lang='lat' dir='ltr'><strong>quarta</strong></span> <span class='ocrx_word' id='word_1_450' title='bbox 606 3734 678 3792; x_wconf 91' lang='lat' dir='ltr'><strong>libri</strong></span> <span class='ocrx_word' id='word_1_451' title='bbox 691 3743 780 3806; x_wconf 88' lang='lat' dir='ltr'><strong>parte</strong></span> <span class='ocrx_word' id='word_1_452' title='bbox 795 3736 933 3792; x_wconf 91' lang='lat' dir='ltr'><strong>ostendit</strong></span> <span class='ocrx_word' id='word_1_453' title='bbox 943 3745 1059 3804; x_wconf 86' lang='lat' dir='ltr'><strong>auctor,</strong></span> <span class='ocrx_word' id='word_1_454' title='bbox 1069 3737 1233 3791; x_wconf 76' lang='lat' dir='ltr'><strong>maximam</strong></span> <span class='ocrx_word' id='word_1_455' title='bbox 1242 3735 1306 3791; x_wconf 90' lang='lat' dir='ltr'><strong>vim</strong></span> <span class='ocrx_word' id='word_1_456' title='bbox 1314 3734 1348 3789; x_wconf 90' lang='lat' dir='ltr'><strong>in</strong></span> <span class='ocrx_word' id='word_1_457' title='bbox 1354 3735 1579 3791; x_wconf 80' lang='lat' dir='ltr'><strong>educationem</strong></span> 
     </span>
     <span class='ocr_line' id='line_1_48' title="bbox 329 3801 1583 3881; baseline 0.003 -26"><span class='ocrx_word' id='word_1_458' title='bbox 329 3801 500 3881; x_wconf 81' lang='lat' dir='ltr'><strong>liberorum</strong></span> <span class='ocrx_word' id='word_1_459' title='bbox 521 3820 678 3861; x_wconf 85' lang='lat' dir='ltr'><strong>exercere:</strong></span> <span class='ocrx_word' id='word_1_460' title='bbox 707 3805 866 3873; x_wconf 90' lang='lat' dir='ltr'><strong>familiam,</strong></span> <span class='ocrx_word' id='word_1_461' title='bbox 885 3808 1040 3876; x_wconf 89' lang='lat' dir='ltr'><strong>publicam</strong></span> <span class='ocrx_word' id='word_1_462' title='bbox 1060 3806 1247 3875; x_wconf 87' lang='lat' dir='ltr'><strong>opinionem,</strong></span> <span class='ocrx_word' id='word_1_463' title='bbox 1267 3804 1437 3860; x_wconf 89' lang='lat' dir='ltr'><strong>ecclesiam.</strong></span> <span class='ocrx_word' id='word_1_464' title='bbox 1466 3801 1583 3874; x_wconf 76' lang='lat' dir='ltr'><strong>Magni.-</strong></span> 
     </span>
     <span class='ocr_line' id='line_1_49' title="bbox 328 3871 1572 3951; baseline 0.002 -26"><span class='ocrx_word' id='word_1_465' title='bbox 328 3876 428 3940; x_wconf 86' lang='lat' dir='ltr'><strong>1g1tur</strong></span> <span class='ocrx_word' id='word_1_466' title='bbox 437 3872 575 3940; x_wconf 90' lang='lat' dir='ltr'><strong>interest,</strong></span> <span class='ocrx_word' id='word_1_467' title='bbox 589 3882 624 3929; x_wconf 93' lang='lat' dir='ltr'><strong>ut</strong></span> <span class='ocrx_word' id='word_1_468' title='bbox 636 3880 782 3945; x_wconf 88' lang='lat' dir='ltr'><strong>parentes</strong></span> <span class='ocrx_word' id='word_1_469' title='bbox 797 3876 914 3931; x_wconf 80' lang='lat' dir='ltr'><strong>bonurn</strong></span> <span class='ocrx_word' id='word_1_470' title='bbox 929 3876 1106 3945; x_wconf 89' lang='lat' dir='ltr'><strong>exemplum</strong></span> <span class='ocrx_word' id='word_1_471' title='bbox 1121 3876 1291 3945; x_wconf 88' lang='lat' dir='ltr'><strong>praebeant</strong></span> <span class='ocrx_word' id='word_1_472' title='bbox 1303 3873 1422 3941; x_wconf 88' lang='lat' dir='ltr'><strong>liberis,</strong></span> <span class='ocrx_word' id='word_1_473' title='bbox 1436 3871 1572 3951; x_wconf 72' lang='lat' dir='ltr'><strong>maxime</strong></span> 
     </span>
     <span class='ocr_line' id='line_1_50' title="bbox 329 3940 1572 4012; baseline 0.001 -18"><span class='ocrx_word' id='word_1_474' title='bbox 329 3954 386 3995; x_wconf 85' lang='lat' dir='ltr'><strong>suu</strong></span> <span class='ocrx_word' id='word_1_475' title='bbox 406 3940 469 3996; x_wconf 91' lang='lat' dir='ltr'><strong>vita</strong></span> <span class='ocrx_word' id='word_1_476' title='bbox 488 3948 519 3997; x_wconf 89' lang='lat' dir='ltr'><strong>et</strong></span> <span class='ocrx_word' id='word_1_477' title='bbox 538 3949 646 3999; x_wconf 93' lang='lat' dir='ltr'><strong>mutua</strong></span> <span class='ocrx_word' id='word_1_478' title='bbox 671 3944 752 4001; x_wconf 89' lang='lat' dir='ltr'><strong>inter</strong></span> <span class='ocrx_word' id='word_1_479' title='bbox 777 3960 810 4000; x_wconf 89' lang='lat' dir='ltr'><strong>se</strong></span> <span class='ocrx_word' id='word_1_480' title='bbox 852 3961 912 4001; x_wconf 90' lang='lat' dir='ltr'><strong>ace.</strong></span> <span class='ocrx_word' id='word_1_481' title='bbox 941 3947 1090 4001; x_wconf 89' lang='lat' dir='ltr'><strong>Parentes</strong></span> <span class='ocrx_word' id='word_1_482' title='bbox 1115 3960 1133 4000; x_wconf 91' lang='lat' dir='ltr'><strong>a</strong></span> <span class='ocrx_word' id='word_1_483' title='bbox 1157 3944 1265 3999; x_wconf 87' lang='lat' dir='ltr'><strong>liberis</strong></span> <span class='ocrx_word' id='word_1_484' title='bbox 1291 3958 1417 4012; x_wconf 89' lang='lat' dir='ltr'><strong>semper</strong></span> <span class='ocrx_word' id='word_1_485' title='bbox 1443 3944 1572 3997; x_wconf 79' lang='lat' dir='ltr'><strong>maximi</strong></span> 
     </span>
     <span class='ocr_line' id='line_1_51' title="bbox 328 4010 1572 4095; baseline 0.002 -32"><span class='ocrx_word' id='word_1_486' title='bbox 328 4010 535 4066; x_wconf 88' lang='lat' dir='ltr'><strong>aestimentur</strong></span> <span class='ocrx_word' id='word_1_487' title='bbox 559 4019 691 4081; x_wconf 86' lang='lat' dir='ltr'><strong>oportet.</strong></span> <span class='ocrx_word' id='word_1_488' title='bbox 721 4015 800 4069; x_wconf 88' lang='lat' dir='ltr'><strong>ltern</strong></span> <span class='ocrx_word' id='word_1_489' title='bbox 843 4016 925 4070; x_wconf 88' lang='lat' dir='ltr'><strong>ebita</strong></span> <span class='ocrx_word' id='word_1_490' title='bbox 943 4015 1026 4070; x_wconf 91' lang='lat' dir='ltr'><strong>inter</strong></span> <span class='ocrx_word' id='word_1_491' title='bbox 1044 4020 1189 4095; x_wconf 80' lang='lat' dir='ltr'><strong>parentes</strong></span> <span class='ocrx_word' id='word_1_492' title='bbox 1209 4021 1239 4068; x_wconf 88' lang='lat' dir='ltr'><strong>et</strong></span> <span class='ocrx_word' id='word_1_493' title='bbox 1258 4012 1376 4069; x_wconf 90' lang='lat' dir='ltr'><strong>liberos</strong></span> <span class='ocrx_word' id='word_1_494' title='bbox 1396 4011 1505 4067; x_wconf 91' lang='lat' dir='ltr'><strong>relatio</strong></span> <span class='ocrx_word' id='word_1_495' title='bbox 1523 4015 1572 4066; x_wconf 89' lang='lat' dir='ltr'><strong>est</strong></span> 
     </span>
     <span class='ocr_line' id='line_1_52' title="bbox 325 4080 1570 4153; baseline 0.001 -20"><span class='ocrx_word' id='word_1_496' title='bbox 325 4080 549 4135; x_wconf 89' lang='lat' dir='ltr'><strong>conservanda.</strong></span> <span class='ocrx_word' id='word_1_497' title='bbox 587 4084 700 4138; x_wconf 84' lang='lat' dir='ltr'><strong>Amare</strong></span> <span class='ocrx_word' id='word_1_498' title='bbox 724 4084 839 4139; x_wconf 88' lang='lat' dir='ltr'><strong>debent</strong></span> <span class='ocrx_word' id='word_1_499' title='bbox 864 4091 1010 4153; x_wconf 88' lang='lat' dir='ltr'><strong>parentes</strong></span> <span class='ocrx_word' id='word_1_500' title='bbox 1035 4084 1151 4139; x_wconf 79' lang='lat' dir='ltr'><strong>liberos</strong></span> <span class='ocrx_word' id='word_1_501' title='bbox 1170 4092 1205 4138; x_wconf 92' lang='lat' dir='ltr'><strong>ut</strong></span> <span class='ocrx_word' id='word_1_502' title='bbox 1224 4098 1281 4151; x_wconf 88' lang='lat' dir='ltr'><strong>par</strong></span> <span class='ocrx_word' id='word_1_503' title='bbox 1299 4090 1356 4149; x_wconf 84' lang='lat' dir='ltr'><strong>est,</strong></span> <span class='ocrx_word' id='word_1_504' title='bbox 1381 4097 1446 4136; x_wconf 88' lang='lat' dir='ltr'><strong>nou</strong></span> <span class='ocrx_word' id='word_1_505' title='bbox 1467 4089 1570 4135; x_wconf 88' lang='lat' dir='ltr'><strong>tamen</strong></span> 
     </span>
     <span class='ocr_line' id='line_1_53' title="bbox 326 4148 1581 4230; baseline 0.002 -28"><span class='ocrx_word' id='word_1_506' title='bbox 326 4148 504 4230; x_wconf 80' lang='lat' dir='ltr'><strong>inordinato</strong></span> <span class='ocrx_word' id='word_1_507' title='bbox 523 4164 638 4213; x_wconf 88' lang='lat' dir='ltr'><strong>amore,</strong></span> <span class='ocrx_word' id='word_1_508' title='bbox 658 4150 708 4219; x_wconf 88' lang='lat' dir='ltr'><strong>ita,</strong></span> <span class='ocrx_word' id='word_1_509' title='bbox 734 4158 768 4208; x_wconf 90' lang='lat' dir='ltr'><strong>ut</strong></span> <span class='ocrx_word' id='word_1_510' title='bbox 787 4169 840 4209; x_wconf 89' lang='lat' dir='ltr'><strong>eos</strong></span> <span class='ocrx_word' id='word_1_511' title='bbox 861 4154 947 4209; x_wconf 87' lang='lat' dir='ltr'><strong>velut</strong></span> <span class='ocrx_word' id='word_1_512' title='bbox 966 4170 1024 4224; x_wconf 90' lang='lat' dir='ltr'><strong>pro</strong></span> <span class='ocrx_word' id='word_1_513' title='bbox 1044 4168 1077 4207; x_wconf 89' lang='lat' dir='ltr'><strong>re</strong></span> <span class='ocrx_word' id='word_1_514' title='bbox 1096 4153 1215 4208; x_wconf 89' lang='lat' dir='ltr'><strong>ludicra</strong></span> <span class='ocrx_word' id='word_1_515' title='bbox 1235 4152 1378 4216; x_wconf 86' lang='lat' dir='ltr'><strong>habeant,</strong></span> <span class='ocrx_word' id='word_1_516' title='bbox 1402 4150 1507 4206; x_wconf 88' lang='lat' dir='ltr'><strong>omuia</strong></span> <span class='ocrx_word' id='word_1_517' title='bbox 1533 4164 1581 4230; x_wconf 81' lang='lat' dir='ltr'><strong>ue-</strong></span> 
     </span>
     <span class='ocr_line' id='line_1_54' title="bbox 326 4220 1572 4292; baseline 0.001 -20"><span class='ocrx_word' id='word_1_518' title='bbox 326 4232 372 4272; x_wconf 84' lang='lat' dir='ltr'><strong>ers</strong></span> <span class='ocrx_word' id='word_1_519' title='bbox 420 4224 589 4287; x_wconf 80' lang='lat' dir='ltr'><strong>ermittant,</strong></span> <span class='ocrx_word' id='word_1_520' title='bbox 619 4220 710 4277; x_wconf 88' lang='lat' dir='ltr'><strong>etium</strong></span> <span class='ocrx_word' id='word_1_521' title='bbox 736 4238 780 4290; x_wconf 87' lang='lat' dir='ltr'><strong>ea,</strong></span> <span class='ocrx_word' id='word_1_522' title='bbox 828 4238 885 4278; x_wconf 86' lang='lat' dir='ltr'><strong>uae</strong></span> <span class='ocrx_word' id='word_1_523' title='bbox 912 4224 1128 4279; x_wconf 88' lang='lat' dir='ltr'><strong>auctoritatem</strong></span> <span class='ocrx_word' id='word_1_524' title='bbox 1156 4228 1322 4292; x_wconf 89' lang='lat' dir='ltr'><strong>parentum</strong></span> <span class='ocrx_word' id='word_1_525' title='bbox 1351 4220 1489 4275; x_wconf 87' lang='lat' dir='ltr'><strong>laedunt.</strong></span> <span class='ocrx_word' id='word_1_526' title='bbox 1551 4234 1572 4272; x_wconf 92' lang='grc' dir='ltr'><strong>ι-</strong></span> 
     </span>
     <span class='ocr_line' id='line_1_55' title="bbox 328 4238 1579 4360; baseline 0.001 -19"><span class='ocrx_word' id='word_1_527' title='bbox 328 4286 388 4343; x_wconf 88' lang='lat' dir='ltr'><strong>den</strong></span> <span class='ocrx_word' id='word_1_528' title='bbox 413 4302 464 4343; x_wconf 92' lang='lat' dir='ltr'><strong>um</strong></span> <span class='ocrx_word' id='word_1_529' title='bbox 485 4289 586 4356; x_wconf 90' lang='lat' dir='ltr'><strong>etiam,</strong></span> <span class='ocrx_word' id='word_1_530' title='bbox 606 4290 711 4359; x_wconf 89' lang='lat' dir='ltr'><strong>quales</strong></span> <span class='ocrx_word' id='word_1_531' title='bbox 732 4238 922 4348; x_wconf 58' lang='lat' dir='ltr'><strong>siutiamnli</strong></span> <span class='ocrx_word' id='word_1_532' title='bbox 941 4298 972 4349; x_wconf 93' lang='lat' dir='ltr'><strong>et</strong></span> <span class='ocrx_word' id='word_1_533' title='bbox 987 4292 1130 4360; x_wconf 87' lang='lat' dir='ltr'><strong>famulae,</strong></span> <span class='ocrx_word' id='word_1_534' title='bbox 1158 4292 1344 4359; x_wconf 88' lang='lat' dir='ltr'><strong>quibuscum</strong></span> <span class='ocrx_word' id='word_1_535' title='bbox 1373 4289 1459 4346; x_wconf 86' lang='lat' dir='ltr'><strong>liberi</strong></span> <span class='ocrx_word' id='word_1_536' title='bbox 1481 4288 1579 4343; x_wconf 82' lang='lat' dir='ltr'><strong>maxi--</strong></span> 
     </span>
    </p>
   </div>
   <div class='ocr_carea' id='block_1_2' title="bbox 848 361 1041 418">
    <p class='ocr_par' dir='ltr' id='par_1_4' title="bbox 848 361 1041 418">
     <span class='ocr_line' id='line_1_56' title="bbox 848 361 1041 418; baseline -0.005 0"><span class='ocrx_word' id='word_1_537' title='bbox 848 361 1041 418; x_wconf 81' lang='lat' dir='ltr'><strong>-aco-</strong></span> 
     </span>
    </p>
   </div>
   <div class='ocr_carea' id='block_1_3' title="bbox 330 4356 1569 4485">
    <p class='ocr_par' dir='ltr' id='par_1_5' title="bbox 330 4356 1569 4485">
     <span class='ocr_line' id='line_1_57' title="bbox 330 4356 1569 4485; baseline 0.001 -74"><span class='ocrx_word' id='word_1_538' title='bbox 330 4371 414 4411; x_wconf 91' lang='lat' dir='ltr'><strong>mum</strong></span> <span class='ocrx_word' id='word_1_539' title='bbox 441 4358 592 4428; x_wconf 84' lang='lat' dir='ltr'><strong>temporis</strong></span> <span class='ocrx_word' id='word_1_540' title='bbox 620 4360 754 4425; x_wconf 89' lang='lat' dir='ltr'><strong>spatium</strong></span> <span class='ocrx_word' id='word_1_541' title='bbox 781 4363 969 4432; x_wconf 83' lang='lat' dir='ltr'><strong>transigunt.</strong></span> <span class='ocrx_word' id='word_1_542' title='bbox 1056 4362 1271 4417; x_wconf 85' lang='lat' dir='ltr'><strong>Praenriorum</strong></span> <span class='ocrx_word' id='word_1_543' title='bbox 1296 4366 1327 4416; x_wconf 90' lang='lat' dir='ltr'><strong>et</strong></span> <span class='ocrx_word' id='word_1_544' title='bbox 1338 4374 1518 4485; x_wconf 45' lang='lat' dir='ltr'><strong>{cenarum</strong></span> <span class='ocrx_word' id='word_1_545' title='bbox 1537 4356 1569 4412; x_wconf 91' lang='lat' dir='ltr'><strong>in</strong></span> 
     </span>
    </p>
   </div>
   <div class='ocr_carea' id='block_1_4' title="bbox 327 4424 1579 4703">
    <p class='ocr_par' dir='ltr' id='par_1_6' title="bbox 327 4424 1579 4703">
     <span class='ocr_line' id='line_1_58' title="bbox 328 4424 1300 4506; baseline 0.004 -26"><span class='ocrx_word' id='word_1_546' title='bbox 328 4424 510 4506; x_wconf 76' lang='lat' dir='ltr'><strong>educatione</strong></span> <span class='ocrx_word' id='word_1_547' title='bbox 530 4426 593 4483; x_wconf 89' lang='lat' dir='ltr'><strong>vim</strong></span> <span class='ocrx_word' id='word_1_548' title='bbox 613 4435 722 4484; x_wconf 88' lang='lat' dir='ltr'><strong>auctor</strong></span> <span class='ocrx_word' id='word_1_549' title='bbox 740 4430 824 4485; x_wconf 92' lang='lat' dir='ltr'><strong>iusto</strong></span> <span class='ocrx_word' id='word_1_550' title='bbox 843 4432 975 4487; x_wconf 88' lang='lat' dir='ltr'><strong>minoris</strong></span> <span class='ocrx_word' id='word_1_551' title='bbox 999 4432 1144 4486; x_wconf 88' lang='lat' dir='ltr'><strong>aestimat</strong></span> <span class='ocrx_word' id='word_1_552' title='bbox 1169 4435 1210 4500; x_wconf 89' lang='lat' dir='ltr'><strong>(p.</strong></span> <span class='ocrx_word' id='word_1_553' title='bbox 1230 4432 1300 4497; x_wconf 79' lang='lat'><strong>187).</strong></span> 
     </span>
     <span class='ocr_line' id='line_1_59' title="bbox 328 4495 1579 4571; baseline 0.001 -21"><span class='ocrx_word' id='word_1_554' title='bbox 328 4495 451 4563; x_wconf 81' lang='lat' dir='ltr'><strong>quidem</strong></span> <span class='ocrx_word' id='word_1_555' title='bbox 472 4502 520 4552; x_wconf 91' lang='lat' dir='ltr'><strong>est</strong></span> <span class='ocrx_word' id='word_1_556' title='bbox 538 4512 645 4553; x_wconf 90' lang='lat' dir='ltr'><strong>earum</strong></span> <span class='ocrx_word' id='word_1_557' title='bbox 666 4498 782 4555; x_wconf 89' lang='lat' dir='ltr'><strong>nimius</strong></span> <span class='ocrx_word' id='word_1_558' title='bbox 801 4507 830 4556; x_wconf 92' lang='lat' dir='ltr'><strong>et</strong></span> <span class='ocrx_word' id='word_1_559' title='bbox 850 4502 1034 4571; x_wconf 90' lang='lat' dir='ltr'><strong>imprudens</strong></span> <span class='ocrx_word' id='word_1_560' title='bbox 1053 4516 1140 4569; x_wconf 91' lang='lat' dir='ltr'><strong>usus,</strong></span> <span class='ocrx_word' id='word_1_561' title='bbox 1160 4500 1243 4555; x_wconf 89' lang='lat' dir='ltr'><strong>haud</strong></span> <span class='ocrx_word' id='word_1_562' title='bbox 1264 4514 1340 4554; x_wconf 92' lang='lat' dir='ltr'><strong>vero</strong></span> <span class='ocrx_word' id='word_1_563' title='bbox 1358 4498 1461 4554; x_wconf 90' lang='lat' dir='ltr'><strong>omnis</strong></span> <span class='ocrx_word' id='word_1_564' title='bbox 1481 4511 1579 4553; x_wconf 46' lang='lat' dir='ltr'><strong>usust</strong></span> 
     </span>
     <span class='ocr_line' id='line_1_60' title="bbox 327 4565 1568 4649; baseline 0.002 -30"><span class='ocrx_word' id='word_1_565' title='bbox 327 4594 360 4603; x_wconf 88' lang='lat'><strong>-—</strong></span> <span class='ocrx_word' id='word_1_566' title='bbox 382 4565 508 4621; x_wconf 89' lang='lat' dir='ltr'><strong>Publica</strong></span> <span class='ocrx_word' id='word_1_567' title='bbox 526 4566 641 4649; x_wconf 89' lang='lat' dir='ltr'><strong>opinio,</strong></span> <span class='ocrx_word' id='word_1_568' title='bbox 668 4567 694 4623; x_wconf 92' lang='lat' dir='ltr'><strong>si</strong></span> <span class='ocrx_word' id='word_1_569' title='bbox 714 4570 794 4624; x_wconf 88' lang='lat' dir='ltr'><strong>mala</strong></span> <span class='ocrx_word' id='word_1_570' title='bbox 813 4576 869 4639; x_wconf 87' lang='lat' dir='ltr'><strong>est,</strong></span> <span class='ocrx_word' id='word_1_571' title='bbox 888 4587 950 4626; x_wconf 89' lang='lat' dir='ltr'><strong>non</strong></span> <span class='ocrx_word' id='word_1_572' title='bbox 970 4586 1104 4641; x_wconf 88' lang='lat' dir='ltr'><strong>parvum</strong></span> <span class='ocrx_word' id='word_1_573' title='bbox 1124 4569 1240 4625; x_wconf 89' lang='lat' dir='ltr'><strong>afferre</strong></span> <span class='ocrx_word' id='word_1_574' title='bbox 1259 4569 1339 4625; x_wconf 90' lang='lat' dir='ltr'><strong>solet</strong></span> <span class='ocrx_word' id='word_1_575' title='bbox 1357 4568 1475 4623; x_wconf 90' lang='lat' dir='ltr'><strong>homiui</strong></span> <span class='ocrx_word' id='word_1_576' title='bbox 1495 4574 1568 4629; x_wconf 79' lang='lat' dir='ltr'><strong>tenr-</strong></span> 
     </span>
     <span class='ocr_line' id='line_1_61' title="bbox 327 4636 1572 4703; baseline 0.001 -14"><span class='ocrx_word' id='word_1_577' title='bbox 327 4648 405 4703; x_wconf 88' lang='lat' dir='ltr'><strong>pore</strong></span> <span class='ocrx_word' id='word_1_578' title='bbox 429 4636 623 4692; x_wconf 81' lang='lat' dir='ltr'><strong>educationis</strong></span> <span class='ocrx_word' id='word_1_579' title='bbox 648 4638 892 4696; x_wconf 88' lang='lat' dir='ltr'><strong>incommodum.</strong></span> <span class='ocrx_word' id='word_1_580' title='bbox 927 4640 1004 4697; x_wconf 88' lang='lat' dir='ltr'><strong>Ideo</strong></span> <span class='ocrx_word' id='word_1_581' title='bbox 1023 4639 1252 4694; x_wconf 85' lang='lat' dir='ltr'><strong>ostendendum</strong></span> <span class='ocrx_word' id='word_1_582' title='bbox 1272 4646 1320 4693; x_wconf 88' lang='lat' dir='ltr'><strong>est</strong></span> <span class='ocrx_word' id='word_1_583' title='bbox 1339 4637 1455 4701; x_wconf 89' lang='lat' dir='ltr'><strong>liberis,</strong></span> <span class='ocrx_word' id='word_1_584' title='bbox 1475 4636 1572 4691; x_wconf 88' lang='lat' dir='ltr'><strong>talem</strong></span> 
     </span>
    </p>
   </div>
   <div class='ocr_carea' id='block_1_5' title="bbox 1366 4428 1573 4499">
    <p class='ocr_par' dir='ltr' id='par_1_7' title="bbox 1366 4428 1573 4499">
     <span class='ocr_line' id='line_1_62' title="bbox 1366 4428 1573 4499; baseline -0.014 -16"><span class='ocrx_word' id='word_1_585' title='bbox 1366 4428 1573 4499; x_wconf 84' lang='lat' dir='ltr'><strong>eprobandus</strong></span> 
     </span>
    </p>
   </div>
   <div class='ocr_carea' id='block_1_6' title="bbox 0 0 1732 5342">
    <p class='ocr_par' dir='ltr' id='par_1_8' title="bbox 0 0 1732 5342">
     <span class='ocr_line' id='line_1_63' title="bbox 0 0 1732 5342; baseline 0 0"><span class='ocrx_word' id='word_1_586' title='bbox 0 0 1732 5342; x_wconf 95' lang='lat' dir='ltr'><strong> </strong></span> 
     </span>
    </p>
   </div>
  </div>
 </body>
</html>
