3450 5342
823 426 863 437 -
888 394 951 451 230
973 425 1015 437 -

295 580 446 644 ordinatis,
464 582 498 632 ut
512 581 693 649 indulgentia
704 582 756 633 Dei
774 581 830 633 nisi
851 581 1197 647 supplicationibus
1217 582 1399 636 sacerdotum
1419 584 1549 645 nequeat

296 649 447 773 pptiptpri‘t
485 650 524 703 Cf.
544 650 633 703 etiam
651 651 794 717 Anonymi
819 668 854 703 ex
874 666 948 703 saec.
967 651 1014 704 Xl.
1034 651 1117 717 epist.
1136 666 1181 716 sp.
1201 652 1299 719 lligne
1323 649 1422 717 t156,
1449 666 1470 703 c.
1489 648 1548 702 693

401 805 509 857 trube.
527 805 657 858 Ecclesia
675 808 789 859 tantum
803 821 885 858 suam
899 807 1039 859 offensam
1059 807 1221 859 condonare
1235 810 1337 873 potest.
1356 806 1388 859 ld
1407 807 1550 872 probatur

296 874 442 941 imprimis
460 890 495 926 ex
514 887 569 927 usu
588 874 724 941 liturgico
742 876 946 927 vocabulorum
973 876 1098 957 „ligare“
1118 880 1146 928 et
1165 876 1310 941 „solvere“
1328 892 1379 943 pro
1398 874 1550 941 epitimias

298 945 446 1010 imponere
464 945 629 1009 (excludere
646 946 684 996 ab
701 944 902 997 Eucharistiae
920 944 1153 1012 participatione)
1172 961 1279 1011 easque
1298 947 1415 999 solvere.
1436 946 1478 997 lla
1497 944 1553 996 his'

297 1013 418 1065 uocibus
436 1014 558 1065 ecelesia
577 1015 726 1067 orientalis
745 1015 835 1067 utitrrr
853 1014 900 1078 (ci.
919 1015 1074 1083 Encholog.
1099 1015 1143 1067 ed.
1168 1016 1250 1067 Rom.
1276 1032 1302 1081 p.
1321 1012 1393 1083 333).
1411 1044 1445 1051 -
1464 1014 1547 1067 idem

298 1086 423 1136 testatur
441 1083 547 1151 Beda,
566 1085 597 1136 ln
618 1082 698 1150 Lch,
718 1084 762 1135 17:
781 1084 934 1151 „Quisquis
953 1086 997 1136 vel
1018 1084 1165 1137 haeretica
1181 1085 1324 1151 pravitate
1343 1086 1387 1137 uel
1407 1084 1550 1151 supersti-

299 1153 377 1205 tione
396 1153 508 1221 gentili,
526 1155 571 1205 vel
591 1153 708 1205 Iudaica
727 1153 857 1219 pertidia,
877 1154 920 1205 uel
936 1154 1024 1219 etiam
1039 1154 1196 1207 schismate
1215 1154 1349 1221 fraterno,
1369 1154 1450 1219 quasi
1464 1152 1550 1205 vario

299 1224 393 1275 colore
413 1238 462 1287 per
481 1222 596 1274 Domini
615 1224 740 1290 gratiam
759 1222 892 1287 caruerit,
919 1238 1038 1277 necesse
1057 1226 1102 1276 est
1119 1224 1158 1275 ad
1177 1225 1330 1277 ecclesiam
1347 1223 1445 1275 veniat
1471 1223 1550 1274 colo-

301 1307 420 1357 remque
439 1290 505 1343 iidei
525 1307 635 1354 rerum,
654 1308 740 1357 quem
759 1292 911 1359 acceperit,
930 1294 1072 1347 ostendet.
1110 1293 1210 1345 t'etera
1229 1309 1297 1345 vero
1316 1294 1386 1345 vitia
1405 1296 1548 1356 tanquam

299 1361 477 1414 valetudinis
505 1367 532 1413 et
557 1362 640 1427 (quasi
665 1363 859 1414 membrorum
885 1362 1001 1414 animae
1025 1366 1112 1428 atque
1141 1378 1287 1429 sensuum,
1314 1378 1366 1429 per
1391 1378 1422 1413 se
1449 1361 1550 1427 ipsum

299 1431 432 1553 {merges5
446 1431 673 1552 ip6conscieutia
697 1436 724 1483 et
744 1431 893 1484 intellectu
914 1432 1053 1483 llominus
1079 1438 1162 1485 sanat
1182 1436 1211 1484 et
1230 1432 1355 1499 corrigit.
1393 1432 1432 1484 Cf.
1453 1432 1482 1482 in
1501 1446 1549 1495 ep.

313 1516 395 1553 acor
433 1542 439 1564 ,
493 1541 499 1553 .

305 1648 308 1655 Ι
405 1588 477 1641 Dub.
503 1587 527 1639 7.
563 1588 671 1639 Saltem
695 1586 821 1639 venialia
846 1590 966 1652 peccata
992 1588 1029 1639 ab
1055 1588 1178 1639 ecclesia
1196 1588 1303 1641 remitti
1334 1603 1390 1640 non
1417 1590 1549 1655 possunt.

300 1658 421 1711 Goari
434 1673 478 1709 us
505 1657 582 1708 enim
603 1657 631 1708 in
650 1656 805 1724 Eucholog.
825 1672 851 1722 p.
870 1656 922 1709 697
941 1656 982 1708 sic
1001 1656 1140 1709 describit
1157 1658 1329 1709 Graecorum
1349 1658 1552 1723 disciplinam:

300 1729 401 1780 Patres
427 1726 593 1793 spirituales
612 1726 747 1778 sedentes
766 1726 946 1792 poenitentes
965 1741 1016 1793 pro
1035 1727 1229 1795 exomologesi
1248 1726 1377 1780 audiunt.
1414 1728 1441 1779 Si
1467 1728 1551 1777 leues

302 1803 332 1850 et
356 1796 442 1848 venia
466 1795 571 1864 dignas
591 1797 691 1861 culpas
710 1796 963 1862 apprehenderint,
991 1797 1100 1847 nullom
1120 1796 1260 1849 adhibent
1285 1797 1467 1859 solutionem,
1496 1796 1551 1847 sed

303 1868 339 1919 de
358 1866 406 1933 pio
425 1867 550 1931 quodam
570 1880 656 1930 opere
674 1866 836 1917 exercendo
853 1866 995 1918 monitum
1014 1866 1107 1918 antire
1125 1866 1251 1920 reddunt
1269 1870 1321 1919 etc.

405 1965 505 2021 Etiam
529 1962 606 2021 hanc
630 1972 742 2041 partem
767 1961 963 2042 suppeditare,
987 1963 1066 2023 unde
1090 1974 1218 2042 potestas
1242 1964 1368 2023 clavium
1401 1962 1551 2040 probetur*

302 2051 442 2130 probatur
466 2045 522 2107 1⁰:
546 2054 658 2107 timnes
681 2050 824 2108 ecclesiae
848 2059 950 2108 tenent
972 2050 1111 2109 traditam
1136 2050 1191 2107 sibi
1215 2071 1280 2109 esse
1303 2072 1320 2109 a
1344 2051 1473 2107 llornino
1496 2070 1550 2126 po-

302 2148 439 2197 testatem
470 2135 640 2195 remittendi
671 2146 792 2215 peccata
822 2139 922 2195 omnia
953 2150 1017 2215 post
1040 2137 1218 2215 baptismum
1242 2139 1405 2195 commissa.
1433 2137 1467 2193 in
1491 2138 1553 2193 ritu

303 2230 442 2305 Syrorum
474 2222 627 2303 (Dionysii
650 2222 812 2299 Barsaiibi)
844 2222 980 2281 sacerdos
1011 2226 1175 2301 poenitenti
1198 2224 1331 2282 confesso
1354 2222 1446 2281 dicit:
1484 2223 1555 2299 Ego

302 2312 419 2370 dimitto
435 2310 491 2368 tibi
514 2310 563 2367 hic
585 2311 708 2368 etDeus
732 2312 762 2367 in
785 2311 875 2369 caelo.
899 2311 939 2367 Et
962 2312 1031 2389 quia
1055 2311 1127 2368 haec
1150 2312 1224 2369 milri
1247 2311 1297 2369 hic
1317 2311 1465 2379 revelasti,
1490 2312 1553 2367 iam

302 2420 362 2457 non
393 2396 602 2457 revelabuntur
633 2399 665 2454 in
687 2396 736 2455 die
760 2397 861 2455 iudicii
894 2417 949 2455 nec
979 2418 1078 2455 corum
1107 2418 1230 2475 poenam
1254 2398 1326 2456 lues.
1352 2432 1390 2440 —
1423 2396 1459 2456 In
1492 2398 1551 2453 ritu

302 2488 501 2545 Armenorum
523 2486 678 2561 poenitens
693 2494 790 2561 rogat:
814 2487 923 2542 Sancte
945 2494 1037 2561 pater,
1060 2493 1089 2541 te
1113 2484 1207 2543 habeo
1231 2484 1422 2543 mediatorem
1447 2504 1552 2541 recon-

303 2573 464 2631 ciliationis
495 2582 524 2629 et
547 2572 771 2629 intercessorem
801 2569 879 2649 apud
908 2571 1018 2628 Filium
1050 2571 1234 2648 unigenitum
1265 2582 1295 2630 et
1323 2592 1401 2647 roge,
1436 2580 1467 2627 ut
1500 2590 1555 2647 per

303 2669 479 2738 potestatem
502 2657 556 2715 tibi
579 2658 688 2719 datam.
721 2678 768 2715 me
791 2658 958 2715 avinculis
988 2666 1172 2735 peccatorum
1196 2679 1324 2717 meorum
1350 2657 1465 2715 liberes.
1511 2657 1554 2713 Et

304 2744 440 2805 sacerdos
470 2765 537 2802 eum
560 2744 689 2802 absolvit
719 2744 766 2803 his
788 2743 906 2802 verbis:
939 2744 978 2801 Et
1001 2765 1055 2821 ego
1078 2747 1186 2802 virtute
1210 2744 1399 2803 sacerdotalis
1433 2742 1554 2803 crstinu-

303 2835 402 2904 tionis,
436 2853 474 2889 ex
497 2839 641 2909 potestate
670 2831 814 2888 divinitus
843 2851 982 2889 concessa
1012 2834 1149 2909 iussuque
1181 2830 1303 2889 divino:
1339 2829 1553 2908 Quaecumque

305 2920 454 2979 solveritis
477 2929 702 2995 superterram,
734 2928 820 2975 erunt
843 2918 938 2977 soluta
961 2927 990 2975 et
1012 2921 1043 2975 in
1067 2919 1156 2988 caclo,
1180 2918 1339 2977 secundum
1363 2918 1436 2975 haec
1461 2915 1555 2975 rerba

306 3006 428 3065 absolvo
448 3020 478 3062 te
501 3004 538 3062 ab
562 3008 641 3063 omni
670 3005 789 3062 vinculo
810 3014 993 3081 peecatorum
1007 3015 1129 3075 tuorum,
1153 3004 1418 3081 acogitationibus,
1443 3002 1551 3075 uerbis,

306 3092 442 3172 operibus
472 3095 504 3149 in
536 3094 654 3149 nomine
683 3093 783 3149 Patris
813 3103 842 3148 et
873 3092 944 3148 Filii
976 3102 1004 3149 et
1035 3094 1161 3170 h‘piritus
1192 3114 1213 3153 s.
1244 3102 1274 3149 et
1305 3094 1426 3150 restituo
1455 3102 1484 3148 tc
1519 3092 1552 3147 in

304 3183 431 3259 priorem
456 3188 563 3237 statum
587 3200 639 3256 per
662 3190 877 3237 sacramentum
902 3178 1043 3236 ecclesiae
1067 3189 1096 3237 et
1120 3178 1263 3257 quidquid
1287 3178 1357 3237 boni
1381 3178 1494 3248 leceris,
1518 3179 1550 3235 in

307 3276 424 3327 auctum
437 3268 606 3323 meritorum
619 3276 734 3324 tuorum
757 3267 840 3322 etin
863 3265 987 3341 gloriam
1012 3268 1090 3323 vitae
1103 3280 1240 3324 aeternae
1264 3264 1318 3325 tibi
1332 3265 1485 3339 tribuatur.
1509 3298 1548 3305 -

305 3356 343 3416 In
373 3357 430 3411 ritn
462 3354 621 3431 Coptorum
652 3363 827 3429 provocatur
855 3350 891 3409 ad
924 3362 1097 3429 potestatem
1129 3374 1174 3431 ap.
1200 3354 1231 3411 lo
1255 3356 1305 3423 20,
1341 3355 1379 3409 23
1405 3352 1551 3413 collatam.

307 3442 446 3500 Ceterum
469 3439 506 3497 cf.
528 3440 562 3498 P.
574 3440 662 3510 Paes,
696 3439 830 3497 Historia
853 3436 1021 3515 aethiopica
1044 3438 1164 3515 (lterum
1188 3440 1371 3518 Athiopiear.
1395 3440 1552 3517 scriptores

307 3528 465 3587 orientales
488 3526 545 3584 vol.
570 3526 610 3585 ΙΙ.
632 3527 667 3586 lt,
693 3524 787 3603 tello)
811 3525 829 3583 l.
855 3529 882 3593 2,
906 3546 929 3583 c.
956 3528 1003 3587 td.
1029 3561 1066 3568 —
1092 3528 1128 3584 in
1152 3528 1208 3584 ritu
1231 3528 1392 3585 Russorum
1416 3523 1552 3583 sacerdos

306 3614 468 3672 admonens
502 3614 702 3671 confessurum
726 3632 767 3670 stc
790 3612 929 3690 loquitur:
952 3610 1551 3691 'l'odijupetistisjasokruiritiqjaserdcem

308 3704 401 3760 tvoim
431 3722 448 3759 o
478 3701 552 3773 vsdb
582 3700 688 3776 griseis
711 3700 803 3773 tvoib,
839 3702 847 3755 i
872 3701 937 3777 tyja
959 3700 1099 3777 tiospodu
1123 3702 1206 3777 Bogu
1239 3709 1366 3765 trocmu,
1402 3697 1554 3757 ueridimo

310 3810 324 3845 s
347 3789 428 3845 nami
452 3791 544 3857 suisdu,
567 3786 658 3864 predo
681 3788 782 3861 mnoju
805 3788 997 3865 smirenuym,
1021 3787 1128 3845 vlast'
1150 3788 1397 3862 razrd'senija
1420 3795 1449 3843 ot
1467 3786 1553 3860 Nego

307 3875 467 3951 priemiim,
501 3876 612 3931 istinno
635 3872 818 3951 ispovddati“
854 3918 860 3930 .
885 3918 891 3930 .
915 3918 921 3931 .
945 3884 973 3931 et
1001 3873 1167 3952 ,Izpovdtd
1188 3894 1250 3932 sam
1275 3875 1378 3948 natja
1409 3871 1552 3929 bezzuko-

308 3962 373 4036 nija
401 3961 484 4035 troja
505 3959 596 4037 predo
619 3962 721 4036 mnoju
743 3962 893 4038 grdduym,
927 3959 965 4018 da
988 3963 1080 4037 priem
1104 3962 1277 4033 rezrdicnie,
1301 3958 1499 4031 svohodirlisja
1520 3968 1552 4015 ot

307 4068 343 4105 uz
375 4045 560 4125 grdlporuyip,
594 4049 733 4123 odistisja,
767 4046 911 4104 iisedien
941 4046 1044 4105 budesi
1075 4046 1207 4105 duievuo
1230 4038 1551 4125 biagodatiiu'Boga“.

307 4134 477 4192 Absolvens
500 4146 597 4190 autem
621 4133 713 4192 dicit:
749 4132 895 4211 ,Gospod
919 4136 928 4189 i
953 4135 1017 4211 Bog
1039 4140 1092 4192 nai
1115 4135 1192 4191 lisus
1216 4135 1343 4210 Eristos,
1367 4131 1552 4209 biagodatiju

309 4223 319 4278 i
343 4220 517 4279 siedrotarni
542 4221 657 4297 Svoego
681 4219 931 4297 deicvekoljubija
954 4220 992 4278 da
1014 4222 1118 4299 prostit
1141 4224 1173 4291 ti,
1196 4220 1268 4278 dado
1292 4221 1330 4278 N
1353 4220 1399 4287 N,
1422 4220 1488 4294 usjn
1509 4238 1552 4277 so·

308 4308 457 4385 gresenija
487 4309 588 4382 troja:
623 4310 633 4364 i
661 4328 695 4365 aa
726 4306 915 4387 nedostojnyj
948 4310 1029 4383 ierej,
1063 4309 1185 4385 vlastiju
1215 4308 1280 4385 ligo
1315 4308 1382 4365 mnis
1413 4305 1553 4381 dannoju,

307 4395 442 4472 proidaju
466 4395 476 4451 i
499 4396 646 4470 razrdsaju
676 4396 728 4469 tja,
759 4405 788 4452 ot
818 4395 892 4467 vsdip
921 4395 1032 4471 grdhov
1062 4396 1154 4469 troili,
1178 4416 1215 4452 vo
1240 4396 1313 4470 imja
1336 4397 1412 4451 tltca
1436 4395 1446 4449 i
1469 4394 1552 4471 Syna

308 4482 485 4558 iSvjalago
508 4481 606 4553 Duha.
628 4482 761 4538 Amin‘!
798 4516 836 4523 -
873 4482 981 4539 Graeci
1005 4493 1164 4559 provocant
1188 4481 1225 4539 ad
1249 4482 1281 4539 lo
1307 4484 1355 4551 tt),
1391 4483 1430 4537 23
1456 4491 1484 4537 ct
1508 4499 1552 4536 se-

309 4567 437 4626 cundum
471 4568 686 4644 Euchologinm
721 4567 767 4625 cd.
790 4569 874 4625 Rom.
898 4568 1034 4626 sacerdos
1068 4568 1225 4627 absolvens
1259 4567 1350 4626 dicit:
1386 4566 1487 4633 Αὐτὸς
1521 4565 1556 4635 ἕξ

311 4655 412 4732 ὕψους
433 4653 558 4732 παρίὸοι
591 4677 637 4714 ooc
660 4654 762 4720 πάσας
794 4654 848 4721 τὰς
879 4654 1033 4734 ἁμαρτίας
1065 4655 1117 4716 καὶ
1141 4654 1176 4715 td
1208 4651 1459 4735 πλημμελήματά
1488 4672 1553 4713 σου.
