3450 5342
721 562 761 571 -
785 530 847 585 213
873 562 912 571 -

186 718 238 778 Cf.
260 718 432 777 Constit.
454 728 577 795 apost.
599 718 617 779 Ι.
642 720 670 787 ’8,
692 738 716 777 c.
740 719 772 778 9:
796 714 1024 797 Παντόκρατορ
1052 714 1110 779 bet
1133 718 1238 779 σῖώνιε
1261 766 1267 779 .
1290 767 1295 777 .
1317 766 1322 779 ,
1346 716 1441 785 αὐτὸς

187 804 244 865 καί
266 809 324 865 νῦν
344 804 495 883 πρόῦεξαι
517 808 580 865 τῶν
611 804 722 865 λκετιῦν
744 827 802 865 σου
826 802 881 883 τὴν
902 805 1115 884 μετάγνωσιν·
1150 804 1193 865 ὅτι
1218 804 1278 866 οὐκ
1302 804 1380 865 ἔστιν
1402 804 1440 873 ὃς

185 892 251 972 οὐχ
273 891 485 970 ἁμαρτήσειαί
503 913 628 952 σοι-
647 890 700 951 καί
723 890 981 971 ἀποκατάστησον
1004 890 1119 960 αι’τοῦς
1135 896 1170 972 τῇ
1196 891 1268 970 ἁγίᾳ
1283 914 1341 953 σου
1361 888 1399 951 Ἐ
1403 912 1440 953 κ-

185 978 340 1058 κληοίᾳ
363 978 396 1038 ἔν
417 982 453 1058 τῇ
475 978 612 1057 προτέρᾳ
635 977 706 1057 ἀξίᾳ
729 977 781 1038 καί
794 984 876 1058 τιμῇ,
900 978 950 1041 διὰ
973 983 1028 1039 τοῦ
1046 976 1182 1057 Χριστοῦ
1206 983 1259 1039 τοῦ
1281 974 1363 1040 Θεοῦ
1386 978 1440 1039 καὶ

185 1063 345 1144 Σωτῆρος
367 1065 469 1143 ἡμῶν·

296 1145 346 1231 D)
370 1150 452 1209 ldem
475 1151 710 1210 confirmatusus
733 1150 873 1229 loquendi
898 1153 927 1209 in
941 1153 997 1209 ritu
1021 1150 1180 1209 confitendi
1196 1151 1437 1229 graeco-slavica.

187 1238 227 1296 ln
250 1238 363 1295 alarico
397 1240 519 1295 recitato
545 1238 637 1295 Ps.4
671 1239 714 1296 sic
736 1248 854 1296 oratur:
890 1239 1007 1315 (ltpnsti
1032 1258 1098 1296 emu
1133 1240 1198 1314 vsja
1229 1240 1439 1317 pregrelseuija,

187 1324 321 1400 uol‘naja
344 1328 354 1382 i
377 1325 545 1399 uevul‘naja
567 1325 577 1381 i
600 1327 709 1383 sotvori
732 1345 787 1401 ego
810 1324 971 1383 obestnika
993 1322 1139 1405 (obedilra)
1163 1327 1322 1403 spuseniJu,
1346 1327 1355 1383 i
1383 1346 1440 1385 so-

185 1413 310 1487 cetaj
335 1433 390 1488 ego
413 1411 463 1471 lro
485 1412 657 1487 srjatej
681 1412 820 1487 'l'voej
846 1411 1014 1470 Cerkri
1037 1412 1088 1489 (cl.
1111 1414 1273 1471 orationem
1296 1422 1364 1471 ante
1388 1410 1440 1470 ab·

185 1498 387 1557 solutionem:
421 1501 491 1557 Sam
514 1499 523 1555 i
547 1500 628 1577 nynb
649 1498 860 1573 nmilostivisja
889 1518 906 1557 o
929 1497 999 1557 rabll
1021 1498 1135 1557 'l'voem
1160 1500 1196 1557 N.
1220 1500 1256 1561 N.
1281 1502 1289 1557 i
1314 1497 1438 1577 podald⁴

185 1606 258 1643 euru
280 1587 432 1663 proscenia
454 1585 567 1661 grdbov
589 1632 597 1645 .
621 1587 691 1648 ..i
714 1584 829 1643 soedini
852 1606 908 1661 ego
931 1587 1036 1660 svjatej
1061 1586 1155 1661 Tvoej
1182 1582 1319 1665 Ccrlrvi);
1353 1596 1381 1645 et
1406 1588 1437 1643 iu

188 1674 249 1730 ritn
271 1692 377 1749 graeco
398 1674 430 1731 in
453 1674 586 1730 oratione
608 1670 814 1731 absolutionis:
850 1671 954 1739 Αὐτὸς
977 1669 1035 1733 οῦν
1057 1672 1207 1743 Δέσποτα,
1231 1673 1439 1753 συγχώρησον

184 1758 243 1820 καὶ
264 1758 319 1819 τὸν
341 1758 457 1820 ὁοῦλόν
478 1782 546 1829 σου,
576 1759 596 1819 ὃ
626 1759 675 1819 ἐπὶ
696 1764 760 1826 τοῖς
782 1758 877 1828 lotoe,
907 1757 954 1827 οίς
977 1759 1091 1837 ἔπραξε
1125 1759 1369 1839 πλημμελήμαοι
1393 1758 1436 1819 δι’

188 1846 270 1924 ἐμοῦ
293 1850 348 1907 τοῦ
370 1845 499 1917 ἀναξίου
522 1845 575 1907 καὶ
596 1846 754 1914 εὐτελοῦς·
778 1845 831 1907 καὶ
854 1844 1048 1926 διαλλάγηθι,
1071 1844 1123 1906 καί
1146 1846 1230 1907 ἕνα)
1243 1869 1261 1907 ο
1274 1870 1322 1907 ον
1344 1844 1440 1906 αὐτὸν

187 1939 227 2013 τῇ
250 1933 322 2011 ἁγίᾳ
345 1955 404 1994 σου
422 1930 461 1993 Ἐ
468 1933 635 2012 κκληοί
644 1954 673 2013 ᾳ.

299 2014 347 2097 Ε)
380 2020 519 2098 Denique
551 2020 695 2098 explicari
727 2018 839 2097 alioqui
872 2039 931 2077 non
961 2028 1067 2096 posset.
1102 2017 1179 2097 qnod
1214 2028 1316 2077 eontra
1339 2018 1439 2077 Nova-

186 2108 288 2164 tianos
310 2106 367 2164 lroc
390 2105 477 2165 modo
499 2116 703 2182 argumentum
726 2104 817 2163 fiebat
840 2105 881 2182 (v.
893 2126 920 2183 g.
938 2106 1169 2185 llpiphanii,
1194 2105 1284 2163 Haer.
1301 2107 1349 2177 59,
1374 2125 1402 2164 n.
1418 2108 1437 2163 4

190 2195 277 2269 -’-7),
300 2203 332 2250 nt
354 2192 495 2251 admissio
517 2192 596 2271 apud
620 2194 714 2252 llenm
739 2192 971 2252 identificaretur
993 2213 1058 2250 curu
1086 2191 1265 2251 admissione
1289 2194 1320 2251 in
1344 2190 1437 2251 eccle-

186 2282 243 2338 sia.
268 2278 327 2357 (Cf.
350 2279 577 2349 Palmieri,
599 2280 646 2337 De
669 2300 754 2359 poen.
777 2279 819 2337 th.
843 2280 870 2347 9,
896 2280 935 2351 Il,
959 2279 1000 2357 4).

300 2366 394 2425 Immo
417 2370 482 2445 ipsa
504 2369 655 2425 concessio
678 2368 880 2445 poenitentiae
897 2368 952 2425 fuit
969 2387 1034 2425 cum
1052 2368 1227 2425 remissione
1250 2376 1437 2445 peccatorum

187 2454 356 2511 coniuncta.
384 2454 429 2512 Cf.
458 2454 583 2512 Conc.
614 2455 940 2512 Arausicanum
972 2454 1009 2531 (a.
1038 2452 1113 2531 449)
1145 2472 1190 2515 cu.
1224 2456 1280 2511 12:
1316 2452 1437 2525 ,Subito

166 2538 404 2612 obmutescens,
426 2550 512 2619 prout
535 2550 628 2599 status
651 2542 715 2599 eius
737 2551 791 2611 est,
814 2540 959 2619 baptizari
984 2548 1034 2599 aut
1057 2542 1270 2619 poenitentiam
1305 2542 1438 2617 accipere

187 2636 295 2705 potest,
319 2630 353 2685 si.
377 2673 383 2685 .
408 2676 413 2688 .
437 2631 462 2686 .“
489 2628 811 2705 —Inscriptio
833 2648 871 2686 ex
896 2648 921 2685 a.
946 2630 1017 2685 517.
1037 2628 1134 2705 Aquis
1150 2626 1261 2685 Sextiis
1278 2648 1324 2705 ap.
1341 2624 1438 2687 Maf-

189 2714 206 2771 f
214 2716 335 2784 cium,
360 2716 482 2793 Antiqn.
505 2714 584 2775 Gall.
606 2736 633 2793 p.
656 2717 716 2773 100
739 2714 894 2793 (,accepta
917 2716 1100 2793 poenitentia
1119 2716 1246 2793 quiescit
1267 2716 1300 2773 in
1323 2712 1438 2792 μεθ’).

192 2834 232 2843 -
256 2802 550 2877 Augustinus,
572 2803 628 2880 Ep.
653 2804 715 2859 228
739 2800 777 2859 ad
800 2802 912 2862 Honor.
930 2800 1165 2879 (,omnibus
1188 2810 1437 2859 sacramentorum

188 2890 436 2969 erogationem“).
468 2923 508 2933 -
541 2889 660 2947 Cone.
695 2889 1084 2965 Carthaginiense
1107 2888 1151 2946 lV
1175 2884 1213 2968 (a.
1238 2890 1323 2965 398),
1347 2908 1371 2946 c.
1397 2889 1436 2945 76

187 2973 228 3032 de
258 2974 310 3033 tali
345 2975 473 3046 homine,
504 2978 553 3054 qui
591 2995 763 3055 ,oppressus
801 2976 973 3033 infirmitate
1007 2973 1202 3033 obmutuerit“
1240 2973 1370 3045 mandat,
1405 2984 1437 3033 ut

193 3063 339 3139 ,accipiat
361 3064 605 3139 poenitentiam“,
628 3083 700 3121 saue
722 3083 781 3121 nou
805 3062 910 3121 inutile
926 3061 1018 3141 quid!
1042 3096 1085 3105 -
1108 3063 1185 3121 l‘use
1202 3083 1264 3121 reru
1280 3060 1434 3141 probatam

190 3150 328 3207 invenies
350 3169 396 3227 ap.
419 3150 642 3220 Palmieri,
662 3150 709 3206 De
725 3170 810 3229 poen.
826 3149 1042 3228 Append.§2,
1059 3170 1086 3207 n.
1105 3152 1144 3207 10
1160 3170 1215 3223 aa,
1240 3149 1437 3209 Schmitu

188 3236 223 3293 in
245 3235 393 3293 Katholik
418 3238 509 3309 1885,
533 3238 556 3308 I,
578 3258 606 3315 p.
630 3239 692 3295 349
716 3258 769 3311 ss,
806 3236 960 3316 Frank,
987 3235 1204 3314 Bussdisciplin
1227 3236 1261 3294 B.
1285 3236 1320 3307 V,
1344 3236 1382 3295 K.
1409 3238 1436 3309 li,

191 3320 489 3403 §atem—828),
525 3324 584 3381 Da
608 3327 698 3396 San,
727 3325 774 3382 lle
797 3344 883 3403 paen.
910 3345 937 3385 n.
962 3326 1023 3381 242
1048 3344 1082 3396 s.;
1117 3324 1151 3381 Β.
1174 3323 1438 3393 Francolin,

191 3408 326 3468 Clericus
347 3404 514 3469 Romanus²
537 3408 628 3493 (Aug.
652 3411 799 3469 l'iudelic.
825 3410 919 3487 1796)
943 3410 962 3468 l.
988 3415 1013 3481 l,
1036 3408 1111 3488 disp.
1138 3413 1185 3481 11,
1207 3430 1235 3487 p.
1254 3406 1438 3486 158-167)

189 3505 222 3554 et
244 3496 281 3553 al.
302 3530 345 3538 -
523 3520 528 3533 ·

300 3584 364 3640 Iam
387 3604 458 3641 vero
480 3584 641 3662 propositio
663 3585 758 3642 maior
777 3583 1008 3641 demonstranda
1030 3592 1083 3642 est.

300 3667 387 3728 Prob.
412 3664 449 3727 1⁰
470 3690 506 3728 ex
531 3670 647 3729 haeresi
670 3671 914 3729 Novatianornur.

300 3755 339 3836 α)
362 3756 524 3815 Novatiani
548 3777 607 3815 non
630 3756 667 3815 ad
691 3778 774 3815 nsum
804 3758 946 3815 ecclesiae
970 3756 1027 3815 sibi
1050 3758 1200 3815 faventem
1229 3754 1437 3835 provocabant,

189 3841 270 3922 quod
293 3854 371 3901 certe
394 3844 534 3903 fecissent
556 3845 677 3908 affatim,
707 3847 731 3901 si
764 3847 936 3923 potuissent,
967 3864 1062 3922 neque
1093 3844 1172 3902 enim
1203 3845 1437 3901 testimoniorum

189 3932 293 4008 inopia
326 3939 388 3988 tum
422 3931 526 3990 fuisset
559 3964 602 3973 -
636 3930 687 3989 sed
719 3934 879 4010 scripturas
903 3952 934 3989 se
958 3931 1062 3989 melius
1086 3930 1270 3988 intellexisse
1294 3929 1437 4007 putabant

189 4027 221 4076 ct
243 4018 291 4077 his
315 4016 491 4076 nitebantur.
516 4018 627 4077 Contra
650 4016 812 4076 adversarii
835 4019 962 4096 priorem
986 4038 1070 4077 usum
1088 4016 1267 4075 servandum
1284 4016 1437 4093 urgebant,

190 4104 274 4163 velut
295 4103 546 4184 Dionysius
569 4106 666 4176 Alex,
689 4105 745 4183 Ep.
771 4109 810 4163 10
833 4125 879 4183 ap.
903 4104 1055 4164 Euseb.
1078 4104 1097 4165 l.
1122 4106 1149 4175 7,
1172 4123 1195 4164 c.
1221 4107 1248 4161 7.

302 4185 338 4271 b)
362 4192 390 4248 A
412 4192 553 4250 Patribus
576 4190 752 4270 disciplinae
784 4192 1016 4251 Novatianorum
1049 4193 1167 4249 novitas
1190 4192 1307 4248 crimini
1330 4189 1436 4265 datur,

189 4277 234 4335 ita
265 4278 497 4350 Pacianus,
525 4280 581 4357 Ep.
612 4282 640 4349 3,
672 4300 700 4339 n.
734 4282 759 4336 1.
784 4281 820 4337 2:
848 4324 872 4350 ,.
896 4324 902 4335 .
927 4324 933 4336 .
957 4276 1166 4357 prophetavit?
1191 4278 1338 4336 Suscitare
1363 4298 1438 4335 mor·

189 4374 256 4423 tuos
279 4364 394 4443 potuit?
417 4366 532 4425 Horum
555 4368 635 4423 enim
658 4365 772 4444 aliquid
797 4364 905 4424 habere
929 4364 1077 4435 debuerat,
1095 4375 1127 4423 ut
1141 4365 1329 4441 evangelium
1347 4366 1438 4422 novi

189 4453 263 4511 iuris
297 4451 487 4516 induceret..
512 4498 518 4510 .
542 4456 567 4528 ‚“
605 4453 891 4529 Augustinus,
923 4452 978 4530 Ep.
1014 4454 1063 4523 93,
1097 4471 1126 4508 n.
1160 4454 1219 4509 42:
1253 4452 1316 4509 Nec
1338 4460 1439 4509 tamen

189 4541 262 4597 istos
285 4538 489 4598 misericordes
511 4549 541 4597 et
563 4540 709 4617 pacificos,
733 4560 798 4597 cnm
821 4542 864 4597 eis
882 4540 1051 4598 ‘christiana
1073 4548 1258 4597 sacramenta
1278 4539 1440 4596 communi·

189 4635 293 4683 cantes
320 4638 351 4683 et
377 4646 427 4684 eos
454 4628 533 4685 iutra
560 4629 681 4685 unitatis
709 4628 784 4685 retia
814 4626 982 4697 tolerantes,
1012 4625 1106 4684 donec
1136 4624 1173 4682 ad
1205 4625 1274 4682 litus
1304 4622 1438 4702 perducti

190 4722 406 4790 separarentur,
428 4722 490 4771 tam
513 4715 651 4771 immanis
674 4734 773 4770 eorum
797 4732 877 4771 error
899 4722 928 4771 et
951 4714 1089 4791 impietas
1122 4711 1314 4789 inquinabat,
1339 4720 1390 4769 aut
1412 4711 1437 4769 si

190 4797 377 4877 inquinabat,
407 4800 467 4859 iam
497 4808 567 4859 tnnc
598 4800 724 4858 ecclesia
752 4799 895 4858 malorum
927 4801 1132 4858 communione
1163 4797 1262 4857 deleta
1295 4809 1347 4871 est,
1383 4816 1438 4855 uec
