3450 5342
663 397 858 452 -L’illm

111 601 232 646 usum
253 583 442 660 referantur„
477 585 560 648 ratio
589 593 622 646 et
646 585 782 648 scientia
805 602 858 648 res
881 591 913 648 et
936 602 1034 647 usum
1067 585 1264 662 praecedant
1287 604 1383 665 opor-

113 679 208 734 tere.
234 670 389 750 Neglecta
412 689 484 734 esse
505 671 663 748 sananda,
686 673 858 750 opiniones
874 670 1092 750 corrigendas.
1115 669 1246 752 Optimo
1264 680 1383 734 eventu

114 761 172 821 rei
203 767 379 837 susceptae
403 767 558 838 exoptato
583 759 754 838 peroravit.

239 868 327 932 Haec
358 869 635 933 excellentissime
667 869 818 934 Praeside
847 867 996 950 praefato
1029 872 1154 950 primus
1185 871 1262 952 legit
1294 873 1329 936 h.
1354 871 1387 934 b.

118 957 177 1020 lo.
208 955 340 1019 l'rban
365 955 483 1035 decis,
513 975 597 1036 quae
622 976 641 1020 a
665 956 824 1035 theologis
842 955 1014 1020 catholicis
1038 976 1095 1035 pro
1118 959 1257 1022 ecelesia
1274 958 1388 1024 Orien-

121 1044 190 1106 tali
217 1048 346 1122 agenda
376 1045 449 1106 sint.
494 1043 636 1106 Planum
666 1053 737 1106 erat
766 1062 843 1107 eum
866 1044 964 1106 rebus
987 1045 1176 1108 minutatim
1202 1047 1386 1126 perquisitis

121 1141 158 1194 et
179 1131 411 1210 pervestigatis
423 1131 603 1194 sententias
615 1149 693 1192 suas
709 1130 881 1210 explicare.
904 1129 971 1194 Res
984 1167 1025 1174 —
1039 1133 1235 1196 verecundia
1252 1150 1382 1212 quoque

122 1219 198 1280 oris
216 1217 450 1281 commendata
462 1252 504 1260 —
516 1218 664 1281 omnium
681 1219 802 1297 ingenti
820 1235 957 1281 assensu
976 1215 1089 1280 audita
1107 1229 1232 1283 etcum
1251 1230 1383 1301 propter

124 1306 316 1368 novitatem
340 1315 410 1367 tum
437 1313 566 1385 propter
581 1306 776 1382 gravitatem
799 1307 984 1383 argumenti
1007 1305 1177 1386 plausibus
1200 1305 1383 1385 studiisque

125 1391 424 1471 prorumpentibus
458 1401 595 1472 excepta
628 1400 687 1455 est.
732 1390 863 1454 Initium
898 1393 1016 1456 melius
1051 1411 1148 1456 nemo
1184 1403 1383 1473 speraverat.

124 1471 151 1540 i:
177 1477 280 1540 rebus
302 1497 322 1540 a
346 1477 382 1540 11.
404 1478 565 1540 1111111111
589 1480 745 1557 expositis
769 1481 951 1542 attentione
974 1479 1165 1558 dignissima
1189 1492 1275 1559 sunt,
1299 1499 1384 1559 quae

123 1565 168 1628 de
196 1565 355 1628 membris
380 1584 418 1628 ac
450 1567 535 1628 nolis
566 1565 724 1630 ecclesiae
748 1576 780 1629 et
803 1583 888 1646 quae
911 1565 952 1629 de
975 1568 1111 1629 mutatis
1135 1569 1384 1646 quaestionibus

125 1653 218 1714 inter
245 1649 412 1715 Orientem
435 1663 468 1716 et
491 1651 702 1716 t'lccidentem
726 1654 946 1716 controversis
971 1653 1111 1731 protulit

245 1763 294 1828 Ad
319 1782 403 1843 quae.
428 1763 594 1844 praeclare
611 1765 774 1844 explicata
797 1767 866 1845 ipsc
892 1764 1191 1829 Excellentissimus
1215 1765 1388 1829 Praeses

132 1854 219 1914 haec
257 1850 319 1914 lere
354 1851 495 1914 addidit:
533 1851 567 1914 Si
590 1851 813 1916 consideretur
844 1851 995 1915 doctrina
1025 1853 1183 1916 ecclesiae
1214 1853 1384 1916 orientalis

135 1942 193 2000 rix
226 1957 264 2002 ac
296 1956 336 2002 ne
359 1940 413 2000 vix
445 1938 578 2018 quidem
608 1937 788 2016 quidquam
819 1947 878 2018 est,
908 1957 973 2019 quo
1001 1960 1022 2002 a
1055 1937 1204 2003 doctrina
1230 1939 1387 2002 ecclesiae

135 2026 322 2088 catholicae
347 2025 515 2105 discrepet.
548 2025 618 2100 Quo
642 2027 729 2087 enirn
755 2033 901 2106 tempore
925 2025 1097 2089 discidium
1121 2027 1206 2088 inter
1228 2027 1386 2090 ecclesias

136 2123 249 2175 ortum
274 2119 331 2188 est,
362 2112 992 2190 11111111111111111111111111111111,
1023 2122 1161 2192 utraque
1184 2131 1260 2194 pars
1284 2113 1388 2177 eccle-

138 2203 208 2262 siae
233 2209 302 2262 erat
327 2199 520 2262 orthodoxa.
556 2197 716 2279 Tempore
742 2199 935 2278 procedente
959 2201 1122 2264 catholica
1145 2199 1283 2264 ecelesia
1307 2219 1389 2263 uon-

139 2287 231 2349 11111
256 2287 406 2364 decrevit
431 2303 514 2365 quae
539 2293 649 2348 tamen
675 2287 814 2350 ecclesia
837 2285 1012 2351 Orientalis
1037 2306 1141 2368 neque
1166 2290 1257 2367 ponit
1281 2305 1386 2366 ireque

138 2383 245 2452 negat,
269 2391 346 2436 cum
369 2373 477 2438 solum
501 2391 540 2436 ea
566 2379 682 2449 teneat
707 2392 791 2452 qnae
815 2375 846 2434 in
873 2375 1018 2452 primisl
1040 2375 1186 2437 conciliis
1210 2375 1388 2436 constituta

137 2469 224 2536 sunt,
249 2461 293 2522 ita
325 2469 360 2522 ut
392 2460 604 2538 orthodoxus,
639 2461 694 2540 qui
726 2460 802 2523 velit
836 2461 1014 2539 primatum
1045 2461 1185 2524 Romani
1219 2459 1386 2524 Pontificis

137 2565 323 2626 agnoscere,
347 2545 530 2610 secuudum
554 2548 713 2628 principia
736 2547 892 2610 ecclesiae
916 2548 1085 2610 orientalis
1109 2548 1301 2627 reprebendi
1320 2566 1384 2609 non

140 2635 252 2715 possit.
277 2633 524 2697 Pernecessaria
547 2635 634 2697 enim
658 2644 708 2698 est
731 2635 897 2697 distinctio
921 2637 1005 2698 inter
1028 2635 1212 2696 doctrinam
1229 2635 1387 2696 ecclesiae

141 2720 314 2784 Orientalis
338 2729 368 2784 et
393 2721 577 2784 doctrinam
599 2721 826 2799 theologorum
842 2720 1066 2784 t'lrientalinm.
1089 2721 1162 2782 Alia
1177 2739 1257 2784 sane
1275 2719 1390 2796 legitur

143 2807 291 2871 doctrina
314 2826 410 2886 saepe
442 2809 473 2870 11
498 2807 588 2871 libris
613 2808 810 2886 theologicis,
842 2808 908 2870 alia
930 2808 1061 2870 auditur
1084 2809 1116 2869 in
1140 2809 1295 2882 ecclesiis,
1325 2806 1390 2868 alia

145 2913 204 2958 usu
229 2894 457 2958 manifestatur
481 2931 521 2938 ——
544 2903 577 2958 et
600 2896 666 2958 alia
689 2904 739 2958 est
761 2893 911 2957 doctrina
934 2894 1102 2957 ccclesiae..
1127 2894 1216 2957 Haec
1239 2896 1327 2957 enim
1351 2913 1391 2956 ea

146 2991 201 3059 est,
234 3000 335 3061 quarn
365 2991 434 3044 tota
457 2983 678 3045 communitas
701 2982 924 3044 ecclesiastica
953 2981 1004 3043 vel
1029 2983 1136 3061 potius
1159 2999 1275 3045 omnes
1298 2999 1389 3042 com-

147 3070 321 3132 munitates
350 3069 590 3132 ecclesiasticae
621 3068 778 3132 ecclesiae
809 3068 976 3130 orientalis
998 3087 1018 3129 a
1043 3069 1193 3131 llomana
1216 3078 1389 3147 separatae

148 3166 288 3235 ponunt;
322 3175 406 3236 quae
430 3161 479 3219 est
503 3154 684 3218 secuudum
710 3155 867 3236 principia
890 3154 1034 3218 maxime
1059 3154 1327 3229 fundamentalia,
1358 3155 1390 3214 in

149 3244 332 3322 symbolicis
363 3242 453 3305 libris
483 3243 636 3306 omnibus
659 3245 818 3324 exposita,
852 3241 1001 3305 doctrina
1024 3251 1150 3321 septem
1174 3241 1387 3303 conciliorum

149 3333 438 3394 oecumenicorum.
467 3329 555 3393 l'nde
579 3328 729 3392 doctrina
745 3329 903 3392 ecclesiae
927 3330 1095 3392 orientalis
1118 3348 1138 3390 a
1162 3328 1311 3390 doctrina
1333 3345 1386 3388 cc-

150 3417 263 3480 clesiae
295 3416 475 3479 catholicae
507 3415 688 3478 secundum
721 3416 808 3478 illius
830 3417 988 3496 principia
1011 3426 1043 3478 et
1068 3425 1102 3478 ut
1125 3417 1170 3478 ita
1193 3415 1300 3477 dicam
1323 3415 1393 3476 iure

153 3503 332 3582 dogmatico
364 3522 429 3566 non
459 3504 552 3566 aliter
584 3503 690 3566 dillert
720 3521 821 3582 quam
854 3501 1005 3566 doctrina
1032 3503 1187 3566 ecclesiae
1211 3501 1392 3564 catholicae

153 3591 270 3654 saeculi
294 3591 371 3652 noni
401 3609 421 3652 a
445 3589 593 3653 doctrina
616 3589 763 3654 eiusdem
787 3599 860 3670 post
887 3590 927 3652 10
949 3591 1090 3666 saecula⁷
1124 3591 1218 3652 cuius
1239 3587 1394 3665 dogmata

154 3680 213 3741 iam
236 3689 314 3742 tunc
337 3679 369 3740 11
395 3676 509 3740 nucleo
534 3677 699 3740 extabant.
734 3677 824 3740 linde
848 3677 975 3739 ostendi
1001 3685 1108 3755 potest
1133 3693 1191 3736 nos
1214 3675 1394 3736 catholicos

154 3766 250 3828 multo
282 3766 415 3844 propius
445 3764 600 3828 accedere
632 3764 673 3826 ad
707 3783 800 3828 veros
832 3763 1033 3826 orthodoxos
1058 3781 1157 3842 quam
1183 3762 1227 3823 1111
1252 3761 1393 3838 theologi

154 3850 327 3916 Orientales
359 3850 525 3929 accedant,
557 3852 612 3930 qui
637 3871 656 3914 a
680 3870 757 3915 vera
788 3849 972 3914 orthodoxa
996 3849 1145 3913 doctrina
1167 3857 1199 3912 et
1222 3847 1394 3928 disciplina

157 3941 302 4020 antiquae
326 3938 483 4004 ecclesiae
507 3937 671 4002 recedunt.
1426 3949 1432 3958 ¹

251 4044 299 4106 lh.
316 4043 375 4106 lh.
402 4042 563 4106 [leonini
588 4041 706 4105 adiecit
729 4043 759 4104 in
776 4043 971 4105 testimoniis
992 4048 1183 4104 sanctorum
1198 4039 1335 4102 Patrum
1348 4036 1396 4101 af-

158 4129 289 4194 ferendis
315 4129 430 4208 negligi
455 4130 560 4192 solere
584 4129 626 4192 ab
650 4127 917 4193 Occidentalibus
941 4129 1049 4190 sintne
1074 4129 1104 4188 11
1129 4127 1275 4189 conciliis
1299 4143 1396 4189 oecu-

157 4219 283 4280 menicis
306 4217 437 4295 allegati
461 4234 571 4294 necne,
595 4216 683 4294 quod
707 4215 794 4294 apud
815 4214 998 4277 ttrienlales
1022 4215 1132 4291 magni
1155 4213 1198 4276 ht.
1224 4213 1398 4276 Praeterea

157 4305 298 4383 exposuit
320 4305 420 4366 aliam
436 4321 506 4367 rem
524 4303 685 4364 nominari
709 4303 751 4365 ab
773 4301 994 4364 t'lrientalibns
1010 4301 1208 4376 theologiam
1227 4299 1397 4373 moralem,

158 4391 245 4452 aliam
270 4390 312 4452 ab
335 4389 611 4464 occidentalibus
644 4388 688 4450 illi
713 4387 753 4451 de
777 4390 954 4452 christiana
979 4406 1110 4449 morum
1137 4385 1340 4466 perfectione,
1366 4386 1397 4446 hi

159 4477 192 4540 de
214 4476 330 4540 linibus
353 4477 439 4556 liciti,
463 4478 604 4557 graviter
627 4482 659 4539 et
682 4475 795 4538 leviter
817 4475 920 4537 illiciti
944 4482 1053 4552 agunt.

253 4579 309 4643 His
332 4581 429 4645 rebus
452 4581 572 4645 auditis
596 4580 816 4657 disceptatum
839 4589 889 4642 est
912 4579 951 4641 de
971 4579 1138 4658 proposito
1163 4577 1268 4654 primo
1293 4576 1338 4636 ita
1357 4583 1400 4646 ut,

161 4670 233 4730 sicut
255 4678 288 4730 et
313 4677 424 4746 postea
448 4687 585 4747 semper,
619 4669 760 4747 primum
785 4667 854 4746 ipsi,
878 4667 932 4746 qui
958 4685 1027 4729 rem
1052 4670 1299 4745 proposuerant,
1323 4679 1398 4724 eam
