3450 5342
690 390 884 444 -117-

162 577 309 639 inestieos,
332 597 432 634 servos
444 587 583 652 agrestes,
606 576 761 648 basianam,
784 581 912 656 opifices,
933 580 1059 652 colonos,
1083 579 1214 659 hospites
1229 581 1412 654 tributarios,

163 665 294 735 msticos,
317 665 454 724 casarios.

267 768 364 846 Caput
385 779 572 846 quartum,
606 769 684 850 quod
707 769 877 828 inscribitur
900 771 946 828 lte
969 771 1147 830 officialibus
1165 773 1412 852 (magistratibus)

162 869 192 914 et
215 853 458 914 ministerialibus
489 854 580 926 ducis,
614 877 666 934 pro
690 859 731 915 rei
755 859 902 934 gravitate
926 861 1031 918 ceteris
1055 859 1172 936 longius
1195 868 1239 920 est
1263 859 1303 940 (p.
1327 863 1410 920 90--

165 944 253 1018 270).
276 941 344 1017 Qua
366 953 449 1020 parte
472 951 573 1001 auctor
595 943 626 1001 in
649 945 794 1020 originem
817 945 1029 1022 praefecturae,
1052 965 1128 1024 quae
1151 947 1229 1026 apud
1253 947 1358 1008 Slavos
1382 950 1413 1006 in
1498 1013 1501 1020 ¹

164 1051 218 1089 usu
243 1039 314 1100 erat,
338 1030 460 1108 inquirit
483 1038 513 1088 et
536 1031 637 1088 munia
660 1042 790 1109 ternpore
812 1032 1020 1110 patriarchalis
1040 1035 1258 1100 constitutionis
1280 1037 1413 1094 exercita

164 1137 321 1196 eorumque
352 1125 524 1175 executores
553 1128 694 1176 recenset.
738 1117 830 1176 Cuius
860 1121 1055 1178 institutionis
1086 1120 1225 1200 reliquias
1248 1119 1357 1182 deindo
1381 1124 1411 1180 in

163 1203 308 1262 Bohemia
331 1203 500 1273 observans,
524 1203 562 1261 ad
586 1203 795 1264 declarandam
818 1204 1023 1266 condicionem
1039 1227 1138 1266 eorum
1162 1227 1193 1266 se
1216 1209 1336 1278 confert,
1361 1211 1410 1288 qui

164 1294 196 1349 in
218 1291 360 1350 historiae
383 1290 514 1350 fonubus
543 1292 592 1349 vel
614 1293 761 1350 seniorum
784 1291 834 1350 vel
855 1293 956 1371 populi
979 1295 1139 1372 primorum
1172 1296 1290 1354 nomine
1314 1293 1411 1370 desig·

164 1389 280 1436 uantur.
321 1380 512 1457 Expositioni
535 1377 572 1436 de
594 1378 779 1457 praefectura
800 1399 889 1438 sensu
910 1379 970 1438 iam
995 1382 1139 1440 strictiore
1170 1393 1200 1440 et
1223 1383 1340 1462 proprio
1363 1403 1411 1441 ac·

163 1475 248 1544 cepta
271 1487 322 1524 seu
344 1465 382 1524 de
404 1464 605 1524 moderamine
626 1465 749 1524 ducatus
767 1487 820 1543 per
841 1465 984 1526 officiales
1006 1482 1036 1526 et
1059 1469 1249 1542 magistratus
1271 1471 1411 1546 praemit-

163 1555 235 1610 titur
257 1553 416 1630 explicatio
439 1562 469 1610 et
491 1563 664 1631 conspectus
691 1555 909 1630 provinciarum
940 1564 1043 1616 terrae.
1090 1555 1164 1614 Cum
1196 1554 1334 1634 populum
1356 1576 1409 1635 per
1514 1619 1518 1626 ,

166 1641 349 1718 provinciam
373 1639 516 1698 officiales
538 1638 622 1700 ducis
647 1642 677 1698 in
700 1648 795 1698 castro
817 1643 947 1718 regionis
977 1641 1056 1700 illius
1079 1643 1166 1720 positi
1197 1641 1409 1719 gubernarent:

169 1727 349 1786 castellanus
381 1747 432 1784 scu
455 1747 553 1784 comes
576 1729 715 1797 civitatis,
750 1731 936 1798 camerarius,
970 1729 1095 1801 villicus,
1130 1728 1219 1788 iudex
1250 1741 1279 1788 et
1301 1728 1410 1788 bedelli

168 1815 240 1892 ipsis
264 1811 367 1885 additi,
401 1826 503 1872 omues
533 1824 563 1872 ct
585 1813 719 1892 singulae
742 1813 908 1874 functiones
932 1835 1030 1874 corum
1062 1824 1091 1874 et
1113 1814 1326 1876 iurisdictionis
1349 1837 1412 1876 rnu-

165 1921 237 1960 ncra
258 1899 405 1958 uberrime
428 1899 641 1973 describuntur,
664 1920 722 1979 quo
744 1899 878 1959 condicio
901 1913 930 1960 et
953 1903 1111 1961 auctoritas
1134 1923 1242 1968 eornm,
1266 1905 1316 1982 qui
1338 1903 1411 1982 pub-

167 1990 226 2046 lica
249 1989 369 2064 negotia
390 1986 541 2065 gerebant,
573 1984 773 2051 ostendantur.
818 1989 969 2048 Distincto
998 1989 1102 2048 ordine
1132 1989 1233 2050 indicii
1257 2000 1352 2050 terrae
1382 2003 1411 2048 ot

166 2076 264 2134 euriae
286 2086 389 2133 auctor
418 2076 569 2153 utriusque
591 2077 709 2152 generis
731 2076 904 2136 iustitiarios
927 2075 1038 2142 ordine,
1073 2079 1121 2155 qui
1146 2097 1246 2136 eorum
1269 2097 1411 2156 personae

164 2174 194 2220 et
217 2159 356 2239 dignitati
385 2170 601 2220 consentaneus
629 2160 755 2229 videtur,
788 2161 909 2221 adducit
931 2183 1089 2242 eorumque
1111 2163 1313 2224 condicionem
1343 2183 1412 2222 con-

164 2248 285 2309 siderat.
329 2247 474 2308 Similiter
495 2250 573 2308 inter
595 2249 804 2308 ministeriales
827 2249 910 2308 ducis
935 2270 992 2309 non
1016 2251 1109 2310 solum
1141 2252 1244 2330 palatii
1266 2271 1411 2330 proceres,

165 2356 272 2414 nempe
293 2337 430 2394 comitem
452 2337 625 2414 palatinum,
660 2336 801 2407 villicum,
838 2345 1009 2396 venatorem
1033 2341 1140 2410 curiae,
1163 2357 1328 2416 agasonem
1353 2338 1412 2416 (co-

165 2425 268 2482 mitem
283 2421 413 2499 stabuli),
437 2425 638 2495 camerarium‚
662 2421 836 2500 dapiferum,
857 2427 1039 2503 pincernam,
1064 2427 1209 2484 notarium
1229 2428 1336 2494 curiae,
1360 2425 1412 2484 sed

163 2513 253 2570 etiam
269 2512 395 2568 vicarios
418 2522 447 2567 et
470 2512 658 2588 apparitores,
681 2529 781 2568 eorum
804 2512 902 2569 officia
924 2524 952 2570 et
976 2515 1103 2590 negotia,
1126 2511 1231 2571 studiis
1255 2514 1315 2571 suis
1330 2533 1409 2570 oom-

162 2598 313 2677 plectitur.

268 2684 479 2762 Descriptione
508 2685 675 2742 commercii
708 2695 737 2741 et
767 2704 835 2741 usur
859 2705 925 2742 curn
948 2685 1133 2762 alienigenis,
1161 2687 1317 2764 praecipue
1347 2707 1412 2746 cum

166 2770 377 2830 mercatoribus
400 2772 559 2843 extraneis,
582 2781 670 2849 caput
692 2772 875 2849 quintum
898 2769 967 2830 libri
990 2782 1146 2850 occupatur
1161 2769 1202 2852 (p.
1220 2771 1413 2854 ars-367).

164 2857 290 2916 Boliemi
321 2860 447 2935 cognitis
478 2857 647 2916 nationibus
678 2858 863 2916 humanitate
894 2857 1078 2936 politioribus
1108 2861 1222 2918 semina
1250 2871 1279 2918 et
1303 2860 1412 2919 hactus

164 2945 260 3003 cultus
275 2955 363 3023 atque
386 2945 579 3004 humanitatis
595 2943 733 3022 prudenti
756 2946 855 3002 animo
871 2955 1059 3024 exceperunt.
1093 2945 1240 3004 Mercatus
1259 2946 1413 3006 commoda

165 3033 282 3109 experti
313 3051 371 3090 non
401 3033 494 3092 solunt
526 3033 557 3090 in
580 3030 728 3090 suburbiis
750 3029 803 3090 sed
833 3042 863 3088 et
886 3031 953 3090 aliis
983 3033 1054 3090 locis
1078 3031 1192 3091 idoneis
1222 3034 1285 3092 fora
1315 3054 1411 3092 rerum

166 3118 316 3176 venalium
330 3118 534 3189 instituebant,
557 3118 663 3197 quibus
677 3116 817 3178 stabilitis
837 3139 915 3178 nova
930 3118 1093 3178 industriae
1109 3139 1219 3196 genera
1234 3119 1411 3180 oriebantur.

166 3207 280 3264 Auctor
293 3226 395 3264 omues
410 3207 529 3265 effectus
551 3205 683 3277 sociales,
706 3225 778 3284 quos
800 3204 910 3264 exinde
926 3209 1062 3265 evenisse
1073 3215 1196 3278 constat,
1219 3206 1410 3266 considerans

166 3301 274 3350 statum
304 3293 456 3352 bominum
481 3313 664 3372 quocumque
686 3291 772 3351 modo
801 3294 833 3350 in
856 3295 1060 3369 negotiatione
1090 3301 1120 3351 et
1143 3301 1307 3352 mercatura
1329 3313 1414 3352 occu·

165 3386 298 3456 patorem
317 3379 457 3438 describit
480 3391 509 3438 et
532 3401 570 3438 ex
593 3378 696 3438 ordine
718 3377 756 3437 de
780 3377 950 3438 custodibus
974 3382 1005 3438 in
1029 3378 1139 3439 finibus
1162 3381 1302 3440 extremis
1318 3390 1412 3438 terrae

169 3467 345 3538 constitutis,
376 3467 529 3536 telonariis
560 3464 785 3544 (portitoribus),
818 3469 870 3538 eis,
894 3469 944 3545 qui
968 3466 1098 3546 hospites
1121 3465 1307 3528 deducebant
1330 3487 1414 3546 prae-

168 3550 237 3610 sidii
260 3573 357 3625 causa,
379 3553 533 3632 opificibus
556 3575 651 3612 rerum
668 3554 827 3624 venalium,
851 3553 1069 3624 mercatoribus,
1093 3552 1208 3614 civibus
1232 3557 1302 3630 agit.
1325 3555 1411 3613 Multi

166 3638 309 3711 advenae,
343 3641 471 3719 hospitio
493 3643 612 3718 recepti,
635 3643 666 3698 in
688 3640 834 3699 Bohemia
855 3640 1064 3699 consederunt:
1087 3639 1191 3698 ludaei
1215 3640 1263 3716 (de
1287 3661 1409 3720 quorum

169 3728 240 3798 vita,
263 3726 400 3793 moribus.
432 3727 520 3786 rebus
542 3750 570 3806 p.
594 3730 692 3785 315-
703 3724 744 3807 9),
767 3729 919 3799 Germani,
942 3728 1077 3800 Romani,
1100 3727 1207 3786 Poloni
1231 3727 1342 3807 aliique
1364 3747 1412 3786 co-

168 3814 230 3872 loni
253 3823 283 3871 et
297 3813 453 3874 fundorum
476 3816 628 3874 locatores.
651 3814 725 3872 Cum
750 3817 781 3873 in
801 3817 898 3893 operis
913 3823 1086 3893 argumento
1101 3813 1296 3874 describendo
1314 3814 1410 3874 brevi-

167 3903 222 3958 tati
245 3900 423 3971 studeamus,
447 3903 507 3961 alia
528 3902 570 3961 ibi
594 3909 733 3960 contenta
749 3898 799 3981 (de
815 3901 1026 3960 mercatoribus
1038 3902 1178 3960 Bohemis
1194 3910 1279 3961 extra
1295 3913 1414 3972 terram,

167 3985 204 4044 de
227 3989 285 4045 viis
307 3987 434 4067 publicis
457 3987 526 4068 etc.)
548 3989 817 4067 praetermittimus.

253 4074 341 4150 Quod
363 4096 477 4135 summa
499 4096 569 4135 cura
591 4086 621 4134 et
647 4073 803 4153 diligentia
826 4077 1124 4154 auctorperscrutari
1140 4074 1320 4148 decreverat,
1344 4095 1412 4134 con·

166 4159 244 4219 dicio
266 4170 311 4220 eat
333 4162 565 4222 clericorum
581 4183 632 4221 seu
648 4169 740 4221 status
753 4161 871 4220 socialis
883 4161 1147 4222 ecclesiasticorum
1159 4163 1289 4222 virorum
1300 4170 1330 4220 et
1343 4164 1415 4221 iuri-

169 4247 252 4306 dicus
281 4247 399 4326 gradus,
422 4252 453 4308 in
476 4271 533 4328 quo
556 4247 751 4308 versabantur
779 4247 817 4306 ab
840 4250 975 4326 ingressu
998 4269 1049 4308 auo
1072 4251 1102 4306 in
1126 4249 1301 4307 Bohemiam
1324 4269 1416 4326 usqne

168 4334 207 4392 ad
236 4338 504 4416 emancipationem
526 4335 683 4396 sacerdotii
705 4357 724 4392 a
745 4355 847 4412 regum
871 4335 1037 4396 insolentia.
1060 4331 1100 4414 (p.
1124 4331 1316 4416 ees-537.)

280 4423 341 4481 Hic
365 4426 463 4501 agitur
485 4423 523 4482 de
551 4423 713 4503 capellanis
736 4424 834 4480 curiae
857 4419 1069 4503 (ato-388),
1092 4421 1130 4480 de
1152 4421 1229 4482 clero
1251 4422 1416 4501 parochiali

174 4529 225 4567 seu
248 4507 285 4567 de
308 4509 444 4588 plebanis
467 4506 678 4590 (389-3es);
701 4508 738 4568 de
754 4509 934 4586 clerogamia
955 4519 984 4567 et
1007 4507 1153 4569 caelibatu
1176 4505 1327 4590 (396-7.
1343 4511 1415 4568 405.

168 4595 323 4674 423-4);
347 4595 384 4655 de
406 4598 543 4676 capitulis
559 4593 769 4675 (tor-422);
793 4595 830 4654 de
844 4595 1020 4674 theologicis
1043 4593 1148 4654 studiis
1164 4598 1240 4670 4083
1264 4594 1301 4654 de
1319 4595 1415 4654 Bene·

169 4681 291 4743 dictinis
328 4683 538 4762 (eto-441),
569 4684 606 4742 de
636 4685 756 4761 liturgia
788 4683 907 4742 Slavica
942 4686 972 4742 in
1006 4682 1151 4742 Bohemia
1185 4682 1351 4760 (430-4);
1376 4680 1413 4741 de

167 4769 510 4830 Praemonstratensibus
556 4770 723 4850 (tea—eh
747 4770 783 4829 de
807 4771 874 4830 aliis
899 4769 1044 4848 religiosis
1071 4765 1237 4851 (teo-7),
1262 4768 1298 4828 de
1321 4771 1415 4829 socia·
