3450 5342
300 650 353 703 tiri
377 646 528 707 districtus
552 649 582 705 in
606 666 694 705 utrum
718 646 946 723 corrinngotom,
969 646 1011 701 ita
1026 662 1114 701 causa
1129 643 1315 701 hierarchiae
1331 642 1544 721 temperandae

299 734 423 792 luerunt.
470 732 518 791 Ad
543 754 587 791 ros
612 734 729 791 maioris
753 736 893 792 momenti
925 729 1109 811 peragendas
1139 729 1246 809 synodi
1269 741 1298 787 et
1322 730 1543 807 principalium

298 818 379 877 urbis
394 821 547 897 opiscopus
563 840 693 897 organon
718 820 842 879 fuerunt.
868 823 909 878 At
923 822 999 877 sicut
1013 816 1145 895 synodus
1162 819 1203 875 ita
1224 821 1347 895 πρῶτος
1371 816 1541 879 ἐπίσκοπος

299 908 384 965 initio
414 906 496 965 nulln
518 915 662 985 potestate
687 906 809 967 iuridica
840 928 891 965 seu
914 907 1047 964 coactiva
1074 906 1234 962 instructus
1266 904 1359 961 solum
1391 903 1545 961 moraliter

299 1014 350 1070 per
372 993 473 1071 populi
496 996 691 1071 receptionem
716 992 866 1051 influebat.
904 995 972 1071 lpse
994 994 1075 1049 enim
1098 989 1260 1048 minoribus
1282 989 1545 1048 communitatibus

298 1101 392 1157 opem,
427 1083 450 1137 si
476 1078 659 1156 indigebant,
690 1080 822 1138 ferebat:
858 1081 1029 1159 praesertim
1054 1077 1084 1134 id
1108 1076 1235 1134 l'acicbat
1260 1079 1290 1133 in
1314 1078 1382 1134 nori
1407 1078 1541 1154 episcopi

298 1167 441 1226 eloctione
472 1166 597 1245 aliisquo
627 1167 812 1243 gravioribus
844 1164 1077 1225 necessitatibus.
1121 1164 1232 1221 Primis
1263 1163 1416 1237 religionis
1439 1164 1545 1222 christ.

297 1252 450 1312 decenniis
473 1254 522 1311 hic
544 1255 632 1331 primi
656 1256 785 1333 episcopi
808 1258 840 1312 in
857 1256 925 1313 novi
950 1254 1081 1331 episcopi
1103 1252 1248 1309 electione
1271 1270 1430 1310 concursus
1446 1251 1543 1308 solrnn

297 1340 451 1399 eonsilium
483 1360 521 1397 ox
544 1342 667 1399 caritate
690 1343 861 1419 praestitum
886 1341 955 1399 dein
979 1358 1155 1397 eonsensum
1178 1339 1226 1395 vel
1249 1340 1457 1415 receptionem,
1490 1334 1545 1395 de-

298 1430 387 1504 niqne
418 1426 658 1505 approbationem
690 1427 885 1504 significabat.
931 1428 997 1485 Har
1031 1428 1144 1483 rationo
1178 1445 1313 1483 successu
1343 1426 1485 1503 temporis
1509 1444 1545 1483 οο

300 1528 472 1590 perventum
488 1524 541 1583 est,
564 1526 595 1572 ut
618 1520 742 1592 πρῶτος
765 1514 934 1583 ἐπίσκοπος
948 1513 1162 1591 appellationes
1184 1512 1222 1568 ab
1246 1512 1312 1568 aliis
1332 1513 1480 1588 episcopis
1503 1509 1543 1568 ad

298 1620 379 1658 suum
405 1600 532 1659 tribunal
555 1599 724 1659 admitteret
748 1600 786 1679 (p.
815 1604 871 1658 181
891 1597 976 1679 snm).
1005 1604 1046 1658 At
1060 1620 1152 1676 usquo
1165 1598 1201 1655 ad
1218 1594 1282 1656 ΙΙΙ.ί
1296 1618 1372 1655 saec.
1385 1598 1481 1675 prirna
1492 1598 1546 1655 de-

296 1690 402 1745 cennia
433 1688 650 1765 principalioris
672 1687 753 1745 urhis
776 1690 913 1767 episcopo
937 1687 1017 1746 nulla
1040 1684 1164 1744 iuridica
1195 1698 1324 1763 potestas
1345 1684 1544 1761 competebat,

298 1772 347 1831 sed
372 1794 436 1831 cum
460 1775 587 1833 ecclesia
609 1776 826 1853 persecutiones
849 1776 909 1833 iam
933 1796 990 1833 nnn
1015 1784 1170 1851 pateretur,
1192 1773 1374 1848 organizatio
1396 1766 1544 1829 ecciesiae

297 1862 391 1937 magis
416 1860 532 1918 indies
556 1860 756 1933 evolvebatur,
790 1860 884 1919 donee
907 1882 941 1919 oo
964 1870 1136 1939 perventum
1168 1869 1221 1929 est,
1262 1870 1292 1917 nt
1323 1858 1455 1937 synodus
1484 1862 1545 1936 pri-

298 1968 418 2024 musque
441 1951 595 2025 episcopus
610 1948 762 2005 inridicum
787 1957 960 2026 potestatem
977 1950 1132 2024 armiperet.
1155 1946 1240 2004 llaec
1263 1944 1388 2005 iuridica
1411 1955 1543 2022 potestas

295 2054 348 2110 per
372 2036 528 2111 primorum
553 2038 754 2113 episcoporum
779 2034 971 2093 ambitionem
995 2036 1090 2109 magis
1112 2032 1300 2097 dilatabatur,
1333 2032 1421 2110 idque
1444 2035 1487 2089 ita
1510 2043 1543 2089 nt

295 2122 352 2177 iam
370 2122 439 2179 novi
463 2124 591 2199 episcopi
609 2124 672 2179 sino
689 2142 833 2179 consensu
857 2145 911 2181 ron
934 2122 1064 2199 reprimor·
1087 2118 1257 2181 ἐπισκόπου
1280 2120 1385 2177 electio
1405 2118 1542 2177 invalida

294 2206 450 2267 haberetur
473 2208 519 2267 vel
542 2212 668 2286 πρῶτος
691 2208 858 2273 ἐπιοκοπος
882 2211 944 2285 ipse
967 2207 1158 2266 candidatum
1181 2207 1305 2284 eligeret
1321 2206 1360 2283 (p.
1375 2210 1436 2263 185
1452 2208 1542 2284 squt.

397 2319 445 2377 sd
477 2321 593 2397 singula
617 2320 800 2379 descendens
825 2323 918 2399 primo
948 2319 985 2378 de
1009 2323 1145 2398 episcopo
1169 2320 1302 2376 llomano
1325 2322 1395 2393 agit.
1419 2320 1469 2395 qui
1494 2338 1541 2376 se-

291 2405 418 2463 cundum
443 2417 590 2466 auctorem
608 2409 665 2465 iam
683 2428 708 2465 a.
732 2411 773 2464 70
789 2418 853 2486 post
872 2408 1142 2486 llierosolymomm
1166 2402 1315 2463 excidium
1339 2406 1539 2463 universalem

291 2492 439 2570 eluendam
463 2494 662 2553 characterom
686 2508 789 2552 tractus
813 2505 865 2553 cst.
902 2494 934 2551 ld
958 2504 1055 2551 autem
1080 2495 1214 2570 sequenti
1238 2491 1325 2550 modo
1348 2495 1457 2549 factum
1482 2506 1538 2549 est.

292 2580 408 2656 Religio
431 2601 536 2658 nempe
553 2580 722 2649 christiana,
745 2600 810 2638 curn
835 2602 887 2659 pro
901 2580 1036 2639 oninibns
1059 2579 1227 2638 homiuibus
1243 2581 1379 2637 instituta
1402 2581 1448 2646 sit,
1473 2583 1540 2637 uni-

292 2668 493 2726 versalitatem
517 2666 651 2726 ambiens
674 2680 806 2725 centrum
831 2679 931 2747 aptum
955 2667 1123 2747 quaerebat.
1158 2664 1367 2748 „Bresriprraa
1390 2666 1540 2747 (theinna,

293 2773 439 2836 steropas
457 2774 496 2815 ne
512 2774 707 2815 :stemmata
719 2756 767 2815 (rei
782 2774 825 2814 ns,
840 2755 922 2816 eebb
941 2752 1041 2833 Purra,
1055 2773 1226 2815 amimam,
1239 2750 1539 2836 npcmmpsuienr,

289 2840 371 2899 ceola
394 2843 507 2901 rainois.
532 2839 634 2902 lime
657 2838 760 2923 Prona,
784 2862 823 2902 ne
844 2860 985 2903 nossem,
1007 2841 1097 2901 snm
1128 2861 1148 2900 n
1176 2842 1372 2901 neereanoir.
1396 2836 1538 2913 Onerosior

290 2926 562 3000 aeorimrmrnoern
587 2930 739 3011 pnnoaoir
770 2928 918 3001 obmrrnm
940 2946 1009 3001 „ern
1037 2929 1187 3011 npemreir
1218 2928 1364 3009 nepnnn'·
1390 2925 1430 3007 (p.
1453 2930 1537 3003 tao).

292 3013 424 3071 llomnno
446 3024 543 3073 amem
567 3017 692 3073 ecclesia
715 3016 782 3073 huic
798 3014 983 3093 indigentiae
1006 3036 1040 3073 eo
1064 3015 1273 3084 satistitciebat‚
1296 3013 1374 3092 quod
1397 3013 1535 3092 elopem

292 3100 473 3159 materialem
486 3104 537 3163 eis.
550 3104 600 3179 qui
613 3102 796 3179 indigebant.
819 3102 1006 3179 praestabam
1028 3105 1060 3177 β)
1074 3104 1162 3159 etiam
1177 3103 1208 3159 in
1230 3100 1431 3178 spiritualibus
1454 3100 1537 3159 labo·

289 3188 366 3244 ra'nti
390 3187 532 3247 eeclesiae
556 3188 753 3262 succurrebat3
785 3190 814 3267 γ)
838 3189 972 3267 praeibat
995 3192 1026 3247 in
1049 3187 1249 3246 dilucidandis
1272 3187 1424 3261 religionis
1454 3188 1534 3245 chri·

291 3276 404 3331 stianae
428 3274 623 3351 dogmatibus.
662 3276 740 3348 „l'se
765 3276 875 3333 velikie
907 3296 1033 3355 voprosy
1065 3278 1189 3352 udenijm
1219 3276 1342 3352 hotorye
1373 3274 1535 3354 ronniltaly

289 3382 325 3417 vo
348 3362 490 3419 lta-lli.
515 3362 590 3421 volte
614 3362 758 3443 trahodily
782 3386 801 3419 r
824 3364 911 3421 l’ime
932 3382 1002 3421 svoe
1027 3365 1139 3421 resenie
1163 3362 1225 3437 dlja
1249 3363 1310 3437 rstsj
1345 3362 1464 3420 eerkri·
1494 3369 1533 3441 tp

290 3448 383 3525 19011:
408 3448 438 3525 d)
464 3450 557 3507 ltoma
579 3448 707 3527 donique
730 3452 959 3524 organisationis
977 3460 1004 3508 et
1022 3452 1145 3508 alienun
1169 3450 1410 3507 constitutionum
1432 3470 1535 3505 exorn-

287 3534 335 3613 plo
358 3535 425 3593 aliis
459 3535 676 3614 praecellebat:
713 3538 835 3595 Romam
870 3538 1060 3595 ecelesiarum
1094 3559 1158 3594 esse
1181 3547 1313 3603 matrem,
1351 3554 1451 3592 rernm
1486 3556 1534 3594 ec-

287 3620 416 3684 elesiam,
453 3634 537 3681 extra
572 3644 658 3701 quam
695 3624 775 3681 nulla
811 3625 915 3702 religio
948 3623 1111 3682 christiana
1152 3626 1197 3694 sit,
1231 3642 1406 3701 omnemque
1442 3622 1531 3680 aliam

288 3708 441 3766 ecclesiam
472 3709 644 3769 adnormam
677 3711 828 3769 Romanae
862 3710 1098 3769 constituendam
1122 3732 1186 3768 sisse
1209 3708 1281 3768 dicit
1304 3709 1402 3786 idque,
1424 3719 1472 3768 eto
1495 3732 1533 3769 ne

286 3796 338 3851 est‘
368 3794 463 3855 lienoe
493 3798 630 3855 ronrenie
662 3798 772 3873 lrineja
809 3802 814 3855 i
859 3800 1014 3875 Kipriana,
1046 3800 1190 3875 naprotir‚
1224 3804 1271 3853 eto
1294 3801 1347 3854 est'
1369 3795 1533 3855 ubetdenie

285 3882 369 3954 vsoj
388 3880 510 3959 drevnej
528 3884 630 3941 eerlrri
655 3884 664 3945 l
668 3906 694 3961 p.
711 3885 791 3961 192).
814 3886 886 3944 l'ost
910 3885 982 3942 haec
999 3897 1098 3941 tamen
1122 3897 1153 3941 et
1168 3884 1227 3940 alin
1243 3883 1335 3941 allata
1350 3882 1431 3944 dicit.
1448 3884 1526 3941 hane

286 3966 428 4025 ecclesiae
455 3970 603 4028 llomanae
627 3992 714 4049 super
736 3972 810 4029 alias
841 3972 981 4030 ecclesias
1004 3974 1207 4028 anctoritatem
1231 3970 1323 4027 solum
1348 3970 1530 4047 spiritualem

285 4052 458 4132 (fraternum
483 4058 647 4133 auxilium),
680 4079 738 4116 non
760 4059 916 4117 iuridieam
945 4059 1044 4126 fnisse,
1076 4061 1165 4115 immo
1195 4057 1283 4114 etiam
1315 4077 1402 4134 super
1425 4056 1530 4114 ltaliae

285 4139 426 4199 ecclesias
450 4144 543 4219 primo
566 4143 683 4202 demum
708 4146 793 4203 initio
809 4142 872 4203 lll.¹
886 4145 994 4203 saeculi
1021 4144 1173 4202 iuridieam
1190 4147 1299 4201 tactam
1323 4163 1395 4200 (esso.
1421 4143 1528 4201 Verum

284 4240 466 4302 argumenta,
490 4250 564 4307 quae
594 4234 655 4308 ipse
681 4234 772 4303 atl'ort,
795 4233 860 4311 plus
885 4231 1007 4309 probaro
1030 4230 1318 4291 ridenturt'et2189
1342 4229 1428 4308 sqq.),
1452 4250 1530 4287 cum-

284 4334 340 4390 que
364 4313 401 4371 de
426 4316 613 4375 Antiocheno
637 4328 665 4374 et
691 4319 896 4377 Alexandrino
930 4320 1075 4395 episeopis
1099 4321 1168 4393 agit.
1192 4319 1310 4396 paulum
1334 4317 1394 4375 alia
1417 4319 1529 4375 rationo

283 4400 320 4457 de
338 4400 441 4459 iisdem
467 4405 564 4461 sentit.
774 4402 777 4409 '

392 4512 478 4589 Quod
504 4516 717 4575 Alexandriam
742 4520 855 4581 attinet,
890 4518 1051 4595 apostoliea
1074 4520 1136 4574 eins
1167 4520 1248 4593 origo
1276 4518 1392 4597 psaltem
1424 4520 1529 4575 existi·

284 4598 383 4679 mata).
408 4603 500 4660 virtus
521 4605 670 4663 missionis
687 4604 773 4675 aelus,
790 4607 910 4663 maioris
934 4603 1013 4662 urbis
1037 4608 1067 4662 in
1091 4606 1230 4682 Aegypto
1253 4602 1384 4663 defectus
1408 4605 1437 4662 id
1461 4606 1529 4662 offe·

283 4700 393 4745 cerunt.
424 4699 455 4745 ut
478 4692 633 4767 episcopus
659 4690 882 4749 Alexandrinus
905 4694 1109 4749 auctoritatem
1133 4712 1220 4768 snper
1243 4702 1333 4749 totam
1358 4694 1527 4771 Aegyptum
