3450 5342
688 389 881 443 -311-

163 575 339 633 Conclusio:
374 575 545 653 Explicatis
576 575 756 633 schematice
784 575 943 653 parabolae
978 575 1032 648 „de
1063 574 1140 633 bono
1174 579 1307 654 pastore*
1343 597 1409 634 cum

160 662 363 740 applicatione
387 661 424 719 ad
446 674 593 740 pastorem
616 661 798 720 ordinarium
821 665 882 740 (pp.
906 662 1099 740 tle-tao).

268 749 392 818 Thema,
415 747 493 827 quod
516 749 572 806 sibi
592 752 716 826 scriptor
739 752 883 827 proponit,
906 751 938 808 in
955 771 989 807 eo
1012 760 1065 820 est,
1088 759 1120 806 ut
1142 751 1267 827 pastoris
1291 749 1408 807 christi-

161 836 215 893 ani
246 835 405 913 exemplar,
436 835 596 893 secundum
620 837 687 894 lesu
711 835 823 894 Christi
855 835 1019 894 doctrinam
1051 845 1293 913 repraesentetur.
1323 837 1408 894 Licet

162 921 278 980 Christi
295 942 420 999 persona
442 924 474 980 in
486 933 548 980 tota
571 943 624 981 sua
640 921 835 1000 amplitudine
851 922 1037 980 considerata
1050 925 1088 980 sit
1111 921 1236 980 sublime
1248 924 1408 1001 exemplar,

161 1007 244 1086 quod
267 1008 381 1066 viribus
411 1009 548 1067 humanis
579 1012 685 1086 attingi
710 1012 821 1087 nequit,
852 1019 951 1068 tamen
974 1009 1109 1068 omnibus
1133 1009 1312 1074 christianis,
1345 1027 1409 1087 spe-

162 1097 267 1153 ciatim
297 1117 368 1153 vero
397 1094 563 1173 pastoribus
585 1117 676 1172 grave
704 1117 777 1155 onus
809 1095 952 1154 incumbit
975 1095 1087 1154 Christi
1119 1097 1245 1172 vestigia
1278 1116 1409 1173 premere

162 1184 321 1260 ipsumque
344 1203 396 1260 pro
420 1181 532 1240 viribus
556 1184 665 1240 imitari
690 1181 749 1261 (pp.
774 1183 902 1258 5—12).
926 1185 994 1260 lpse
1018 1182 1153 1241 Christus
1184 1202 1289 1241 muuus
1312 1197 1411 1262 pasto-

162 1269 226 1326 rale
249 1272 389 1341 institnit3
413 1268 536 1346 proinde
559 1279 763 1348 protestantes,
787 1273 837 1348 qui
853 1270 910 1328 hoc
933 1289 1042 1345 negare
1066 1281 1217 1340 conantur,
1241 1289 1259 1326 a
1282 1272 1407 1328 veritate

161 1355 302 1413 aberrant
325 1353 385 1433 (pp.
410 1355 557 1430 12—17).
581 1356 646 1413 Hoc
669 1358 763 1432 posito
786 1358 948 1434 quaeritur:
972 1353 1117 1433 quomodo
1143 1355 1287 1426 Christus
1310 1365 1342 1413 ut
1358 1377 1408 1433 pa-

162 1445 251 1500 storis
281 1443 435 1500 christiani
466 1442 619 1520 exemplar
650 1443 850 1501 sacerdotibus
884 1441 1072 1521 exponatur?
1108 1440 1236 1517 Quidam
1270 1442 1410 1500 methodo

162 1531 392 1609 comparatiopis
415 1532 545 1586 contenti
570 1527 729 1587 ostendunt
751 1529 916 1607 pastoribus
939 1551 982 1600 ea,
1006 1549 1081 1607 quae
1105 1529 1241 1587 Christus
1265 1531 1357 1606 gessit
1380 1541 1407 1588 et

163 1616 240 1685 illos,
264 1617 482 1691 utlllagistrum
499 1616 634 1674 divinum
658 1618 817 1685 imitentur,
840 1619 978 1674 invitant.
1001 1615 1067 1674 Hoc
1085 1625 1183 1674 tamen
1208 1636 1266 1673 non
1291 1616 1408 1686 suflicit,

163 1717 297 1760 remanet
320 1706 399 1760 euim
415 1723 530 1779 semper
553 1702 605 1759 illa
628 1706 774 1780 quaestio:
797 1702 986 1781 quomodo
1010 1701 1051 1760 ad
1075 1717 1237 1780 pastores
1262 1713 1409 1761 nostrae

163 1792 314 1848 aetatis
348 1790 445 1846 haec
479 1792 605 1847 omnia
638 1789 881 1868 applicanda
914 1791 1003 1861 sint,
1037 1789 1225 1867 quomodo
1258 1791 1337 1867 ipsi
1369 1789 1408 1848 id

163 1889 309 1954 queant
331 1877 544 1953 attingere,
569 1875 679 1954 quod
702 1877 844 1934 Pastor
878 1878 1085 1953 Supremos
1111 1878 1152 1933 in
1177 1879 1408 1954 Semetipso

161 1962 364 2020 ostendit?
400 1961 529 2020 Proinde
552 1983 656 2040 scopus
679 1963 846 2039 theologiae
875 1963 1030 2041 pastoralis
1053 1973 1104 2028 est,
1136 1973 1174 2020 ut
1206 1964 1408 2040 integrum

162 2049 368 2126 exemplar
399 2050 574 2126 pastoris
596 2050 817 2107 christiani
840 2060 1178 2126 repraesentetur,
1211 2069 1345 2127 nempe
1369 2060 1407 2108 ut

163 2139 248 2194 eius
280 2156 449 2213 persona
477 2137 569 2193 viva
601 2136 669 2203 (ero
697 2156 822 2221 usrlssyto
852 2147 1036 2205 aliquodue)
1067 2135 1309 2198 ostendatur.
1341 2137 1408 2195 Nou

162 2244 233 2280 vero
257 2225 288 2280 in
311 2245 346 2281 eo
369 2243 473 2299 scopus
496 2223 663 2299 theologiae
686 2223 842 2301 pastoralis
866 2221 1018 2302 ponendus
1042 2237 1093 2291 est,
1127 2233 1160 2280 ut·
1180 2225 1280 2280 omnia
1302 2223 1408 2290 media,

165 2309 272 2388 quibus
295 2321 395 2386 pastor
412 2306 536 2366 adores
560 2330 628 2368 snas
651 2309 815 2387 pascendas
838 2309 921 2368 etad
939 2309 1073 2366 ultimum
1097 2309 1185 2368 linem
1203 2307 1409 2368 conducendas

163 2399 263 2464 utitur,
294 2404 502 2454 enumerentur
534 2400 649 2472 (contra
678 2397 735 2454 los.
757 2395 904 2475 Aertnys)
928 2395 988 2474 (pp.
1015 2392 1162 2477 lte-19).
1193 2397 1234 2456 L't
1257 2396 1311 2454 hoc
1335 2397 1410 2455 ohti-

164 2495 241 2552 neat,
265 2485 388 2560 scriptor
400 2481 538 2542 methodo
562 2483 731 2562 synthetica
746 2483 936 2561 simulatque
952 2483 1103 2562 analytica
1123 2485 1214 2540 utitur
1237 2493 1265 2540 et
1282 2487 1410 2543 eb‘acris

163 2570 286 2627 Litteris
312 2585 400 2647 atque
424 2572 453 2628 S.
475 2570 597 2627 Patrem
620 2569 757 2646 operibus
777 2570 924 2628 summum'
945 2571 1069 2648 pastoris
1085 2569 1238 2628 christiani
1256 2572 1409 2648 exemplar

165 2659 286 2734 eiusque
316 2659 409 2714 vitam
432 2659 568 2714 intimam
601 2654 751 2714 delineare
782 2668 904 2714 conatur
927 2655 1089 2732 (lu-tte
1122 2655 1181 2714 aab
1205 2657 1293 2714 linem
1318 2659 1408 2716 intro-

165 2742 312 2802 ductionis
328 2744 493 2800 litteratura
506 2743 638 2811 ltussica,
651 2763 726 2820 quae
736 2743 916 2818 theologiam
934 2741 1110 2820 pastoralem
1122 2753 1242 2820 spectat.
1259 2747 1408 2802 succincte

163 2832 341 2907 percurritur
370 2845 400 2886 ct
430 2850 518 2907 opera
548 2841 699 2898 extranea,
733 2828 838 2907 quibus
867 2831 992 2906 scriptor
1014 2849 1082 2886 usus
1113 2841 1165 2898 est,
1201 2841 1409 2889 enumerantur

166 2926 223 2994 (pp.
238 2917 385 2992 27-29).
409 2917 444 2974 ln
461 2919 661 2994 parteprima,
686 2936 748 2994 cap.
768 2921 794 2974 l.
810 2917 934 2994 scriptor
948 2915 1085 2986 ostendit,
1105 2915 1249 2993 quomodo
1263 2917 1407 2982 Christus,

165 3024 223 3080 qua
245 3004 340 3072 horno,
370 3025 401 3061 se
424 3003 462 3061 ad
486 3005 656 3061 missionem
686 3005 811 3081 pastoris
841 3005 1069 3081 praeparaverit.
1104 3003 1204 3060 Primo
1232 3002 1350 3080 quidem
1376 3007 1408 3062 in

166 3092 262 3147 Sacris
285 3091 406 3148 Litteris
429 3087 564 3148 videmus
587 3089 738 3148 Christum
761 3093 898 3148 iuvenem
918 3087 1035 3147 assidue
1047 3089 1121 3164 Legi
1137 3089 1265 3147 Divinae
1288 3112 1407 3167 operam

168 3176 295 3246 dantem,
319 3178 532 3234 exercitantem
556 3177 752 3234 humilitatem
776 3188 806 3233 et
829 3175 1046 3234 oboedientiam
1070 3173 1129 3254 (pp,
1147 3177 1295 3252 :se-39).
1320 3177 1409 3234 Cordi

166 3264 209 3321 illi
233 3274 296 3322 erat
319 3265 409 3321 ctiam
433 3263 560 3321 solitudo
583 3276 612 3321 et
636 3265 727 3341 quies,
757 3262 806 3320 ubi
830 3263 950 3320 Patrem
974 3283 1055 3319 suum
1088 3263 1245 3320 caelestem
1269 3265 1407 3324 invocare

167 3353 326 3420 consuevit,
350 3350 558 3428 contemplatio
574 3361 704 3418 naturae,
728 3362 816 3427 atque
839 3349 1082 3408 vitaehumanae
1098 3348 1303 3407 consideratio.
1328 3351 1410 3408 lnter

167 3438 370 3496 educationem
389 3438 454 3494 lesu
477 3439 559 3515 pueri
583 3448 613 3494 et
636 3439 752 3495 iuvenis
768 3435 947 3513 corporalem
964 3447 994 3494 et
1010 3437 1192 3513 spiritualem
1215 3445 1277 3494 erat
1294 3456 1410 3514 semper

169 3525 323 3582 harmonia
354 3525 485 3601 perlecta
516 3524 677 3600 (39-47).
714 3522 800 3582 [Inde
830 3524 948 3593 cruitur,
979 3542 1066 3601 quam
1099 3523 1265 3582 necessaria
1296 3525 1334 3580 sit
1358 3545 1410 3600 pro

168 3624 282 3690 pastore
313 3612 475 3669 christiano
506 3613 691 3688 praeparatio
719 3609 757 3668 ad
780 3621 913 3668 sanctum
944 3628 1048 3668 munus
1072 3631 1163 3668 suum.
1199 3610 1283 3666 Licet
1313 3613 1408 3686 gratia

169 3698 272 3756 divina
301 3697 518 3776 etpastoralis
542 3700 642 3774 praxis
673 3698 830 3775 plurimum
862 3695 1003 3766 alliciant,
1033 3705 1133 3776 tamen
1165 3716 1252 3774 quam
1285 3699 1409 3773 primum

166 3798 285 3863 oportet,
316 3796 347 3842 ut
371 3795 470 3862 pastor
491 3784 636 3842 theoriam
664 3783 824 3860 diligenter
846 3782 981 3841 addiscat
1005 3783 1149 3861 simulque
1184 3781 1301 3842 assidue
1325 3785 1355 3840 in
1379 3804 1410 3842 se

168 3875 230 3950 ipso
253 3870 433 3949 perficiendo
456 3869 577 3928 laboret.
600 3869 729 3928 Proinde
753 3872 920 3929 necessaria
936 3880 980 3928 cst
1004 3871 1140 3948 specialis
1163 3871 1348 3947 praeparatio
1372 3869 1407 3928 ad

171 3960 260 4016 vitam
284 3958 470 4036 pastoralem,
493 3960 524 4014 in
541 3977 599 4035 qua
622 3959 746 4016 seientia
768 3958 855 4015 simul
880 3977 944 4016 cnm
962 3956 1135 4015 educatione
1158 3957 1305 4034 spirituali
1321 3976 1408 4034 quam

168 4047 349 4104 strictissime
381 4047 418 4101 sit
441 4046 532 4103 unita.
557 4046 719 4121 (tt-uti).
754 4046 915 4122 Speciatim
939 4064 1008 4102 vero
1039 4046 1147 4122 pastori
1172 4043 1331 4102 curandum
1356 4053 1409 4106 est.

167 4143 197 4190 ut
219 4153 250 4191 se
273 4132 369 4210 ipsum
391 4132 533 4208 perficiat,
558 4133 708 4209 vitamque
731 4133 793 4189 fere
819 4164 857 4172 —
878 4133 1036 4188 asceticam
1060 4129 1148 4210 ducat
1172 4131 1299 4208 (uertant,
1322 4151 1412 4191 roro-

168 4238 365 4290 ssauurarefsr
390 4237 530 4291 ,sonuum
554 4217 643 4278 timue
666 4264 672 4276 .
697 4262 703 4275 .
726 4263 733 4275 .
766 4237 1024 4298 eeueurruecrsaa,
1054 4237 1162 4278 neuris
1190 4235 1412 4278 uitrealueercafl

169 4328 194 4383 p.
218 4305 281 4386 tie).
304 4305 365 4385 (pp.
390 4307 537 4373 sti-67).

275 4393 347 4469 Cap.
370 4391 411 4449 Il.
434 4393 517 4449 Sicut
534 4390 670 4449 Christus
692 4411 764 4468 puer
786 4392 817 4448 in
841 4391 951 4467 templo
975 4391 1093 4448 relictus
1117 4391 1201 4466 (Luc.
1220 4393 1247 4458 2,
1271 4393 1411 4464 trs-eo)

170 4479 296 4538 ostendit
320 4478 478 4556 specialem
503 4481 592 4536 tinam
624 4476 834 4553 obligationem
867 4478 898 4533 in
922 4476 1008 4534 domo
1031 4477 1130 4534 Patris
1154 4479 1204 4534 Sui
1235 4496 1307 4546 esse,
1337 4478 1411 4532 sieut

170 4567 291 4644 apostoli
323 4585 341 4623 a
364 4565 482 4623 Christo
506 4565 603 4621 vocati
627 4577 703 4630 sunt,
737 4566 831 4620 itaet
854 4572 954 4639 pastor
977 4561 1065 4620 debet
1095 4561 1203 4621 habere
1227 4563 1411 4620 vocationem

170 4653 309 4723 divinam,
333 4663 364 4710 ut
387 4654 449 4729 ipse
473 4671 538 4709 eum
555 4651 699 4726 Magistro
712 4652 770 4708 Suo
784 4649 914 4708 Caelesti
937 4648 1034 4707 dicere
1058 4651 1161 4727 possit:
1190 4652 1238 4722 „in
1262 4651 1312 4717 eis,
1336 4667 1412 4724 quae
