3450 5342
730 343 921 400 -221-

201 529 347 594 omnibus,
371 529 460 581 etiarn
479 543 536 580 non
554 528 704 592 Romanis,
728 545 746 581 a
771 528 877 581 iudicio
901 528 1100 595 episcopcrum
1121 542 1236 581 suorum
1262 529 1306 579 vel
1327 527 1450 579 haereti·

201 613 302 650 ccrum
326 599 364 650 ad
389 599 484 664 ipsum
510 598 733 663 provocantibus
756 603 786 651 et
810 597 1043 665 confugientibus
1068 600 1186 663 peccata
1214 612 1264 649 seu
1289 596 1450 663 generatim

201 668 302 721 omnia
321 683 370 719 seu
397 667 545 719 moechiae
564 667 725 733 speciatim,
749 667 803 720 rite
827 667 945 733 quidem
971 666 1186 733 poenitentibus
1212 682 1242 718 se
1261 682 1325 718 esse
1350 666 1450 718 dimis-

203 737 328 789 surum?
346 738 391 789 lta
409 736 525 803 quidem
545 737 613 789 licet
630 753 692 790 rem
711 737 856 803 explicare
876 736 904 789 in
924 737 1086 803 hypothesi,
1107 738 1130 789 si
1150 735 1451 801 auclanhiloscphu·

202 822 310 858 menon
329 806 456 858 edictum
476 805 554 858 idem
572 806 689 872 respicit
707 822 743 859 ac
760 806 963 859 Tertullianus.
990 805 1019 873 γ)
1038 806 1171 859 (laterum
1191 806 1261 857 haec
1281 805 1450 871 hypothesis

200 875 250 928 vix
270 875 408 929 sustineri
427 879 530 942 potest.
549 876 623 928 Nam
643 892 708 929 cum
727 877 854 928 edictum
874 876 1081 929 a'lertulliano
1094 875 1246 929 recitatum
1266 878 1335 943 agat
1355 874 1450 940 potius

201 945 239 997 de
257 945 418 1006 catholicis,
436 946 484 1011 qui
504 945 684 1011 poenitentia
702 946 846 999 laboriosa
866 944 945 1013 iungi
960 946 1095 1008 debeant,
1114 945 1249 1003 edictum,
1269 944 1345 1009 quod
1364 944 1451 996 relert

200 1018 302 1067 auctor
314 1014 606 1081 Philosophumenon,
625 1030 677 1081 pro
692 1018 827 1068 contextu
842 1014 954 1082 integro
968 1014 1029 1081 agit
1048 1014 1084 1066 de
1098 1014 1261 1071 haereticis.
1280 1029 1337 1065 non
1350 1017 1449 1066 tamen

199 1084 345 1144 omnibus,
365 1084 417 1135 sed
436 1084 465 1136 in
481 1084 593 1136 haeresi
613 1084 676 1151 ipsa
692 1084 849 1151 baptizatis
868 1088 897 1136 et
916 1089 980 1149 post
994 1088 1112 1149 peccata
1132 1085 1227 1137 camis
1246 1083 1283 1135 ad
1296 1083 1449 1135 ecclesiam

199 1154 427 1214 accedentibus;
453 1169 525 1219 quos
544 1154 721 1223 Agrippinas
746 1154 997 1222 Carthaginiensis
1022 1154 1129 1219 aliique
1154 1152 1281 1220 episcopi
1306 1152 1449 1219 catholici,

199 1223 301 1289 utique
320 1224 383 1275 sine
407 1224 466 1275 ulla
490 1222 669 1288 poenitentia
693 1223 841 1284 canonica,
866 1223 961 1275 denuo
986 1224 1183 1289 baptizabant,
1210 1221 1347 1277 Callistus
1371 1237 1449 1275 merc

200 1292 415 1345 reconciliando
440 1308 492 1345 nec
517 1292 576 1345 iam
600 1292 775 1359 imponendo
800 1293 1008 1359 poenitentiam
1034 1293 1210 1357 diuturnam,
1235 1292 1357 1345 sortasse
1382 1306 1449 1344 vere

200 1363 313 1428 primus
332 1362 471 1414 ecclesiae
489 1362 695 1431 aggregaverit
714 1362 872 1415 secundum
898 1363 1015 1414 modum
1036 1362 1116 1415 illum
1135 1364 1174 1415 ab
1194 1362 1410 1415 Innocentio
1429 1362 1448 1413 l.

200 1432 366 1497 expositum
390 1432 453 1497 (Ep.
478 1431 521 1487 al.
545 1448 573 1483 n.
591 1431 640 1496 ll:
667 1432 789 1495 „Eorum
816 1428 1012 1499 [arianorum]
1038 1430 1128 1484 laicos
1153 1447 1305 1483 conversos
1331 1431 1368 1483 ad
1394 1430 1449 1483 Do·

200 1502 323 1564 minum,
351 1502 405 1553 sub
434 1501 561 1568 imagine
589 1501 785 1567 poenitentiae
811 1516 845 1554 ac
873 1502 966 1554 sancti
991 1500 1113 1566 spineis
1142 1500 1370 1553 sanctificatione
1399 1516 1450 1565 per

201 1585 307 1623 manus
332 1571 546 1637 impositionem
572 1571 772 1638 suscipimus.“
799 1573 860 1639 Quo
879 1570 966 1623 etiam
993 1574 1113 1636 spectat,
1139 1572 1214 1636 quod
1240 1576 1314 1623 teste
1333 1572 1449 1623 auctore

199 1640 494 1705 Philosophumenon,
525 1646 645 1707 peccata
670 1642 825 1693 commissa
849 1640 887 1692 ab
913 1640 1078 1693 hominibus
1103 1639 1260 1693 illiusmodi
1287 1656 1305 1692 a
1330 1638 1449 1692 Callisto

199 1725 259 1761 non
278 1710 457 1775 imputentur
475 1708 517 1776 (oi
535 1709 689 1776 λογίζιται),
708 1725 813 1776 nempe
824 1710 861 1762 ad
876 1710 1084 1777 poenitentiam
1098 1710 1240 1762 diutinam
1255 1709 1449 1775 subeundam;

200 1779 235 1831 ci.
249 1778 406 1831 dictionem
420 1778 544 1831 similem
563 1780 724 1845 Paciani‚
744 1781 794 1845 Ep.
804 1780 829 1831 3.
848 1780 886 1831 ad
901 1782 1059 1845 sympron,
1078 1794 1104 1831 n.
1120 1778 1164 1831 ll:
1183 1778 1273 1846 „Quid
1288 1779 1367 1830 solvo
1381 1794 1449 1844 gen-

199 1849 290 1903 tibus.
308 1850 384 1914 quod
403 1863 460 1900 non
479 1852 523 1901 est
543 1849 704 1914 ligetune·
723 1849 763 1901 Ct.
783 1851 911 1901 Petere
931 1848 959 1901 iu
978 1848 1117 1901 Katholik
1136 1848 1211 1907 1876,
1232 1848 1272 1908 ll.,
1291 1864 1317 1913 p.
1338 1846 1448 1899 123-5.

306 1932 331 1998 e)
349 1934 570 2000 Respondemus
595 1934 624 1998 α)
644 1935 671 1986 si
691 1940 759 1987 ante
778 1934 952 2001 Cypriannm
979 1938 1085 2001 negata
1104 1934 1204 1986 fuisset
1226 1934 1317 2001 lapsis
1337 1934 1365 1985 in
1385 1950 1449 1999 per·

201 2003 349 2056 secutione
367 2004 460 2070 venia,
488 2019 545 2056 non
571 2010 669 2070 posset
693 2004 830 2071 explicari
856 2007 886 2069 a)
912 2020 962 2056 cur
979 2004 1140 2069 Cyprianus
1164 2004 1299 2056 omnihus
1323 2004 1393 2055 locis
1412 2003 1448 2056 de

201 2075 265 2125 sola
283 2072 493 2126 immaturitate
506 2074 749 2126 reconciliationis
768 2076 812 2125 vel
833 2074 868 2126 de
883 2073 1101 2126 condicionibus
1115 2074 1255 2141 neglectis
1273 2077 1449 2141 quereretur,

201 2142 232 2206 b)
252 2158 303 2193 cur
320 2158 478 2209 numquam
498 2143 536 2196 ad
556 2143 679 2209 priorem
699 2144 884 2196 severitatem
904 2151 1081 2209 provocaret,
1106 2142 1132 2208 c)
1151 2142 1294 2209 quomodo
1319 2142 1380 2195 lieri
1399 2158 1449 2209 po·

199 2212 314 2278 tuisset,
333 2215 364 2263 ut
383 2213 457 2278 lapsi
475 2218 537 2265 tam
562 2212 724 2279 importune
748 2213 978 2266 communionem
1004 2212 1178 2281 llagitarent,
1204 2212 1298 2265 clerici
1318 2213 1448 2265 nonnulli

201 2285 264 2334 tam
284 2280 369 2333 lacile
388 2282 587 2334 concederent.

306 2348 330 2414 β)
348 2351 386 2403 ad
404 2352 454 2418 Ep.
470 2350 523 2403 ὅδε
537 2352 597 2404 Hoc
610 2356 726 2417 propter
739 2352 896 2418 specialem
908 2352 1050 2404 malitiam
1063 2352 1282 2417 haereticorum,
1293 2351 1329 2404 de
1343 2352 1448 2417 quibus

200 2421 306 2489 agitur,
324 2421 429 2473 evenit.
449 2420 525 2473 Dicit
538 2420 628 2473 enim:
647 2422 796 2486 „Namque
808 2426 839 2474 ut
858 2421 1029 2489 gaudent,
1049 2436 1113 2473 cum
1133 2422 1300 2473 tolerabiles
1318 2422 1449 2487 redeunt,

201 2489 243 2542 ita
262 2489 397 2552 tremunt,
416 2490 530 2555 quoties
548 2490 779 2543 inemendabiles
806 2495 836 2543 et
860 2491 976 2557 superbi
1003 2491 1044 2543 sic
1070 2492 1106 2543 ad
1126 2491 1279 2543 ecclesiam
1308 2494 1449 2556 remeant,

200 2562 233 2612 ut
252 2560 328 2611 bona
348 2558 425 2612 intus
446 2560 564 2627 ingenia
583 2565 776 2625 corrumpant.

305 2644 335 2713 γ)
354 2646 392 2698 ad
411 2647 462 2712 Ep.
482 2646 524 2711 52,
543 2660 570 2698 n.
590 2646 625 2698 3:
643 2646 791 2727 hiltigatlo
810 2647 839 2697 in
858 2661 892 2698 eo
912 2644 973 2709 luit,
993 2646 1068 2711 quod
1089 2646 1169 2711 prius
1194 2646 1328 2697 omnibns
1358 2646 1447 2712 lapsis

201 2715 319 2782 (saltem
332 2732 349 2767 a
363 2716 540 2782 martyribus
553 2730 611 2769 non
624 2715 746 2779 adiutis)
756 2714 988 2768 communionem
1004 2730 1059 2766 non
1072 2716 1248 2768 coricedcbat
1262 2716 1318 2767 nisi
1331 2719 1448 2778 longam

202 2787 247 2837 vel
274 2786 379 2838 saltem
405 2785 580 2851 comparatis
606 2785 672 2838 aliis
701 2785 858 2837 sceleribus
885 2785 1042 2847 longiorem
1075 2785 1282 2850 poenitentiarii
1309 2786 1448 2851 egissent,

202 2857 312 2920 postca,
331 2870 397 2907 cum
416 2870 542 2923 magnus
561 2870 699 2907 numerus
718 2857 864 2920 lapsorum
886 2854 995 2912 luisset,
1015 2854 1162 2907 distinctis
1187 2854 1275 2905 variis
1301 2856 1446 2920 lapsorum

202 2924 354 2990 speciebus
380 2924 445 2991 (Ep.
463 2924 506 2989 52,
525 2940 552 2975 n.
572 2925 605 2975 1⁴2
624 2925 674 2982 ss.)
694 2924 903 2990 poenitentiam
932 2940 981 2988 pro
1006 2922 1147 2989 gradibus
1172 2925 1273 2989 culpae
1299 2925 1448 2977 restrinxit

202 2996 231 3046 et
249 2993 385 3045 omnibus
404 2993 504 3059 lapsis,
533 2994 648 3045 etiamsi
677 2999 836 3058 martyrum
857 2994 964 3044 libellis
992 3008 1048 3043 tion
1074 2996 1171 3046 essent
1202 2992 1294 3045 adiuti
1324 2995 1446 3045 necdum

201 3064 287 3128 plene
306 3062 525 3126 satisfecissent,
550 3064 578 3114 in
598 3064 719 3116 articulo
739 3064 840 3116 mortis
859 3065 963 3115 saltem
983 3063 1176 3114 eucharistiae
1196 3063 1447 3130 participationem

202 3132 353 3185 concessit.
374 3132 418 3185 lta
436 3148 497 3184 rem
517 3148 581 3185 esse
599 3134 803 3198 explicandam
823 3138 902 3198 patet
922 3148 952 3188 cl
973 3148 1006 3182 en
1029 3132 1076 3197 Ep.
1097 3133 1138 3195 52,
1159 3147 1184 3183 n.
1204 3132 1235 3183 sl
1257 3148 1278 3183 s.
1298 3140 1326 3185 el
1342 3134 1391 3198 lip.
1405 3132 1447 3199 54,
1529 3186 1536 3195 ,

201 3200 370 3267 n.1‚l.5;
397 3202 431 3255 cl.
456 3202 546 3254 etiam
572 3203 621 3267 Ep.
647 3202 688 3268 bi,
710 3217 735 3254 n.
754 3203 789 3262 3;
807 3202 850 3261 iii,
870 3218 896 3253 n.
915 3202 939 3253 2.
958 3202 983 3253 l.
1004 3198 1031 3259 bl
1051 3217 1085 3253 ex
1112 3216 1153 3260 co,
1173 3202 1208 3253 de
1234 3218 1289 3267 (yuo
1317 3203 1446 3268 praecise

201 3286 321 3323 severus
340 3270 389 3323 ille
407 3272 590 3324 Antonianus
609 3277 784 3336 coliquestus
804 3278 847 3324 est
869 3272 918 3336 Ep.
937 3272 979 3331 52,
1000 3287 1025 3322 n.
1044 3272 1077 3335 2;
1098 3271 1131 3323 cl.
1152 3286 1179 3323 n.
1201 3270 1229 3321 ll
1251 3288 1271 3323 s.

305 3356 331 3422 δ)
350 3358 388 3411 ad
401 3358 451 3425 Ep.
466 3358 516 3410 13:
535 3358 615 3425 Quod
631 3373 687 3409 non
700 3358 835 3409 omnibus
850 3356 940 3423 lapsis
953 3358 990 3409 ab
1006 3356 1087 3409 initio
1103 3357 1310 3423 persecutionis
1329 3356 1445 3409 veniam

201 3442 339 3493 expresse
357 3427 498 3493 promisit,
512 3428 580 3480 inde
593 3428 684 3493 potuit
700 3427 771 3482 fieri,
785 3428 861 3492 quod
877 3442 981 3478 novum
997 3426 1024 3477 id
1039 3430 1109 3488 erat,
1123 3442 1187 3478 cnm
1206 3430 1292 3491 longa
1306 3428 1446 3479 ecclesiae

201 3497 284 3562 quies
295 3497 500 3562 praecessisset
515 3499 561 3549 vel
581 3498 656 3562 quod
676 3497 737 3549 sive
754 3503 820 3549 tunc
835 3497 896 3547 sive
910 3496 989 3562 prius
1003 3497 1133 3547 nonnulli
1146 3497 1273 3563 episcopi
1288 3497 1446 3549 severiores

202 3581 233 3619 se
261 3567 463 3632 praebuerant,
494 3568 617 3632 ideoque
640 3567 805 3632 ,Cyprianus
832 3571 1001 3631 exspectare
1032 3567 1129 3631 lapsos
1158 3566 1251 3625 iussit,
1279 3566 1369 3617 donec
1397 3582 1446 3631 per

201 3636 345 3701 synodum
364 3636 490 3689 laturam
510 3637 662 3688 uniformis
681 3635 855 3702 procedendi
875 3635 978 3687 modus
998 3639 1180 3694 statueretur,
1194 3638 1238 3689 vel
1253 3636 1329 3700 quod
1344 3652 1445 3687 cavere

200 3704 301 3769 voluit,
320 3721 357 3757 ne
376 3721 513 3758 numerus
533 3707 678 3771 lapsorum
698 3706 841 3771 promissa
859 3705 945 3757 venia
963 3710 1126 3769 augeretur.

304 3791 331 3855 a)
355 3791 392 3843 ad
412 3792 461 3856 Ep.
490 3790 532 3852 52,
551 3807 577 3843 n.
606 3791 657 3842 23:
685 3791 714 3843 Si
733 3790 957 3843 communicatio
985 3796 1013 3842 et
1033 3806 1097 3855 pax,
1126 3806 1211 3855 quam
1241 3790 1281 3841 ihi
1310 3791 1446 3856 denegat,

202 3860 395 3929 intelligenda
419 3866 463 3913 est
483 3860 627 3912 absolutio
652 3862 873 3913 sacramentalis
893 3876 909 3911 a
929 3862 1065 3925 peccatis,
1092 3866 1168 3911 certe
1194 3860 1247 3912 luit
1272 3860 1446 3925 particulare

202 3929 350 3983 decretum
371 3929 605 3996 (,‚censulmus“),
624 3945 680 3982 non
700 3945 770 3981 usus
790 3930 963 3982 universalis
984 3929 1142 3994 ecclesiae,
1163 3930 1265 3994 quodsi
1285 3930 1445 3995 Cyprianus

202 4002 278 4052 tales
297 4000 429 4051 homines
449 4014 505 4052 non
525 4014 609 4065 posse
633 4016 698 4051 esse
717 4000 772 4051 rite
796 3999 954 4065 dispositos
982 3999 1103 4065 putavit,
1129 3999 1243 4051 erravit.
1270 4000 1375 4051 Verum
1397 4000 1446 4051 illa

203 4068 428 4121 communicatio
446 4073 476 4121 et
494 4085 550 4134 pax
577 4070 701 4137 intelligi
727 4073 822 4135 potest
849 4069 994 4121 absolutio
1021 4070 1058 4120 ab
1087 4068 1222 4133 operibus
1250 4068 1446 4133 poenitentiae

202 4154 268 4190 cum
289 4137 491 4191 communione
511 4138 731 4204 Eucharistiae;
751 4138 826 4203 quod
846 4139 963 4203 (pridem
984 4154 1047 4189 cunr
1068 4142 1148 4189 textu
1178 4138 1327 4190 difficilius
1353 4139 1447 4190 conci·

203 4207 297 4273 liatur,
318 4208 488 4273 praesertim
508 4222 573 4259 cum
593 4208 643 4271 eis,
663 4208 712 4273 qui
731 4215 831 4261 carent
850 4208 966 4270 „delicti
986 4206 1181 4273 poenitentia“
1200 4208 1279 4259 nulla
1293 4208 1447 4261 conveniat

201 4278 348 4329 absolutio
366 4281 395 4330 et
414 4293 478 4329 cum
497 4282 595 4330 textus
613 4278 745 4330 eiusdem
764 4278 904 4343 epistolae
925 4276 1056 4343 paralleli
1069 4276 1148 4329 aliud
1163 4278 1278 4344 exigere
1293 4277 1446 4329 videantur

202 4347 263 4412 (‚,ut
282 4347 384 4399 necin
403 4349 495 4400 totum
526 4362 593 4413 spes
620 4346 892 4399 communicationis
911 4352 939 4399 et
968 4347 1048 4413 pacis
1075 4347 1165 4411 lapsis
1189 4347 1390 4415 denegaretur,
1409 4362 1447 4398 ne

203 4418 269 4481 plus
288 4415 551 4482 desperatione
578 4416 766 4481 delicerent“;
785 4431 984 4483 quaecumque
1003 4416 1040 4468 ad
1060 4431 1161 4481 pacem
1181 4416 1334 4481 pertinent,
1349 4415 1446 4483 iacies,

203 4486 253 4537 sed
272 4487 384 4538 nullam
404 4501 514 4551 pacem,
533 4502 620 4552 quam
639 4486 764 4551 qnaeris,
783 4486 934 4552 accipies“‚
952 4486 1017 4551 „qui
1031 4502 1066 4537 ex
1080 4488 1140 4537 toto
1154 4486 1239 4537 corde
1252 4484 1447 4551 poenituerint

202 4558 232 4607 et
249 4554 425 4622 rogaverint,
445 4556 474 4607 in
493 4556 647 4607 ecclesiam
666 4556 775 4607 debent
794 4556 941 4621 suscipl‘l,
961 4556 1012 4607 sed
1032 4554 1127 4621 magis
1147 4570 1303 4607 consonum
1323 4557 1368 4607 est
1381 4569 1445 4605 cum

202 4624 334 4677 eiusdem
353 4625 469 4677 verbis:
489 4626 538 4688 „ln
558 4625 613 4677 isto
632 4625 728 4678 adhuc
746 4625 855 4677 mundo
874 4626 1002 4678 manenti
1023 4624 1203 4691 poenitentia
1222 4626 1301 4676 nulla
1315 4640 1378 4675 sera
1392 4627 1444 4676 est.
