<?xml version="1.0" encoding="UTF-8"?>
<!DOCTYPE html PUBLIC "-//W3C//DTD XHTML 1.0 Transitional//EN"
    "http://www.w3.org/TR/xhtml1/DTD/xhtml1-transitional.dtd">
<html xmlns="http://www.w3.org/1999/xhtml" xml:lang="en" lang="en">
 <head>
  <title>
</title>
<meta http-equiv="Content-Type" content="text/html;charset=utf-8" />
  <meta name='ocr-system' content='tesseract 3.04.00' />
  <meta name='ocr-capabilities' content='ocr_page ocr_carea ocr_par ocr_line ocrx_word'/>
</head>
<body>
  <div class='ocr_page' id='page_1' title='image "./slavorumlittera00unkngoog_0694.png"; bbox 0 0 3450 5342; ppageno 0'>
   <div class='ocr_carea' id='block_1_1' title="bbox 853 301 1047 353">
    <p class='ocr_par' dir='ltr' id='par_1_1' title="bbox 853 301 1047 353">
     <span class='ocr_line' id='line_1_1' title="bbox 853 301 1047 353; baseline 0.031 -5"><span class='ocrx_word' id='word_1_1' title='bbox 853 331 892 340; x_wconf 86' lang='lat'>-</span> <span class='ocrx_word' id='word_1_2' title='bbox 921 301 982 353; x_wconf 66' lang='lat'>:5¹24</span> <span class='ocrx_word' id='word_1_3' title='bbox 1007 329 1047 338; x_wconf 97' lang='lat'>-</span> 
     </span>
    </p>
   </div>
   <div class='ocr_carea' id='block_1_2' title="bbox 305 484 1648 4638">
    <p class='ocr_par' dir='ltr' id='par_1_2' title="bbox 317 484 1641 999">
     <span class='ocr_line' id='line_1_2' title="bbox 318 484 1570 564; baseline 0.001 -26"><span class='ocrx_word' id='word_1_4' title='bbox 318 505 370 562; x_wconf 85' lang='lat' dir='ltr'><strong>pcr</strong></span> <span class='ocrx_word' id='word_1_5' title='bbox 400 484 518 555; x_wconf 64' lang='lat' dir='ltr'><strong>longina</strong></span> <span class='ocrx_word' id='word_1_6' title='bbox 553 499 676 561; x_wconf 81' lang='lat' dir='ltr'><strong>tempus.</strong></span> <span class='ocrx_word' id='word_1_7' title='bbox 711 489 799 543; x_wconf 87' lang='lat' dir='ltr'><strong>immo</strong></span> <span class='ocrx_word' id='word_1_8' title='bbox 834 507 885 564; x_wconf 81' lang='lat' dir='ltr'><strong>per</strong></span> <span class='ocrx_word' id='word_1_9' title='bbox 917 488 1032 563; x_wconf 78' lang='lat' dir='ltr'><strong>integra</strong></span> <span class='ocrx_word' id='word_1_10' title='bbox 1056 487 1172 545; x_wconf 81' lang='lat' dir='ltr'><strong>saecula</strong></span> <span class='ocrx_word' id='word_1_11' title='bbox 1197 491 1260 544; x_wconf 82' lang='lat' dir='ltr'><strong>iura</strong></span> <span class='ocrx_word' id='word_1_12' title='bbox 1286 488 1447 563; x_wconf 78' lang='lat' dir='ltr'><strong>legesque</strong></span> <span class='ocrx_word' id='word_1_13' title='bbox 1473 506 1570 540; x_wconf 62' lang='lat' dir='ltr'><strong>senaar</strong></span> 
     </span>
     <span class='ocr_line' id='line_1_3' title="bbox 318 571 1640 653; baseline 0.001 -27"><span class='ocrx_word' id='word_1_14' title='bbox 318 587 454 647; x_wconf 82' lang='lat' dir='ltr'><strong>artesque</strong></span> <span class='ocrx_word' id='word_1_15' title='bbox 480 573 575 628; x_wconf 81' lang='lat' dir='ltr'><strong>colere</strong></span> <span class='ocrx_word' id='word_1_16' title='bbox 598 571 713 630; x_wconf 76' lang='lat' dir='ltr'><strong>doct-us.</strong></span> <span class='ocrx_word' id='word_1_17' title='bbox 737 572 875 646; x_wconf 66' lang='lat' dir='ltr'><strong>gentibus</strong></span> <span class='ocrx_word' id='word_1_18' title='bbox 898 572 1030 631; x_wconf 86' lang='lat' dir='ltr'><strong>barbaris</strong></span> <span class='ocrx_word' id='word_1_19' title='bbox 1064 576 1108 632; x_wconf 84' lang='lat' dir='ltr'><strong>oui</strong></span> <span class='ocrx_word' id='word_1_20' title='bbox 1132 577 1203 632; x_wconf 87' lang='lat' dir='ltr'><strong>iuris</strong></span> <span class='ocrx_word' id='word_1_21' title='bbox 1226 573 1410 634; x_wconf 81' lang='lat' dir='ltr'><strong>tenacibus.</strong></span> <span class='ocrx_word' id='word_1_22' title='bbox 1447 575 1572 628; x_wconf 72' lang='lat' dir='ltr'><strong>instita-a·</strong></span> <span class='ocrx_word' id='word_1_23' title='bbox 1636 628 1640 653; x_wconf 59' lang='grc' dir='ltr'>Ι</span> 
     </span>
     <span class='ocr_line' id='line_1_4' title="bbox 319 657 1641 738; baseline 0 -25"><span class='ocrx_word' id='word_1_24' title='bbox 319 657 505 733; x_wconf 75' lang='lat' dir='ltr'><strong>oleribusque</strong></span> <span class='ocrx_word' id='word_1_25' title='bbox 529 658 655 716; x_wconf 86' lang='lat' dir='ltr'><strong>incultis.</strong></span> <span class='ocrx_word' id='word_1_26' title='bbox 678 672 738 716; x_wconf 88' lang='lat' dir='ltr'><strong>turn</strong></span> <span class='ocrx_word' id='word_1_27' title='bbox 763 659 800 716; x_wconf 87' lang='lat' dir='ltr'><strong>dc</strong></span> <span class='ocrx_word' id='word_1_28' title='bbox 823 659 909 718; x_wconf 86' lang='lat' dir='ltr'><strong>rebus</strong></span> <span class='ocrx_word' id='word_1_29' title='bbox 929 661 1071 730; x_wconf 82' lang='lat' dir='ltr'><strong>extemis,</strong></span> <span class='ocrx_word' id='word_1_30' title='bbox 1092 673 1154 720; x_wconf 87' lang='lat' dir='ltr'><strong>tum</strong></span> <span class='ocrx_word' id='word_1_31' title='bbox 1178 659 1214 718; x_wconf 84' lang='lat' dir='ltr'><strong>de</strong></span> <span class='ocrx_word' id='word_1_32' title='bbox 1230 661 1395 738; x_wconf 77' lang='lat' dir='ltr'><strong>spirituali</strong></span> <span class='ocrx_word' id='word_1_33' title='bbox 1422 661 1572 716; x_wconf 77' lang='lat' dir='ltr'><strong>animorum</strong></span> <span class='ocrx_word' id='word_1_34' title='bbox 1637 662 1641 699; x_wconf 91' lang='lat'>:</span> 
     </span>
     <span class='ocr_line' id='line_1_5' title="bbox 317 744 1574 824; baseline 0.002 -26"><span class='ocrx_word' id='word_1_35' title='bbox 317 745 430 801; x_wconf 88' lang='lat' dir='ltr'><strong>cultura</strong></span> <span class='ocrx_word' id='word_1_36' title='bbox 454 744 556 800; x_wconf 85' lang='lat' dir='ltr'><strong>scdulo</strong></span> <span class='ocrx_word' id='word_1_37' title='bbox 580 744 716 822; x_wconf 71' lang='lat' dir='ltr'><strong>procidit.</strong></span> <span class='ocrx_word' id='word_1_38' title='bbox 750 750 842 824; x_wconf 87' lang='lat' dir='ltr'><strong>t)pcri</strong></span> <span class='ocrx_word' id='word_1_39' title='bbox 870 746 1026 806; x_wconf 81' lang='lat' dir='ltr'><strong>admodum</strong></span> <span class='ocrx_word' id='word_1_40' title='bbox 1050 747 1167 805; x_wconf 86' lang='lat' dir='ltr'><strong>difficili</strong></span> <span class='ocrx_word' id='word_1_41' title='bbox 1191 748 1274 806; x_wconf 81' lang='lat' dir='ltr'><strong>velut</strong></span> <span class='ocrx_word' id='word_1_42' title='bbox 1308 771 1333 807; x_wconf 85' lang='lat' dir='ltr'><strong>s.</strong></span> <span class='ocrx_word' id='word_1_43' title='bbox 1362 747 1516 804; x_wconf 77' lang='lat' dir='ltr'><strong>Nicolaus</strong></span> <span class='ocrx_word' id='word_1_44' title='bbox 1536 767 1574 800; x_wconf 66' lang='lat' dir='ltr'><strong>re</strong></span> 
     </span>
     <span class='ocr_line' id='line_1_6' title="bbox 319 831 1574 911; baseline 0.001 -25"><span class='ocrx_word' id='word_1_45' title='bbox 319 831 417 888; x_wconf 82' lang='lat' dir='ltr'><strong>hiculo</strong></span> <span class='ocrx_word' id='word_1_46' title='bbox 445 834 474 888; x_wconf 93' lang='lat' dir='ltr'><strong>in</strong></span> <span class='ocrx_word' id='word_1_47' title='bbox 499 834 548 888; x_wconf 75' lang='lat' dir='ltr'><strong>ria</strong></span> <span class='ocrx_word' id='word_1_48' title='bbox 580 832 759 893; x_wconf 73' lang='lat' dir='ltr'><strong>incumbens.</strong></span> <span class='ocrx_word' id='word_1_49' title='bbox 791 848 932 892; x_wconf 88' lang='lat' dir='ltr'><strong>nontam</strong></span> <span class='ocrx_word' id='word_1_50' title='bbox 964 835 1093 892; x_wconf 78' lang='lat' dir='ltr'><strong>serravit</strong></span> <span class='ocrx_word' id='word_1_51' title='bbox 1117 836 1352 892; x_wconf 80' lang='lat' dir='ltr'><strong>sanctimoniam</strong></span> <span class='ocrx_word' id='word_1_52' title='bbox 1383 851 1483 911; x_wconf 63' lang='lat' dir='ltr'><strong>atilae</strong></span> <span class='ocrx_word' id='word_1_53' title='bbox 1506 835 1574 888; x_wconf 62' lang='lat' dir='ltr'><strong>ion-s</strong></span> 
     </span>
     <span class='ocr_line' id='line_1_7' title="bbox 318 919 1226 999; baseline 0.01 -27"><span class='ocrx_word' id='word_1_54' title='bbox 318 920 446 974; x_wconf 66' lang='lat' dir='ltr'><strong>rentium</strong></span> <span class='ocrx_word' id='word_1_55' title='bbox 470 939 558 995; x_wconf 62' lang='lat' dir='ltr'><strong>cluam</strong></span> <span class='ocrx_word' id='word_1_56' title='bbox 581 940 673 990; x_wconf 58' lang='lat' dir='ltr'><strong>genus</strong></span> <span class='ocrx_word' id='word_1_57' title='bbox 695 919 856 978; x_wconf 89' lang='lat' dir='ltr'><strong>humanum</strong></span> <span class='ocrx_word' id='word_1_58' title='bbox 880 923 1006 978; x_wconf 83' lang='lat' dir='ltr'><strong>miseriis</strong></span> <span class='ocrx_word' id='word_1_59' title='bbox 1030 922 1089 978; x_wconf 85' lang='lat' dir='ltr'><strong>suis</strong></span> <span class='ocrx_word' id='word_1_60' title='bbox 1112 923 1226 999; x_wconf 85' lang='lat' dir='ltr'><strong>eripuit.</strong></span> 
     </span>
    </p>

    <p class='ocr_par' dir='ltr' id='par_1_3' title="bbox 305 1003 1648 3153">
     <span class='ocr_line' id='line_1_8' title="bbox 429 1003 1648 1084; baseline 0 -24"><span class='ocrx_word' id='word_1_61' title='bbox 429 1005 452 1060; x_wconf 79' lang='lat' dir='ltr'><strong>l]</strong></span> <span class='ocrx_word' id='word_1_62' title='bbox 475 1019 576 1062; x_wconf 83' lang='lat' dir='ltr'><strong>cotnra</strong></span> <span class='ocrx_word' id='word_1_63' title='bbox 599 1007 723 1063; x_wconf 85' lang='lat' dir='ltr'><strong>ccclesia</strong></span> <span class='ocrx_word' id='word_1_64' title='bbox 738 1007 890 1064; x_wconf 85' lang='lat' dir='ltr'><strong>orientalis</strong></span> <span class='ocrx_word' id='word_1_65' title='bbox 906 1007 1007 1065; x_wconf 81' lang='lat' dir='ltr'><strong>dedita</strong></span> <span class='ocrx_word' id='word_1_66' title='bbox 1029 1010 1184 1066; x_wconf 84' lang='lat' dir='ltr'><strong>ascetismo</strong></span> <span class='ocrx_word' id='word_1_67' title='bbox 1207 1003 1304 1084; x_wconf 83' lang='lat' dir='ltr'><strong>rigido</strong></span> <span class='ocrx_word' id='word_1_68' title='bbox 1330 1019 1363 1061; x_wconf 89' lang='lat' dir='ltr'><strong>et</strong></span> <span class='ocrx_word' id='word_1_69' title='bbox 1394 1009 1573 1082; x_wconf 64' lang='lat' dir='ltr'><strong>mystici-cn·</strong></span> <span class='ocrx_word' id='word_1_70' title='bbox 1647 1011 1648 1020; x_wconf 77' lang='grc'>’</span> 
     </span>
     <span class='ocr_line' id='line_1_9' title="bbox 318 1090 1574 1172; baseline 0.002 -28"><span class='ocrx_word' id='word_1_71' title='bbox 318 1092 555 1167; x_wconf 71' lang='lat' dir='ltr'><strong>contemplatiso.</strong></span> <span class='ocrx_word' id='word_1_72' title='bbox 573 1094 715 1162; x_wconf 65' lang='lat' dir='ltr'><strong>rrcgslectis</strong></span> <span class='ocrx_word' id='word_1_73' title='bbox 731 1097 848 1151; x_wconf 84' lang='lat' dir='ltr'><strong>interim</strong></span> <span class='ocrx_word' id='word_1_74' title='bbox 864 1093 949 1152; x_wconf 88' lang='lat' dir='ltr'><strong>rebus</strong></span> <span class='ocrx_word' id='word_1_75' title='bbox 966 1094 1093 1172; x_wconf 81' lang='lat' dir='ltr'><strong>politicis</strong></span> <span class='ocrx_word' id='word_1_76' title='bbox 1107 1095 1271 1171; x_wconf 84' lang='lat' dir='ltr'><strong>officiisque</strong></span> <span class='ocrx_word' id='word_1_77' title='bbox 1289 1090 1478 1148; x_wconf 73' lang='lat' dir='ltr'><strong>socialibus</strong></span> <span class='ocrx_word' id='word_1_78' title='bbox 1497 1113 1574 1169; x_wconf 50' lang='lat' dir='ltr'><strong>qna*</strong></span> 
     </span>
     <span class='ocr_line' id='line_1_10' title="bbox 318 1179 1573 1256; baseline -0.002 -24"><span class='ocrx_word' id='word_1_79' title='bbox 318 1181 418 1235; x_wconf 86' lang='lat' dir='ltr'><strong>onrnia</strong></span> <span class='ocrx_word' id='word_1_80' title='bbox 441 1181 562 1235; x_wconf 79' lang='lat' dir='ltr'><strong>maximi</strong></span> <span class='ocrx_word' id='word_1_81' title='bbox 586 1193 651 1236; x_wconf 90' lang='lat' dir='ltr'><strong>snut</strong></span> <span class='ocrx_word' id='word_1_82' title='bbox 670 1201 721 1256; x_wconf 64' lang='lat' dir='ltr'><strong>prro</strong></span> <span class='ocrx_word' id='word_1_83' title='bbox 734 1180 902 1238; x_wconf 87' lang='lat' dir='ltr'><strong>hominibus</strong></span> <span class='ocrx_word' id='word_1_84' title='bbox 925 1183 1074 1250; x_wconf 80' lang='lat' dir='ltr'><strong>momenti,</strong></span> <span class='ocrx_word' id='word_1_85' title='bbox 1091 1184 1130 1238; x_wconf 87' lang='lat' dir='ltr'><strong>uti</strong></span> <span class='ocrx_word' id='word_1_86' title='bbox 1148 1202 1169 1239; x_wconf 89' lang='lat' dir='ltr'><strong>s.</strong></span> <span class='ocrx_word' id='word_1_87' title='bbox 1184 1181 1352 1239; x_wconf 70' lang='lat' dir='ltr'><strong>Cassianus</strong></span> <span class='ocrx_word' id='word_1_88' title='bbox 1379 1181 1417 1235; x_wconf 89' lang='lat' dir='ltr'><strong>iu</strong></span> <span class='ocrx_word' id='word_1_89' title='bbox 1445 1179 1573 1256; x_wconf 71' lang='lat' dir='ltr'><strong>paradiso</strong></span> 
     </span>
     <span class='ocr_line' id='line_1_11' title="bbox 318 1265 1571 1346; baseline 0 -28"><span class='ocrx_word' id='word_1_90' title='bbox 318 1268 491 1342; x_wconf 70' lang='lat' dir='ltr'><strong>praeprimis</strong></span> <span class='ocrx_word' id='word_1_91' title='bbox 507 1267 570 1321; x_wconf 86' lang='lat' dir='ltr'><strong>sinc</strong></span> <span class='ocrx_word' id='word_1_92' title='bbox 594 1268 707 1324; x_wconf 77' lang='lat' dir='ltr'><strong>inat-ula</strong></span> <span class='ocrx_word' id='word_1_93' title='bbox 732 1271 761 1324; x_wconf 93' lang='lat' dir='ltr'><strong>in</strong></span> <span class='ocrx_word' id='word_1_94' title='bbox 780 1285 860 1324; x_wconf 80' lang='lat' dir='ltr'><strong>reste</strong></span> <span class='ocrx_word' id='word_1_95' title='bbox 882 1287 1023 1346; x_wconf 89' lang='lat' dir='ltr'><strong>apparere</strong></span> <span class='ocrx_word' id='word_1_96' title='bbox 1038 1267 1182 1345; x_wconf 84' lang='lat' dir='ltr'><strong>cupiebat.</strong></span> <span class='ocrx_word' id='word_1_97' title='bbox 1206 1267 1241 1324; x_wconf 94' lang='lat' dir='ltr'><strong>ln</strong></span> <span class='ocrx_word' id='word_1_98' title='bbox 1257 1265 1429 1324; x_wconf 88' lang='lat' dir='ltr'><strong>occidente</strong></span> <span class='ocrx_word' id='word_1_99' title='bbox 1456 1266 1571 1322; x_wconf 76' lang='lat' dir='ltr'><strong>orcle-n</strong></span> 
     </span>
     <span class='ocr_line' id='line_1_12' title="bbox 317 1351 1570 1432; baseline 0.002 -25"><span class='ocrx_word' id='word_1_100' title='bbox 317 1351 452 1408; x_wconf 68' lang='lat' dir='ltr'><strong>onrnibus</strong></span> <span class='ocrx_word' id='word_1_101' title='bbox 487 1351 597 1409; x_wconf 80' lang='lat' dir='ltr'><strong>riribns</strong></span> <span class='ocrx_word' id='word_1_102' title='bbox 628 1352 735 1410; x_wconf 88' lang='lat' dir='ltr'><strong>bonnm</strong></span> <span class='ocrx_word' id='word_1_103' title='bbox 770 1354 895 1430; x_wconf 77' lang='lat' dir='ltr'><strong>qiiodris</strong></span> <span class='ocrx_word' id='word_1_104' title='bbox 926 1353 1169 1432; x_wconf 83' lang='lat' dir='ltr'><strong>amplectebatur:</strong></span> <span class='ocrx_word' id='word_1_105' title='bbox 1200 1354 1247 1412; x_wconf 87' lang='lat' dir='ltr'><strong>hic</strong></span> <span class='ocrx_word' id='word_1_106' title='bbox 1283 1354 1314 1410; x_wconf 93' lang='lat' dir='ltr'><strong>iu</strong></span> <span class='ocrx_word' id='word_1_107' title='bbox 1348 1356 1479 1410; x_wconf 83' lang='lat' dir='ltr'><strong>oriente</strong></span> <span class='ocrx_word' id='word_1_108' title='bbox 1512 1375 1570 1429; x_wconf 69' lang='lat' dir='ltr'><strong>pter</strong></span> 
     </span>
     <span class='ocr_line' id='line_1_13' title="bbox 316 1439 1573 1514; baseline -0.001 -21"><span class='ocrx_word' id='word_1_109' title='bbox 316 1460 414 1494; x_wconf 86' lang='lat' dir='ltr'><strong>arnorc</strong></span> <span class='ocrx_word' id='word_1_110' title='bbox 437 1452 466 1494; x_wconf 92' lang='lat' dir='ltr'><strong>et</strong></span> <span class='ocrx_word' id='word_1_111' title='bbox 489 1441 593 1496; x_wconf 87' lang='lat' dir='ltr'><strong>tituorc</strong></span> <span class='ocrx_word' id='word_1_112' title='bbox 622 1441 803 1498; x_wconf 80' lang='lat' dir='ltr'><strong>amittendae</strong></span> <span class='ocrx_word' id='word_1_113' title='bbox 826 1444 972 1498; x_wconf 84' lang='lat' dir='ltr'><strong>castitatis</strong></span> <span class='ocrx_word' id='word_1_114' title='bbox 994 1444 1147 1500; x_wconf 78' lang='lat' dir='ltr'><strong>caritatem</strong></span> <span class='ocrx_word' id='word_1_115' title='bbox 1169 1439 1376 1498; x_wconf 82' lang='lat' dir='ltr'><strong>dimittebant.</strong></span> <span class='ocrx_word' id='word_1_116' title='bbox 1411 1439 1478 1514; x_wconf 69' lang='lat' dir='ltr'><strong>Qui</strong></span> <span class='ocrx_word' id='word_1_117' title='bbox 1508 1443 1573 1496; x_wconf 70' lang='lat' dir='ltr'><strong>inter</strong></span> 
     </span>
     <span class='ocr_line' id='line_1_14' title="bbox 317 1527 1572 1601; baseline -0.001 -20"><span class='ocrx_word' id='word_1_118' title='bbox 317 1541 469 1601; x_wconf 84' lang='lat' dir='ltr'><strong>atranupn·</strong></span> <span class='ocrx_word' id='word_1_119' title='bbox 492 1527 646 1583; x_wconf 85' lang='lat' dir='ltr'><strong>ecclesiam</strong></span> <span class='ocrx_word' id='word_1_120' title='bbox 670 1527 821 1585; x_wconf 81' lang='lat' dir='ltr'><strong>dissensus</strong></span> <span class='ocrx_word' id='word_1_121' title='bbox 850 1531 940 1585; x_wconf 78' lang='lat' dir='ltr'><strong>ctiam</strong></span> <span class='ocrx_word' id='word_1_122' title='bbox 964 1547 1051 1586; x_wconf 88' lang='lat' dir='ltr'><strong>eausa</strong></span> <span class='ocrx_word' id='word_1_123' title='bbox 1075 1529 1210 1586; x_wconf 84' lang='lat' dir='ltr'><strong>remotior</strong></span> <span class='ocrx_word' id='word_1_124' title='bbox 1239 1543 1283 1584; x_wconf 84' lang='lat' dir='ltr'><strong>est</strong></span> <span class='ocrx_word' id='word_1_125' title='bbox 1313 1529 1383 1584; x_wconf 88' lang='lat' dir='ltr'><strong>eius</strong></span> <span class='ocrx_word' id='word_1_126' title='bbox 1419 1527 1572 1584; x_wconf 66' lang='lat' dir='ltr'><strong>divisioni-</strong></span> 
     </span>
     <span class='ocr_line' id='line_1_15' title="bbox 319 1613 1573 1692; baseline 0 -24"><span class='ocrx_word' id='word_1_127' title='bbox 319 1627 406 1688; x_wconf 76' lang='lat' dir='ltr'><strong>atquc</strong></span> <span class='ocrx_word' id='word_1_128' title='bbox 430 1615 562 1668; x_wconf 90' lang='lat' dir='ltr'><strong>consistit</strong></span> <span class='ocrx_word' id='word_1_129' title='bbox 588 1616 616 1669; x_wconf 90' lang='lat' dir='ltr'><strong>in</strong></span> <span class='ocrx_word' id='word_1_130' title='bbox 641 1613 778 1671; x_wconf 86' lang='lat' dir='ltr'><strong>dissimili</strong></span> <span class='ocrx_word' id='word_1_131' title='bbox 814 1617 905 1690; x_wconf 84' lang='lat' dir='ltr'><strong>ipsius</strong></span> <span class='ocrx_word' id='word_1_132' title='bbox 929 1617 1007 1672; x_wconf 84' lang='lat' dir='ltr'><strong>ritae</strong></span> <span class='ocrx_word' id='word_1_133' title='bbox 1031 1615 1190 1692; x_wconf 88' lang='lat' dir='ltr'><strong>spiritualis</strong></span> <span class='ocrx_word' id='word_1_134' title='bbox 1221 1613 1298 1671; x_wconf 89' lang='lat' dir='ltr'><strong>idea.</strong></span> <span class='ocrx_word' id='word_1_135' title='bbox 1324 1614 1418 1672; x_wconf 88' lang='lat' dir='ltr'><strong>Haec</strong></span> <span class='ocrx_word' id='word_1_136' title='bbox 1456 1613 1527 1670; x_wconf 86' lang='lat' dir='ltr'><strong>idea</strong></span> <span class='ocrx_word' id='word_1_137' title='bbox 1548 1619 1573 1668; x_wconf 80' lang='lat' dir='ltr'><strong>ic</strong></span> 
     </span>
     <span class='ocr_line' id='line_1_16' title="bbox 319 1700 1569 1779; baseline 0.001 -25"><span class='ocrx_word' id='word_1_138' title='bbox 319 1721 349 1754; x_wconf 88' lang='lat' dir='ltr'><strong>se</strong></span> <span class='ocrx_word' id='word_1_139' title='bbox 374 1720 431 1755; x_wconf 91' lang='lat' dir='ltr'><strong>non</strong></span> <span class='ocrx_word' id='word_1_140' title='bbox 455 1720 576 1755; x_wconf 84' lang='lat' dir='ltr'><strong>erronea</strong></span> <span class='ocrx_word' id='word_1_141' title='bbox 599 1700 650 1756; x_wconf 85' lang='lat' dir='ltr'><strong>scd</strong></span> <span class='ocrx_word' id='word_1_142' title='bbox 675 1702 852 1779; x_wconf 83' lang='lat' dir='ltr'><strong>incompleta</strong></span> <span class='ocrx_word' id='word_1_143' title='bbox 877 1713 998 1778; x_wconf 87' lang='lat' dir='ltr'><strong>apparet</strong></span> <span class='ocrx_word' id='word_1_144' title='bbox 1021 1701 1099 1779; x_wconf 76' lang='lat' dir='ltr'><strong>(pag.</strong></span> <span class='ocrx_word' id='word_1_145' title='bbox 1121 1704 1225 1760; x_wconf 68' lang='grc'>7-8).</span> <span class='ocrx_word' id='word_1_146' title='bbox 1249 1700 1455 1758; x_wconf 81' lang='lat' dir='ltr'><strong>Christianus</strong></span> <span class='ocrx_word' id='word_1_147' title='bbox 1480 1703 1569 1756; x_wconf 87' lang='lat' dir='ltr'><strong>oricn·</strong></span> 
     </span>
     <span class='ocr_line' id='line_1_17' title="bbox 320 1786 1569 1846; baseline 0 -6"><span class='ocrx_word' id='word_1_148' title='bbox 320 1786 387 1841; x_wconf 83' lang='lat' dir='ltr'><strong>talis</strong></span> <span class='ocrx_word' id='word_1_149' title='bbox 417 1786 509 1842; x_wconf 86' lang='lat' dir='ltr'><strong>solum</strong></span> <span class='ocrx_word' id='word_1_150' title='bbox 541 1802 615 1845; x_wconf 89' lang='lat' dir='ltr'><strong>erat:</strong></span> <span class='ocrx_word' id='word_1_151' title='bbox 646 1788 838 1846; x_wconf 85' lang='lat' dir='ltr'><strong>occidentalis</strong></span> <span class='ocrx_word' id='word_1_152' title='bbox 868 1809 937 1844; x_wconf 83' lang='lat' dir='ltr'><strong>vcro</strong></span> <span class='ocrx_word' id='word_1_153' title='bbox 967 1803 995 1846; x_wconf 88' lang='lat' dir='ltr'><strong>et</strong></span> <span class='ocrx_word' id='word_1_154' title='bbox 1019 1803 1080 1846; x_wconf 85' lang='lat' dir='ltr'><strong>orat</strong></span> <span class='ocrx_word' id='word_1_155' title='bbox 1104 1803 1131 1844; x_wconf 88' lang='lat' dir='ltr'><strong>et</strong></span> <span class='ocrx_word' id='word_1_156' title='bbox 1156 1787 1277 1844; x_wconf 88' lang='lat' dir='ltr'><strong>laborat.</strong></span> <span class='ocrx_word' id='word_1_157' title='bbox 1309 1787 1388 1845; x_wconf 85' lang='lat' dir='ltr'><strong>l&#39;tcr</strong></span> <span class='ocrx_word' id='word_1_158' title='bbox 1413 1805 1463 1845; x_wconf 84' lang='lat' dir='ltr'><strong>est</strong></span> <span class='ocrx_word' id='word_1_159' title='bbox 1491 1809 1569 1842; x_wconf 77' lang='lat' dir='ltr'><strong>verns</strong></span> 
     </span>
     <span class='ocr_line' id='line_1_18' title="bbox 320 1872 1571 1952; baseline -0.001 -26"><span class='ocrx_word' id='word_1_160' title='bbox 320 1872 617 1950; x_wconf 69' lang='lat' dir='ltr'><strong>t&#39;}n·iaia1ms?(pa‹„r.</strong></span> <span class='ocrx_word' id='word_1_161' title='bbox 633 1882 674 1930; x_wconf 76' lang='lat' dir='ltr'><strong>rb.</strong></span> <span class='ocrx_word' id='word_1_162' title='bbox 699 1875 836 1933; x_wconf 79' lang='lat' dir='ltr'><strong>‚liorraehi</strong></span> <span class='ocrx_word' id='word_1_163' title='bbox 853 1897 875 1933; x_wconf 85' lang='lat' dir='ltr'><strong>s.</strong></span> <span class='ocrx_word' id='word_1_164' title='bbox 889 1877 997 1932; x_wconf 86' lang='lat' dir='ltr'><strong>montis</strong></span> <span class='ocrx_word' id='word_1_165' title='bbox 1022 1875 1149 1932; x_wconf 58' lang='lat' dir='ltr'><strong>¹athonis</strong></span> <span class='ocrx_word' id='word_1_166' title='bbox 1165 1875 1318 1952; x_wconf 80' lang='lat' dir='ltr'><strong>exemplar</strong></span> <span class='ocrx_word' id='word_1_167' title='bbox 1333 1889 1407 1932; x_wconf 87' lang='lat' dir='ltr'><strong>sunt</strong></span> <span class='ocrx_word' id='word_1_168' title='bbox 1429 1875 1571 1931; x_wconf 62' lang='lat' dir='ltr'><strong>eeclesiae</strong></span> 
     </span>
     <span class='ocr_line' id='line_1_19' title="bbox 319 1959 1570 2039; baseline -0.001 -25"><span class='ocrx_word' id='word_1_169' title='bbox 319 1959 471 2015; x_wconf 84' lang='lat' dir='ltr'><strong>orientalis</strong></span> <span class='ocrx_word' id='word_1_170' title='bbox 501 1963 621 2018; x_wconf 89' lang='lat' dir='ltr'><strong>orantis.</strong></span> <span class='ocrx_word' id='word_1_171' title='bbox 651 1965 675 2017; x_wconf 85' lang='lat' dir='ltr'><strong>ci</strong></span> <span class='ocrx_word' id='word_1_172' title='bbox 706 1962 743 2020; x_wconf 86' lang='lat' dir='ltr'><strong>ad</strong></span> <span class='ocrx_word' id='word_1_173' title='bbox 773 1960 946 2018; x_wconf 90' lang='lat' dir='ltr'><strong>imitandum</strong></span> <span class='ocrx_word' id='word_1_174' title='bbox 972 1964 1159 2039; x_wconf 85' lang='lat' dir='ltr'><strong>propositum.</strong></span> <span class='ocrx_word' id='word_1_175' title='bbox 1189 1960 1247 2018; x_wconf 72' lang='lat' dir='ltr'><strong>Sed</strong></span> <span class='ocrx_word' id='word_1_176' title='bbox 1278 1960 1329 2018; x_wconf 91' lang='lat' dir='ltr'><strong>ubi</strong></span> <span class='ocrx_word' id='word_1_177' title='bbox 1364 1975 1413 2018; x_wconf 82' lang='lat' dir='ltr'><strong>cst</strong></span> <span class='ocrx_word' id='word_1_178' title='bbox 1452 1962 1570 2019; x_wconf 65' lang='lat' dir='ltr'><strong>ecclesa</strong></span> 
     </span>
     <span class='ocr_line' id='line_1_20' title="bbox 316 2046 1570 2126; baseline 0.001 -24"><span class='ocrx_word' id='word_1_179' title='bbox 316 2046 460 2106; x_wconf 79' lang='lat' dir='ltr'><strong>laborans,</strong></span> <span class='ocrx_word' id='word_1_180' title='bbox 494 2067 581 2122; x_wconf 77' lang='lat' dir='ltr'><strong>qnam</strong></span> <span class='ocrx_word' id='word_1_181' title='bbox 616 2049 752 2105; x_wconf 85' lang='lat' dir='ltr'><strong>t&#39;lrristus</strong></span> <span class='ocrx_word' id='word_1_182' title='bbox 791 2048 933 2109; x_wconf 84' lang='lat' dir='ltr'><strong>condidit.</strong></span> <span class='ocrx_word' id='word_1_183' title='bbox 970 2062 999 2105; x_wconf 90' lang='lat' dir='ltr'><strong>ct</strong></span> <span class='ocrx_word' id='word_1_184' title='bbox 1033 2051 1079 2106; x_wconf 88' lang='lat' dir='ltr'><strong>cui</strong></span> <span class='ocrx_word' id='word_1_185' title='bbox 1112 2048 1278 2126; x_wconf 84' lang='lat' dir='ltr'><strong>exemplum</strong></span> <span class='ocrx_word' id='word_1_186' title='bbox 1317 2051 1385 2124; x_wconf 83' lang='lat' dir='ltr'><strong>ipse</strong></span> <span class='ocrx_word' id='word_1_187' title='bbox 1423 2069 1518 2105; x_wconf 78' lang='lat' dir='ltr'><strong>orans</strong></span> <span class='ocrx_word' id='word_1_188' title='bbox 1548 2065 1570 2102; x_wconf 82' lang='lat' dir='ltr'><strong>ct</strong></span> 
     </span>
     <span class='ocr_line' id='line_1_21' title="bbox 315 2132 1568 2211; baseline 0.002 -23"><span class='ocrx_word' id='word_1_189' title='bbox 315 2132 451 2189; x_wconf 82' lang='lat' dir='ltr'><strong>laborans</strong></span> <span class='ocrx_word' id='word_1_190' title='bbox 475 2133 573 2190; x_wconf 75' lang='lat' dir='ltr'><strong>dedit?</strong></span> <span class='ocrx_word' id='word_1_191' title='bbox 598 2134 664 2192; x_wconf 78' lang='lat' dir='ltr'><strong>Non</strong></span> <span class='ocrx_word' id='word_1_192' title='bbox 688 2156 795 2192; x_wconf 75' lang='lat' dir='ltr'><strong>cxrrcrc</strong></span> <span class='ocrx_word' id='word_1_193' title='bbox 819 2151 948 2192; x_wconf 89' lang='lat' dir='ltr'><strong>nostram</strong></span> <span class='ocrx_word' id='word_1_194' title='bbox 972 2151 1106 2192; x_wconf 88' lang='lat' dir='ltr'><strong>naturam</strong></span> <span class='ocrx_word' id='word_1_195' title='bbox 1131 2135 1303 2193; x_wconf 80' lang='lat' dir='ltr'><strong>orientalem</strong></span> <span class='ocrx_word' id='word_1_196' title='bbox 1328 2134 1385 2192; x_wconf 87' lang='lat' dir='ltr'><strong>sed</strong></span> <span class='ocrx_word' id='word_1_197' title='bbox 1411 2134 1568 2211; x_wconf 81' lang='lat' dir='ltr'><strong>complere.</strong></span> 
     </span>
     <span class='ocr_line' id='line_1_22' title="bbox 313 2220 1567 2299; baseline -0.002 -23"><span class='ocrx_word' id='word_1_198' title='bbox 313 2241 369 2276; x_wconf 90' lang='lat' dir='ltr'><strong>non</strong></span> <span class='ocrx_word' id='word_1_199' title='bbox 403 2220 566 2296; x_wconf 79' lang='lat' dir='ltr'><strong>rclinrprorc</strong></span> <span class='ocrx_word' id='word_1_200' title='bbox 591 2225 706 2297; x_wconf 87' lang='lat' dir='ltr'><strong>propria</strong></span> <span class='ocrx_word' id='word_1_201' title='bbox 738 2222 789 2279; x_wconf 84' lang='lat' dir='ltr'><strong>scd</strong></span> <span class='ocrx_word' id='word_1_202' title='bbox 813 2241 960 2279; x_wconf 76' lang='lat' dir='ltr'><strong>asurnrerc</strong></span> <span class='ocrx_word' id='word_1_203' title='bbox 984 2224 1150 2279; x_wconf 83' lang='lat' dir='ltr'><strong>communia</strong></span> <span class='ocrx_word' id='word_1_204' title='bbox 1172 2242 1243 2299; x_wconf 83' lang='lat' dir='ltr'><strong>epus</strong></span> <span class='ocrx_word' id='word_1_205' title='bbox 1266 2234 1311 2278; x_wconf 91' lang='lat' dir='ltr'><strong>cst</strong></span> <span class='ocrx_word' id='word_1_206' title='bbox 1343 2223 1498 2279; x_wconf 75' lang='lat' dir='ltr'><strong>Nostrum</strong></span> <span class='ocrx_word' id='word_1_207' title='bbox 1521 2237 1567 2276; x_wconf 74' lang='lat' dir='ltr'><strong>cst.</strong></span> 
     </span>
     <span class='ocr_line' id='line_1_23' title="bbox 312 2308 1564 2385; baseline 0.001 -24"><span class='ocrx_word' id='word_1_208' title='bbox 312 2309 466 2363; x_wconf 80' lang='lat' dir='ltr'><strong>raritatem</strong></span> <span class='ocrx_word' id='word_1_209' title='bbox 492 2308 607 2363; x_wconf 82' lang='lat' dir='ltr'><strong>tiu-ilem</strong></span> <span class='ocrx_word' id='word_1_210' title='bbox 631 2324 658 2365; x_wconf 91' lang='lat' dir='ltr'><strong>ct</strong></span> <span class='ocrx_word' id='word_1_211' title='bbox 685 2312 880 2366; x_wconf 72' lang='lat' dir='ltr'><strong>necessariam</strong></span> <span class='ocrx_word' id='word_1_212' title='bbox 908 2329 1074 2385; x_wconf 74' lang='lat' dir='ltr'><strong>agnoscere,</strong></span> <span class='ocrx_word' id='word_1_213' title='bbox 1109 2310 1261 2366; x_wconf 80' lang='lat' dir='ltr'><strong>veritatem</strong></span> <span class='ocrx_word' id='word_1_214' title='bbox 1293 2308 1389 2368; x_wconf 86' lang='lat' dir='ltr'><strong>illam.</strong></span> <span class='ocrx_word' id='word_1_215' title='bbox 1423 2311 1564 2366; x_wconf 75' lang='lat' dir='ltr'><strong>orientem</strong></span> 
     </span>
     <span class='ocr_line' id='line_1_24' title="bbox 312 2394 1566 2472; baseline 0 -23"><span class='ocrx_word' id='word_1_216' title='bbox 312 2395 404 2450; x_wconf 74' lang='lat' dir='ltr'><strong>acriam</strong></span> <span class='ocrx_word' id='word_1_217' title='bbox 429 2408 541 2469; x_wconf 79' lang='lat' dir='ltr'><strong>partein</strong></span> <span class='ocrx_word' id='word_1_218' title='bbox 558 2415 622 2450; x_wconf 86' lang='lat' dir='ltr'><strong>csse</strong></span> <span class='ocrx_word' id='word_1_219' title='bbox 645 2397 787 2452; x_wconf 84' lang='lat' dir='ltr'><strong>ecclcsiae</strong></span> <span class='ocrx_word' id='word_1_220' title='bbox 811 2399 967 2452; x_wconf 78' lang='lat' dir='ltr'><strong>universae</strong></span> <span class='ocrx_word' id='word_1_221' title='bbox 991 2415 1041 2452; x_wconf 90' lang='lat' dir='ltr'><strong>seu</strong></span> <span class='ocrx_word' id='word_1_222' title='bbox 1058 2395 1230 2458; x_wconf 85' lang='lat' dir='ltr'><strong>catholicae.</strong></span> <span class='ocrx_word' id='word_1_223' title='bbox 1254 2403 1282 2451; x_wconf 87' lang='lat' dir='ltr'><strong>et</strong></span> <span class='ocrx_word' id='word_1_224' title='bbox 1307 2411 1428 2472; x_wconf 81' lang='lat' dir='ltr'><strong>partem</strong></span> <span class='ocrx_word' id='word_1_225' title='bbox 1458 2394 1566 2470; x_wconf 72' lang='lat' dir='ltr'><strong>absone</strong></span> 
     </span>
     <span class='ocr_line' id='line_1_25' title="bbox 311 2481 1566 2560; baseline 0 -24"><span class='ocrx_word' id='word_1_226' title='bbox 311 2496 411 2537; x_wconf 85' lang='lat' dir='ltr'><strong>centro</strong></span> <span class='ocrx_word' id='word_1_227' title='bbox 445 2482 473 2536; x_wconf 92' lang='lat' dir='ltr'><strong>in</strong></span> <span class='ocrx_word' id='word_1_228' title='bbox 513 2503 551 2538; x_wconf 89' lang='lat' dir='ltr'><strong>sc.</strong></span> <span class='ocrx_word' id='word_1_229' title='bbox 583 2481 659 2556; x_wconf 80' lang='lat' dir='ltr'><strong>qrrod</strong></span> <span class='ocrx_word' id='word_1_230' title='bbox 691 2505 707 2540; x_wconf 90' lang='lat' dir='ltr'><strong>a</strong></span> <span class='ocrx_word' id='word_1_231' title='bbox 740 2482 925 2559; x_wconf 82' lang='lat' dir='ltr'><strong>pr·m·idcntia</strong></span> <span class='ocrx_word' id='word_1_232' title='bbox 954 2483 984 2539; x_wconf 93' lang='lat' dir='ltr'><strong>in</strong></span> <span class='ocrx_word' id='word_1_233' title='bbox 1016 2481 1167 2540; x_wconf 86' lang='lat' dir='ltr'><strong>occidente</strong></span> <span class='ocrx_word' id='word_1_234' title='bbox 1198 2482 1333 2545; x_wconf 77' lang='lat' dir='ltr'><strong>locatum,</strong></span> <span class='ocrx_word' id='word_1_235' title='bbox 1368 2485 1485 2560; x_wconf 83' lang='lat' dir='ltr'><strong>cuique</strong></span> <span class='ocrx_word' id='word_1_236' title='bbox 1521 2501 1566 2536; x_wconf 86' lang='lat' dir='ltr'><strong>nos</strong></span> 
     </span>
     <span class='ocr_line' id='line_1_26' title="bbox 311 2567 1561 2645; baseline 0 -23"><span class='ocrx_word' id='word_1_237' title='bbox 311 2588 375 2623; x_wconf 89' lang='lat' dir='ltr'><strong>curn</strong></span> <span class='ocrx_word' id='word_1_238' title='bbox 407 2567 633 2643; x_wconf 85' lang='lat' dir='ltr'><strong>proprietatibus</strong></span> <span class='ocrx_word' id='word_1_239' title='bbox 664 2573 771 2628; x_wconf 82' lang='lat' dir='ltr'><strong>uostris</strong></span> <span class='ocrx_word' id='word_1_240' title='bbox 802 2570 894 2627; x_wconf 82' lang='lat' dir='ltr'><strong>iuncti</strong></span> <span class='ocrx_word' id='word_1_241' title='bbox 917 2579 945 2625; x_wconf 89' lang='lat' dir='ltr'><strong>ct</strong></span> <span class='ocrx_word' id='word_1_242' title='bbox 978 2570 1106 2626; x_wconf 88' lang='lat' dir='ltr'><strong>iustitiae</strong></span> <span class='ocrx_word' id='word_1_243' title='bbox 1133 2570 1307 2645; x_wconf 82' lang='lat' dir='ltr'><strong>caritatique</strong></span> <span class='ocrx_word' id='word_1_244' title='bbox 1339 2569 1561 2626; x_wconf 71' lang='lat' dir='ltr'><strong>satisfaciemus</strong></span> 
     </span>
     <span class='ocr_line' id='line_1_27' title="bbox 311 2655 1561 2733; baseline -0.002 -23"><span class='ocrx_word' id='word_1_245' title='bbox 311 2670 340 2710; x_wconf 86' lang='lat' dir='ltr'><strong>ct</strong></span> <span class='ocrx_word' id='word_1_246' title='bbox 370 2655 491 2711; x_wconf 82' lang='lat' dir='ltr'><strong>ulterius</strong></span> <span class='ocrx_word' id='word_1_247' title='bbox 524 2656 553 2710; x_wconf 89' lang='lat' dir='ltr'><strong>in</strong></span> <span class='ocrx_word' id='word_1_248' title='bbox 584 2658 663 2712; x_wconf 88' lang='lat' dir='ltr'><strong>omni</strong></span> <span class='ocrx_word' id='word_1_249' title='bbox 695 2655 852 2733; x_wconf 83' lang='lat' dir='ltr'><strong>disciplina</strong></span> <span class='ocrx_word' id='word_1_250' title='bbox 884 2655 1028 2732; x_wconf 76' lang='lat' dir='ltr'><strong>spirituali</strong></span> <span class='ocrx_word' id='word_1_251' title='bbox 1059 2667 1088 2712; x_wconf 87' lang='lat' dir='ltr'><strong>et</strong></span> <span class='ocrx_word' id='word_1_252' title='bbox 1124 2658 1155 2714; x_wconf 90' lang='lat' dir='ltr'><strong>in</strong></span> <span class='ocrx_word' id='word_1_253' title='bbox 1186 2657 1265 2712; x_wconf 89' lang='lat' dir='ltr'><strong>omni</strong></span> <span class='ocrx_word' id='word_1_254' title='bbox 1295 2658 1415 2712; x_wconf 86' lang='lat' dir='ltr'><strong>actione</strong></span> <span class='ocrx_word' id='word_1_255' title='bbox 1462 2655 1561 2713; x_wconf 86' lang='lat' dir='ltr'><strong>sociali</strong></span> 
     </span>
     <span class='ocr_line' id='line_1_28' title="bbox 305 2740 1562 2817; baseline 0.003 -25"><span class='ocrx_word' id='word_1_256' title='bbox 305 2740 539 2817; x_wconf 64' lang='lat' dir='ltr'><strong>progredientur.</strong></span> <span class='ocrx_word' id='word_1_257' title='bbox 563 2742 687 2799; x_wconf 79' lang='lat' dir='ltr'><strong>llulturn</strong></span> <span class='ocrx_word' id='word_1_258' title='bbox 712 2742 803 2802; x_wconf 82' lang='lat' dir='ltr'><strong>abest.</strong></span> <span class='ocrx_word' id='word_1_259' title='bbox 827 2758 855 2799; x_wconf 89' lang='lat' dir='ltr'><strong>at</strong></span> <span class='ocrx_word' id='word_1_260' title='bbox 887 2765 908 2799; x_wconf 89' lang='lat' dir='ltr'><strong>s.</strong></span> <span class='ocrx_word' id='word_1_261' title='bbox 933 2743 1092 2800; x_wconf 66' lang='lat' dir='ltr'><strong>Cassianus</strong></span> <span class='ocrx_word' id='word_1_262' title='bbox 1123 2742 1198 2800; x_wconf 89' lang='lat' dir='ltr'><strong>alius</strong></span> <span class='ocrx_word' id='word_1_263' title='bbox 1228 2744 1348 2800; x_wconf 88' lang='lat' dir='ltr'><strong>omnino</strong></span> <span class='ocrx_word' id='word_1_264' title='bbox 1377 2742 1474 2800; x_wconf 88' lang='lat' dir='ltr'><strong>homo</strong></span> <span class='ocrx_word' id='word_1_265' title='bbox 1501 2761 1562 2798; x_wconf 83' lang='lat' dir='ltr'><strong>con·</strong></span> 
     </span>
     <span class='ocr_line' id='line_1_29' title="bbox 313 2827 1559 2907; baseline 0.001 -26"><span class='ocrx_word' id='word_1_266' title='bbox 313 2841 497 2902; x_wconf 76' lang='lat' dir='ltr'><strong>tcnrptorcprc</strong></span> <span class='ocrx_word' id='word_1_267' title='bbox 513 2830 604 2884; x_wconf 79' lang='lat' dir='ltr'><strong>restis</strong></span> <span class='ocrx_word' id='word_1_268' title='bbox 628 2831 831 2886; x_wconf 85' lang='lat' dir='ltr'><strong>immaculatae</strong></span> <span class='ocrx_word' id='word_1_269' title='bbox 855 2830 916 2886; x_wconf 84' lang='lat' dir='ltr'><strong>ticri</strong></span> <span class='ocrx_word' id='word_1_270' title='bbox 934 2827 1048 2898; x_wconf 81' lang='lat' dir='ltr'><strong>debeat,</strong></span> <span class='ocrx_word' id='word_1_271' title='bbox 1065 2827 1222 2886; x_wconf 88' lang='lat' dir='ltr'><strong>dummodo</strong></span> <span class='ocrx_word' id='word_1_272' title='bbox 1241 2827 1390 2886; x_wconf 80' lang='lat' dir='ltr'><strong>delectum</strong></span> <span class='ocrx_word' id='word_1_273' title='bbox 1408 2831 1559 2907; x_wconf 87' lang='lat' dir='ltr'><strong>proprium</strong></span> 
     </span>
     <span class='ocr_line' id='line_1_30' title="bbox 312 2912 1558 2993; baseline -0.001 -24"><span class='ocrx_word' id='word_1_274' title='bbox 312 2914 466 2989; x_wconf 87' lang='lat' dir='ltr'><strong>compleat.</strong></span> <span class='ocrx_word' id='word_1_275' title='bbox 497 2918 653 2972; x_wconf 66' lang='lat' dir='ltr'><strong>Strenuum</strong></span> <span class='ocrx_word' id='word_1_276' title='bbox 684 2918 801 2973; x_wconf 78' lang='lat' dir='ltr'><strong>fratrom</strong></span> <span class='ocrx_word' id='word_1_277' title='bbox 834 2937 916 2972; x_wconf 86' lang='lat' dir='ltr'><strong>suurn</strong></span> <span class='ocrx_word' id='word_1_278' title='bbox 949 2915 1130 2974; x_wconf 82' lang='lat' dir='ltr'><strong>occidentem</strong></span> <span class='ocrx_word' id='word_1_279' title='bbox 1163 2936 1219 2973; x_wconf 91' lang='lat' dir='ltr'><strong>non</strong></span> <span class='ocrx_word' id='word_1_280' title='bbox 1253 2918 1295 2972; x_wconf 88' lang='lat' dir='ltr'><strong>ira</strong></span> <span class='ocrx_word' id='word_1_281' title='bbox 1327 2919 1482 2993; x_wconf 76' lang='lat' dir='ltr'><strong>persequi,</strong></span> <span class='ocrx_word' id='word_1_282' title='bbox 1514 2912 1558 2971; x_wconf 73' lang='lat' dir='ltr'><strong>sal</strong></span> 
     </span>
     <span class='ocr_line' id='line_1_31' title="bbox 312 3001 1559 3080; baseline -0.001 -24"><span class='ocrx_word' id='word_1_283' title='bbox 312 3003 420 3056; x_wconf 85' lang='lat' dir='ltr'><strong>socium</strong></span> <span class='ocrx_word' id='word_1_284' title='bbox 450 3021 516 3056; x_wconf 88' lang='lat' dir='ltr'><strong>curn</strong></span> <span class='ocrx_word' id='word_1_285' title='bbox 547 3005 643 3077; x_wconf 86' lang='lat' dir='ltr'><strong>potins</strong></span> <span class='ocrx_word' id='word_1_286' title='bbox 673 3002 835 3080; x_wconf 73' lang='lat' dir='ltr'><strong>(lacemque</strong></span> <span class='ocrx_word' id='word_1_287' title='bbox 870 3005 898 3058; x_wconf 93' lang='lat' dir='ltr'><strong>in</strong></span> <span class='ocrx_word' id='word_1_288' title='bbox 925 3005 974 3058; x_wconf 82' lang='lat' dir='ltr'><strong>ria</strong></span> <span class='ocrx_word' id='word_1_289' title='bbox 997 3001 1176 3079; x_wconf 87' lang='lat' dir='ltr'><strong>perficienda</strong></span> <span class='ocrx_word' id='word_1_290' title='bbox 1207 3022 1320 3060; x_wconf 80' lang='lat' dir='ltr'><strong>suniero</strong></span> <span class='ocrx_word' id='word_1_291' title='bbox 1352 3001 1444 3059; x_wconf 85' lang='lat' dir='ltr'><strong>debet</strong></span> <span class='ocrx_word' id='word_1_292' title='bbox 1488 3005 1559 3079; x_wconf 67' lang='lat' dir='ltr'><strong>(pag,</strong></span> 
     </span>
     <span class='ocr_line' id='line_1_32' title="bbox 318 3090 465 3153; baseline -0.027 -5"><span class='ocrx_word' id='word_1_293' title='bbox 318 3090 465 3153; x_wconf 64' lang='lat' dir='ltr'><strong>lit-11).</strong></span> 
     </span>
    </p>

    <p class='ocr_par' dir='ltr' id='par_1_4' title="bbox 313 3173 1559 3579">
     <span class='ocr_line' id='line_1_33' title="bbox 426 3173 1559 3253; baseline 0 -23"><span class='ocrx_word' id='word_1_294' title='bbox 426 3175 458 3231; x_wconf 91' lang='lat' dir='ltr'><strong>ln</strong></span> <span class='ocrx_word' id='word_1_295' title='bbox 490 3175 528 3230; x_wconf 94' lang='lat' dir='ltr'><strong>ll.</strong></span> <span class='ocrx_word' id='word_1_296' title='bbox 561 3195 605 3251; x_wconf 88' lang='lat' dir='ltr'><strong>cp.</strong></span> <span class='ocrx_word' id='word_1_297' title='bbox 635 3190 776 3232; x_wconf 87' lang='lat' dir='ltr'><strong>tractatur</strong></span> <span class='ocrx_word' id='word_1_298' title='bbox 806 3177 952 3232; x_wconf 79' lang='lat' dir='ltr'><strong>sententia</strong></span> <span class='ocrx_word' id='word_1_299' title='bbox 984 3175 1043 3244; x_wconf 74' lang='lat' dir='ltr'><strong>itta,</strong></span> <span class='ocrx_word' id='word_1_300' title='bbox 1076 3195 1151 3253; x_wconf 86' lang='lat' dir='ltr'><strong>quae</strong></span> <span class='ocrx_word' id='word_1_301' title='bbox 1188 3173 1369 3232; x_wconf 80' lang='lat' dir='ltr'><strong>occidentem</strong></span> <span class='ocrx_word' id='word_1_302' title='bbox 1407 3174 1559 3232; x_wconf 77' lang='lat' dir='ltr'><strong>aberrasse</strong></span> 
     </span>
     <span class='ocr_line' id='line_1_34' title="bbox 313 3261 1558 3320; baseline 0 -4"><span class='ocrx_word' id='word_1_303' title='bbox 313 3261 384 3318; x_wconf 88' lang='lat' dir='ltr'><strong>dicit</strong></span> <span class='ocrx_word' id='word_1_304' title='bbox 416 3282 449 3317; x_wconf 88' lang='lat' dir='ltr'><strong>ac</strong></span> <span class='ocrx_word' id='word_1_305' title='bbox 482 3263 615 3318; x_wconf 84' lang='lat' dir='ltr'><strong>lhrssiarn</strong></span> <span class='ocrx_word' id='word_1_306' title='bbox 647 3261 703 3318; x_wconf 89' lang='lat' dir='ltr'><strong>sibi</strong></span> <span class='ocrx_word' id='word_1_307' title='bbox 736 3264 869 3319; x_wconf 87' lang='lat' dir='ltr'><strong>sut&#39;ticcrc</strong></span> <span class='ocrx_word' id='word_1_308' title='bbox 894 3261 1053 3319; x_wconf 89' lang='lat' dir='ltr'><strong>secundnm</strong></span> <span class='ocrx_word' id='word_1_309' title='bbox 1084 3261 1170 3319; x_wconf 90' lang='lat' dir='ltr'><strong>illud:</strong></span> <span class='ocrx_word' id='word_1_310' title='bbox 1203 3263 1238 3318; x_wconf 94' lang='lat' dir='ltr'><strong>ln</strong></span> <span class='ocrx_word' id='word_1_311' title='bbox 1269 3261 1392 3320; x_wconf 78' lang='lat' dir='ltr'><strong>Oriente</strong></span> <span class='ocrx_word' id='word_1_312' title='bbox 1425 3262 1482 3319; x_wconf 83' lang='lat' dir='ltr'><strong>lux</strong></span> <span class='ocrx_word' id='word_1_313' title='bbox 1514 3279 1558 3318; x_wconf 70' lang='lat' dir='ltr'><strong>cst.</strong></span> 
     </span>
     <span class='ocr_line' id='line_1_35' title="bbox 313 3347 1559 3426; baseline -0.002 -22"><span class='ocrx_word' id='word_1_314' title='bbox 313 3349 449 3404; x_wconf 82' lang='lat' dir='ltr'><strong>astinnat.</strong></span> <span class='ocrx_word' id='word_1_315' title='bbox 466 3349 641 3425; x_wconf 77' lang='lat' dir='ltr'><strong>Disputatur</strong></span> <span class='ocrx_word' id='word_1_316' title='bbox 663 3348 731 3406; x_wconf 89' lang='lat' dir='ltr'><strong>dein</strong></span> <span class='ocrx_word' id='word_1_317' title='bbox 749 3348 785 3405; x_wconf 90' lang='lat' dir='ltr'><strong>dc</strong></span> <span class='ocrx_word' id='word_1_318' title='bbox 808 3348 982 3406; x_wconf 87' lang='lat' dir='ltr'><strong>condicione</strong></span> <span class='ocrx_word' id='word_1_319' title='bbox 999 3349 1123 3406; x_wconf 83' lang='lat' dir='ltr'><strong>Russiae</strong></span> <span class='ocrx_word' id='word_1_320' title='bbox 1149 3351 1179 3406; x_wconf 90' lang='lat' dir='ltr'><strong>in</strong></span> <span class='ocrx_word' id='word_1_321' title='bbox 1196 3349 1315 3426; x_wconf 81' lang='lat' dir='ltr'><strong>Europa</strong></span> <span class='ocrx_word' id='word_1_322' title='bbox 1338 3347 1559 3425; x_wconf 84' lang='lat' dir='ltr'><strong>aproridentia</strong></span> 
     </span>
     <span class='ocr_line' id='line_1_36' title="bbox 313 3433 1559 3511; baseline -0.002 -19"><span class='ocrx_word' id='word_1_323' title='bbox 313 3438 472 3511; x_wconf 78' lang='lat' dir='ltr'><strong>assignata.</strong></span> <span class='ocrx_word' id='word_1_324' title='bbox 507 3448 535 3492; x_wconf 91' lang='lat' dir='ltr'><strong>et</strong></span> <span class='ocrx_word' id='word_1_325' title='bbox 566 3435 756 3496; x_wconf 83' lang='lat' dir='ltr'><strong>corn-bulitur.</strong></span> <span class='ocrx_word' id='word_1_326' title='bbox 791 3435 946 3492; x_wconf 83' lang='lat' dir='ltr'><strong>modernos</strong></span> <span class='ocrx_word' id='word_1_327' title='bbox 977 3434 1032 3492; x_wconf 88' lang='lat' dir='ltr'><strong>sibi</strong></span> <span class='ocrx_word' id='word_1_328' title='bbox 1065 3435 1150 3492; x_wconf 89' lang='lat' dir='ltr'><strong>huius</strong></span> <span class='ocrx_word' id='word_1_329' title='bbox 1185 3433 1371 3492; x_wconf 86' lang='lat' dir='ltr'><strong>condicionis</strong></span> <span class='ocrx_word' id='word_1_330' title='bbox 1403 3455 1464 3492; x_wconf 89' lang='lat' dir='ltr'><strong>uon</strong></span> <span class='ocrx_word' id='word_1_331' title='bbox 1504 3455 1559 3492; x_wconf 82' lang='lat' dir='ltr'><strong>esse</strong></span> 
     </span>
     <span class='ocr_line' id='line_1_37' title="bbox 314 3525 454 3579; baseline 0 -1"><span class='ocrx_word' id='word_1_332' title='bbox 314 3525 454 3579; x_wconf 84' lang='lat' dir='ltr'><strong>conscios.</strong></span> 
     </span>
    </p>

    <p class='ocr_par' dir='ltr' id='par_1_5' title="bbox 314 3606 1558 3772">
     <span class='ocr_line' id='line_1_38' title="bbox 426 3606 1558 3685; baseline -0.002 -21"><span class='ocrx_word' id='word_1_333' title='bbox 426 3610 458 3666; x_wconf 92' lang='lat' dir='ltr'><strong>ln</strong></span> <span class='ocrx_word' id='word_1_334' title='bbox 489 3609 679 3684; x_wconf 73' lang='lat' dir='ltr'><strong>sapientibus</strong></span> <span class='ocrx_word' id='word_1_335' title='bbox 713 3609 858 3685; x_wconf 71' lang='lat' dir='ltr'><strong>capitibus</strong></span> <span class='ocrx_word' id='word_1_336' title='bbox 890 3610 991 3665; x_wconf 89' lang='lat' dir='ltr'><strong>maiori</strong></span> <span class='ocrx_word' id='word_1_337' title='bbox 1024 3607 1162 3664; x_wconf 79' lang='lat' dir='ltr'><strong>brevitati</strong></span> <span class='ocrx_word' id='word_1_338' title='bbox 1194 3606 1387 3666; x_wconf 74' lang='lat' dir='ltr'><strong>studebimus</strong></span> <span class='ocrx_word' id='word_1_339' title='bbox 1431 3627 1558 3665; x_wconf 82' lang='lat' dir='ltr'><strong>summas</strong></span> 
     </span>
     <span class='ocr_line' id='line_1_39' title="bbox 314 3695 1086 3772; baseline 0.001 -22"><span class='ocrx_word' id='word_1_340' title='bbox 314 3695 516 3753; x_wconf 86' lang='lat' dir='ltr'><strong>tantummodo</strong></span> <span class='ocrx_word' id='word_1_341' title='bbox 541 3717 586 3752; x_wconf 89' lang='lat' dir='ltr'><strong>res</strong></span> <span class='ocrx_word' id='word_1_342' title='bbox 610 3699 797 3764; x_wconf 59' lang='lat' dir='ltr'><strong>attingentes,</strong></span> <span class='ocrx_word' id='word_1_343' title='bbox 822 3698 922 3772; x_wconf 64' lang='lat' dir='ltr'><strong>[raucis</strong></span> <span class='ocrx_word' id='word_1_344' title='bbox 945 3697 1086 3772; x_wconf 80' lang='lat' dir='ltr'><strong>exeeptis.</strong></span> 
     </span>
    </p>

    <p class='ocr_par' dir='ltr' id='par_1_6' title="bbox 311 3780 1558 4638">
     <span class='ocr_line' id='line_1_40' title="bbox 425 3780 1557 3859; baseline -0.002 -21"><span class='ocrx_word' id='word_1_345' title='bbox 425 3783 478 3841; x_wconf 83' lang='lat' dir='ltr'><strong>[ll.</strong></span> <span class='ocrx_word' id='word_1_346' title='bbox 511 3795 576 3859; x_wconf 83' lang='lat' dir='ltr'><strong>epte</strong></span> <span class='ocrx_word' id='word_1_347' title='bbox 608 3785 744 3838; x_wconf 84' lang='lat' dir='ltr'><strong>statuitur</strong></span> <span class='ocrx_word' id='word_1_348' title='bbox 775 3803 913 3854; x_wconf 62' lang='lat' dir='ltr'><strong>magnum</strong></span> <span class='ocrx_word' id='word_1_349' title='bbox 943 3781 1101 3839; x_wconf 80' lang='lat' dir='ltr'><strong>discrimen</strong></span> <span class='ocrx_word' id='word_1_350' title='bbox 1126 3781 1203 3837; x_wconf 90' lang='lat' dir='ltr'><strong>inter</strong></span> <span class='ocrx_word' id='word_1_351' title='bbox 1234 3780 1370 3858; x_wconf 88' lang='lat' dir='ltr'><strong>populum</strong></span> <span class='ocrx_word' id='word_1_352' title='bbox 1402 3780 1557 3840; x_wconf 79' lang='lat' dir='ltr'><strong>llussicunr</strong></span> 
     </span>
     <span class='ocr_line' id='line_1_41' title="bbox 313 3866 1556 3945; baseline 0 -21"><span class='ocrx_word' id='word_1_353' title='bbox 313 3871 434 3945; x_wconf 81' lang='lat' dir='ltr'><strong>einsqnc</strong></span> <span class='ocrx_word' id='word_1_354' title='bbox 458 3869 588 3925; x_wconf 86' lang='lat' dir='ltr'><strong>scholam</strong></span> <span class='ocrx_word' id='word_1_355' title='bbox 614 3869 817 3945; x_wconf 76' lang='lat' dir='ltr'><strong>theologicam.</strong></span> <span class='ocrx_word' id='word_1_356' title='bbox 840 3869 925 3943; x_wconf 70' lang='lat' dir='ltr'><strong>Quae</strong></span> <span class='ocrx_word' id='word_1_357' title='bbox 942 3867 1112 3926; x_wconf 83' lang='lat' dir='ltr'><strong>orthodoxis</strong></span> <span class='ocrx_word' id='word_1_358' title='bbox 1129 3877 1319 3934; x_wconf 78' lang='lat' dir='ltr'><strong>sanctarunt,</strong></span> <span class='ocrx_word' id='word_1_359' title='bbox 1343 3866 1445 3924; x_wconf 78' lang='lat' dir='ltr'><strong>valent</strong></span> <span class='ocrx_word' id='word_1_360' title='bbox 1470 3870 1556 3926; x_wconf 83' lang='lat' dir='ltr'><strong>etiam</strong></span> 
     </span>
     <span class='ocr_line' id='line_1_42' title="bbox 314 3952 1557 4034; baseline -0.002 -24"><span class='ocrx_word' id='word_1_361' title='bbox 314 3975 366 4030; x_wconf 90' lang='lat' dir='ltr'><strong>pro</strong></span> <span class='ocrx_word' id='word_1_362' title='bbox 384 3955 545 4021; x_wconf 82' lang='lat' dir='ltr'><strong>catholicis,</strong></span> <span class='ocrx_word' id='word_1_363' title='bbox 570 3967 597 4013; x_wconf 87' lang='lat' dir='ltr'><strong>ct</strong></span> <span class='ocrx_word' id='word_1_364' title='bbox 614 3956 691 4032; x_wconf 60' lang='lat' dir='ltr'><strong>‹purrd</strong></span> <span class='ocrx_word' id='word_1_365' title='bbox 707 3957 830 4034; x_wconf 89' lang='lat' dir='ltr'><strong>populus</strong></span> <span class='ocrx_word' id='word_1_366' title='bbox 851 3954 1056 4013; x_wconf 81' lang='lat' dir='ltr'><strong>orthodoxiam</strong></span> <span class='ocrx_word' id='word_1_367' title='bbox 1070 3953 1167 4024; x_wconf 88' lang='lat' dir='ltr'><strong>habet,</strong></span> <span class='ocrx_word' id='word_1_368' title='bbox 1183 3952 1261 4010; x_wconf 87' lang='lat' dir='ltr'><strong>idem</strong></span> <span class='ocrx_word' id='word_1_369' title='bbox 1282 3961 1326 4010; x_wconf 89' lang='lat' dir='ltr'><strong>est</strong></span> <span class='ocrx_word' id='word_1_370' title='bbox 1342 3973 1377 4010; x_wconf 81' lang='lat' dir='ltr'><strong>ac</strong></span> <span class='ocrx_word' id='word_1_371' title='bbox 1394 3954 1417 4010; x_wconf 91' lang='lat' dir='ltr'><strong>si</strong></span> <span class='ocrx_word' id='word_1_372' title='bbox 1438 3953 1557 4011; x_wconf 86' lang='lat' dir='ltr'><strong>haberet</strong></span> 
     </span>
     <span class='ocr_line' id='line_1_43' title="bbox 314 4038 1558 4120; baseline 0.002 -24"><span class='ocrx_word' id='word_1_373' title='bbox 314 4039 402 4097; x_wconf 85' lang='lat' dir='ltr'><strong>tidem</strong></span> <span class='ocrx_word' id='word_1_374' title='bbox 427 4042 611 4099; x_wconf 86' lang='lat' dir='ltr'><strong>catholicam.</strong></span> <span class='ocrx_word' id='word_1_375' title='bbox 626 4044 780 4119; x_wconf 83' lang='lat' dir='ltr'><strong>&#39;l&#39;crnporc</strong></span> <span class='ocrx_word' id='word_1_376' title='bbox 796 4064 852 4120; x_wconf 83' lang='lat' dir='ltr'><strong>quo</strong></span> <span class='ocrx_word' id='word_1_377' title='bbox 869 4043 954 4099; x_wconf 78' lang='lat' dir='ltr'><strong>linssi</strong></span> <span class='ocrx_word' id='word_1_378' title='bbox 968 4062 985 4098; x_wconf 89' lang='lat' dir='ltr'><strong>a</strong></span> <span class='ocrx_word' id='word_1_379' title='bbox 998 4040 1334 4117; x_wconf 83' lang='lat' dir='ltr'><strong>Constantinopolitauis</strong></span> <span class='ocrx_word' id='word_1_380' title='bbox 1358 4038 1447 4097; x_wconf 88' lang='lat' dir='ltr'><strong>tidem</strong></span> <span class='ocrx_word' id='word_1_381' title='bbox 1465 4061 1558 4098; x_wconf 77' lang='lat' dir='ltr'><strong>susce</strong></span> 
     </span>
     <span class='ocr_line' id='line_1_44' title="bbox 312 4124 1555 4205; baseline -0.002 -22"><span class='ocrx_word' id='word_1_382' title='bbox 312 4138 428 4205; x_wconf 78' lang='lat' dir='ltr'><strong>perant.</strong></span> <span class='ocrx_word' id='word_1_383' title='bbox 452 4131 559 4185; x_wconf 71' lang='lat' dir='ltr'><strong>tiracei</strong></span> <span class='ocrx_word' id='word_1_384' title='bbox 583 4129 701 4205; x_wconf 85' lang='lat' dir='ltr'><strong>quidem</strong></span> <span class='ocrx_word' id='word_1_385' title='bbox 733 4129 828 4186; x_wconf 85' lang='lat' dir='ltr'><strong>adhuc</strong></span> <span class='ocrx_word' id='word_1_386' title='bbox 861 4130 969 4186; x_wconf 80' lang='lat' dir='ltr'><strong>h&#39;ornac</strong></span> <span class='ocrx_word' id='word_1_387' title='bbox 1002 4125 1112 4185; x_wconf 84' lang='lat' dir='ltr'><strong>addicti</strong></span> <span class='ocrx_word' id='word_1_388' title='bbox 1141 4135 1233 4197; x_wconf 86' lang='lat' dir='ltr'><strong>crant,</strong></span> <span class='ocrx_word' id='word_1_389' title='bbox 1263 4124 1314 4183; x_wconf 89' lang='lat' dir='ltr'><strong>sed</strong></span> <span class='ocrx_word' id='word_1_390' title='bbox 1340 4127 1398 4183; x_wconf 91' lang='lat' dir='ltr'><strong>iam</strong></span> <span class='ocrx_word' id='word_1_391' title='bbox 1431 4129 1555 4205; x_wconf 80' lang='lat' dir='ltr'><strong>corrupti</strong></span> 
     </span>
     <span class='ocr_line' id='line_1_45' title="bbox 313 4211 1557 4292; baseline 0 -21"><span class='ocrx_word' id='word_1_392' title='bbox 313 4215 549 4292; x_wconf 88' lang='lat' dir='ltr'><strong>particularisnro</strong></span> <span class='ocrx_word' id='word_1_393' title='bbox 565 4216 717 4275; x_wconf 84' lang='lat' dir='ltr'><strong>nationali.</strong></span> <span class='ocrx_word' id='word_1_394' title='bbox 741 4219 784 4272; x_wconf 88' lang='lat' dir='ltr'><strong>cni</strong></span> <span class='ocrx_word' id='word_1_395' title='bbox 805 4215 1043 4292; x_wconf 84' lang='lat' dir='ltr'><strong>patrocinabatur</strong></span> <span class='ocrx_word' id='word_1_396' title='bbox 1063 4213 1293 4292; x_wconf 86' lang='lat' dir='ltr'><strong>patriarcharum</strong></span> <span class='ocrx_word' id='word_1_397' title='bbox 1311 4211 1443 4284; x_wconf 81' lang='lat' dir='ltr'><strong>ambitio,</strong></span> <span class='ocrx_word' id='word_1_398' title='bbox 1468 4215 1557 4291; x_wconf 77' lang='lat' dir='ltr'><strong>impe</strong></span> 
     </span>
     <span class='ocr_line' id='line_1_46' title="bbox 313 4299 1554 4380; baseline -0.002 -20"><span class='ocrx_word' id='word_1_399' title='bbox 313 4312 441 4360; x_wconf 83' lang='lat' dir='ltr'><strong>ratarum</strong></span> <span class='ocrx_word' id='word_1_400' title='bbox 467 4306 540 4359; x_wconf 89' lang='lat' dir='ltr'><strong>ratio</strong></span> <span class='ocrx_word' id='word_1_401' title='bbox 564 4304 692 4380; x_wconf 86' lang='lat' dir='ltr'><strong>politica.</strong></span> <span class='ocrx_word' id='word_1_402' title='bbox 716 4302 867 4359; x_wconf 84' lang='lat' dir='ltr'><strong>doctrinae</strong></span> <span class='ocrx_word' id='word_1_403' title='bbox 892 4301 1019 4378; x_wconf 88' lang='lat' dir='ltr'><strong>detriqnc</strong></span> <span class='ocrx_word' id='word_1_404' title='bbox 1035 4301 1199 4359; x_wconf 79' lang='lat' dir='ltr'><strong>scholarum</strong></span> <span class='ocrx_word' id='word_1_405' title='bbox 1216 4299 1458 4376; x_wconf 80' lang='lat' dir='ltr'><strong>theologicarum.</strong></span> <span class='ocrx_word' id='word_1_406' title='bbox 1481 4301 1554 4358; x_wconf 88' lang='lat' dir='ltr'><strong>Dan</strong></span> 
     </span>
     <span class='ocr_line' id='line_1_47' title="bbox 311 4387 1553 4467; baseline -0.003 -20"><span class='ocrx_word' id='word_1_407' title='bbox 311 4391 407 4447; x_wconf 86' lang='lat' dir='ltr'><strong>olcrus</strong></span> <span class='ocrx_word' id='word_1_408' title='bbox 430 4401 457 4447; x_wconf 91' lang='lat' dir='ltr'><strong>et</strong></span> <span class='ocrx_word' id='word_1_409' title='bbox 475 4390 591 4447; x_wconf 84' lang='lat' dir='ltr'><strong>scholae</strong></span> <span class='ocrx_word' id='word_1_410' title='bbox 616 4391 723 4467; x_wconf 84' lang='lat' dir='ltr'><strong>placita</strong></span> <span class='ocrx_word' id='word_1_411' title='bbox 746 4409 915 4466; x_wconf 78' lang='lat' dir='ltr'><strong>erroresque</strong></span> <span class='ocrx_word' id='word_1_412' title='bbox 933 4389 1030 4448; x_wconf 91' lang='lat' dir='ltr'><strong>Photii</strong></span> <span class='ocrx_word' id='word_1_413' title='bbox 1055 4409 1089 4446; x_wconf 85' lang='lat' dir='ltr'><strong>ac</strong></span> <span class='ocrx_word' id='word_1_414' title='bbox 1112 4387 1274 4446; x_wconf 77' lang='lat' dir='ltr'><strong>Caerularii</strong></span> <span class='ocrx_word' id='word_1_415' title='bbox 1297 4390 1399 4452; x_wconf 84' lang='lat' dir='ltr'><strong>secuti,</strong></span> <span class='ocrx_word' id='word_1_416' title='bbox 1426 4387 1553 4445; x_wconf 84' lang='lat' dir='ltr'><strong>schisma</strong></span> 
     </span>
     <span class='ocr_line' id='line_1_48' title="bbox 313 4471 1553 4554; baseline -0.001 -21"><span class='ocrx_word' id='word_1_417' title='bbox 313 4477 387 4534; x_wconf 86' lang='lat' dir='ltr'><strong>illud</strong></span> <span class='ocrx_word' id='word_1_418' title='bbox 419 4476 630 4554; x_wconf 85' lang='lat' dir='ltr'><strong>deplorandum</strong></span> <span class='ocrx_word' id='word_1_419' title='bbox 663 4479 846 4535; x_wconf 82' lang='lat' dir='ltr'><strong>invenerunt.</strong></span> <span class='ocrx_word' id='word_1_420' title='bbox 879 4479 940 4553; x_wconf 87' lang='lat' dir='ltr'><strong>ipse</strong></span> <span class='ocrx_word' id='word_1_421' title='bbox 972 4476 1094 4552; x_wconf 87' lang='lat' dir='ltr'><strong>populus</strong></span> <span class='ocrx_word' id='word_1_422' title='bbox 1126 4475 1265 4533; x_wconf 84' lang='lat' dir='ltr'><strong>Russious</strong></span> <span class='ocrx_word' id='word_1_423' title='bbox 1291 4471 1380 4530; x_wconf 88' lang='lat' dir='ltr'><strong>fidem</strong></span> <span class='ocrx_word' id='word_1_424' title='bbox 1412 4475 1553 4552; x_wconf 74' lang='lat' dir='ltr'><strong>integrata</strong></span> 
     </span>
     <span class='ocr_line' id='line_1_49' title="bbox 312 4561 1554 4638; baseline -0.003 -18"><span class='ocrx_word' id='word_1_425' title='bbox 312 4567 453 4621; x_wconf 76' lang='lat' dir='ltr'><strong>serravit.</strong></span> <span class='ocrx_word' id='word_1_426' title='bbox 476 4563 843 4621; x_wconf 65' lang='lat' dir='ltr'><strong>lisscntiaortlrmloxisnri</strong></span> <span class='ocrx_word' id='word_1_427' title='bbox 868 4565 1000 4619; x_wconf 88' lang='lat' dir='ltr'><strong>consistit</strong></span> <span class='ocrx_word' id='word_1_428' title='bbox 1026 4565 1053 4618; x_wconf 93' lang='lat' dir='ltr'><strong>in</strong></span> <span class='ocrx_word' id='word_1_429' title='bbox 1074 4564 1229 4636; x_wconf 76' lang='lat' dir='ltr'><strong>negatione</strong></span> <span class='ocrx_word' id='word_1_430' title='bbox 1256 4561 1419 4638; x_wconf 79' lang='lat' dir='ltr'><strong>,tilioqae,‘·&#39;</strong></span> <span class='ocrx_word' id='word_1_431' title='bbox 1455 4563 1554 4618; x_wconf 86' lang='lat' dir='ltr'><strong>imma-</strong></span> 
     </span>
    </p>
   </div>
   <div class='ocr_carea' id='block_1_3' title="bbox 0 0 1730 5342">
    <p class='ocr_par' dir='ltr' id='par_1_7' title="bbox 0 0 1730 5342">
     <span class='ocr_line' id='line_1_50' title="bbox 0 0 1730 5342; baseline 0 1"><span class='ocrx_word' id='word_1_432' title='bbox 0 0 1730 5342; x_wconf 95' lang='lat' dir='ltr'><strong> </strong></span> 
     </span>
    </p>
   </div>
  </div>
 </body>
</html>
