3450 5342
785 295 977 350 -120—

258 495 331 551 que
350 478 462 534 ducit
480 493 552 534 nus
571 477 615 533 ad
635 477 861 548 sepulcrum
883 477 910 532 b.
931 475 1087 546 cyrilli;
1107 491 1145 530 ex
1164 474 1261 532 altera
1280 479 1383 530 teman
1412 478 1507 553 parte

259 549 369 674 plures
393 547 555 614 Slavistas,
575 548 629 618 qui
648 561 774 602 carmen
792 546 824 602 iu
844 545 1011 602 Slavorum
1030 542 1175 616 Apostoli
1195 543 1341 613 sepulcro
1360 543 1508 610 inunum,

282 617 382 674 lavico
400 631 527 700 quoque
541 617 688 672 idiomate
700 620 881 672 contextum
895 615 1109 686 expectabant,
1127 613 1244 670 fefellit
1265 611 1410 671 Ceterum
1425 611 1511 692 benc

259 692 323 743 stat
340 687 476 758 elogrum
505 687 650 742 Latinum
681 685 798 742 Romae
815 686 847 741 in
868 685 985 742 Romae
1004 683 1107 742 tidelis
1126 682 1272 754 discipuli
1301 681 1455 764 sepulcro.
1473 695 1510 740 m

259 756 474 813 testimonium
505 762 614 812 contra
643 771 706 821 eos,
737 755 792 826 qui
820 753 995 811 novissimo
1027 759 1167 826 tempore
1196 753 1371 810 aversionis
1397 755 1508 809 notam

259 825 385 896 odiique
403 826 437 882 in
457 825 588 881 Romam
608 823 668 896 ipsi
686 825 814 883 inurere
831 824 984 881 nituntur.

363 895 591 951 Praestantiam
617 894 666 950 siu
712 895 813 951 larum
835 893 1061 950 sententiarum
1081 892 1218 948 iudicare
1235 891 1284 960 iis,
1308 891 1363 962 qui
1380 891 1509 950 archae-

261 964 395 1036 0l0giam
416 963 615 1036 profitentur,
643 979 677 1020 re
689 962 721 1019 in
745 964 860 1030 uimus;
889 961 961 1019 libri
980 961 1086 1020 Italica
1105 960 1213 1032 scripti
1230 960 1388 1030 interpres
1408 957 1510 1040 Bene

259 981 1331 1174 riristerteretatramentaria
1345 1029 1506 1156 ruat

487 1146 496 1173 2
986 1169 989 1176 .

257 1173 406 1240 imitatur,
425 1174 510 1244 quod
531 1189 606 1228 vero
626 1177 660 1228 ut
679 1173 813 1228 inluecct
831 1171 977 1228 meritum
997 1170 1099 1242 ipsius
1118 1170 1245 1230 minime
1265 1169 1419 1226 volumus.
1440 1239 1467 1292 γ

619 1492 623 1496 r
724 1415 1045 1496 BULGARICA.

367 1607 560 1680 Blbiltiolta.
598 1613 830 1672 l'riloienie
869 1631 914 1671 na
949 1611 1205 1690 (supplementum
1243 1607 1295 1686 ad)
1337 1608 1508 1682 „Ourke-

258 1719 332 1756 ven
361 1698 563 1769 Venturis,
587 1699 658 1758 fasc.
680 1699 922 1758 XVI-XVIII.
945 1733 988 1742 —-
1011 1697 1122 1776 Sophia
1154 1698 1245 1756 1906.
1268 1695 1322 1772 Pg.
1349 1698 1429 1768 1763
1453 1697 1508 1753 lev

258 1780 607 1972 (staieisipprementum
640 1872 783 1951 periodici
811 1873 862 1944 „c
889 1871 941 1932 V.“
969 1871 1079 1948 (reue)
1109 1879 1247 1948 quattuor
1277 1867 1503 1931 dissertationes

255 1957 391 2104 estubei..
420 2039 472 2119 G„
498 2045 697 2103 Doctrina
726 2045 959 2104 christiana
997 2043 1041 2102 de
1080 2043 1330 2102 matrimonio
1361 2039 1507 2122 (4-17).

251 2133 364 2190 Auctor
400 2151 565 2211 anonymos
587 2131 624 2190 G.
648 2134 706 2190 iam
737 2133 843 2192 multos
874 2131 1014 2190 articulos
1040 2129 1078 2189 de
1101 2128 1323 2208 quaestionibus
1353 2129 1504 2206 religiosis

249 2228 280 2276 et
301 2219 483 2297 theologicis,
507 2239 582 2296 quae
605 2221 713 2278 nostris
728 2217 929 2298 temporibnsa
943 2220 1083 2296 gitentnr,
1099 2220 1131 2276 in
1155 2217 1207 2291 „O.
1230 2214 1376 2275 Vennik“
1403 2214 1502 2294 publi-

145 2308 147 2311 ’
249 2308 348 2365 cavit:
372 2309 403 2364 in
426 2304 562 2364 omnibus
585 2305 668 2364 hisce
691 2305 825 2365 articulis
843 2307 934 2366 finem
956 2307 1121 2384 practicam
1137 2305 1281 2382 imprimis
1306 2304 1503 2380 persequitur.

248 2391 396 2450 Praesens
419 2393 568 2462 articulus,
591 2395 666 2450 sicut
688 2402 719 2450 et
740 2393 831 2452 ceteri
853 2391 987 2452 eiusdem
1016 2395 1144 2452 auctoris
1167 2390 1291 2462 articuli,
1317 2391 1413 2468 magis
1437 2409 1505 2467 per-

253 2480 409 2555 spicuitate
432 2491 461 2536 et
484 2479 618 2537 claritate
645 2499 734 2558 quarn
758 2479 939 2541 sublimitate
970 2479 1133 2537 scientifica
1164 2477 1292 2537 excellit.
1319 2511 1361 2519 -
1383 2475 1504 2553 Religio

252 2564 417 2624 christiana
445 2565 581 2624 doctriua
602 2586 656 2624 soa
677 2565 715 2625 de
737 2568 925 2626 matrimonio
948 2585 1051 2626 omnes
1074 2566 1233 2644 religiones
1255 2563 1388 2643 reliquas
1411 2563 1502 2640 longe

252 2662 381 2729 superat.
403 2653 583 2730 Principalis
615 2655 797 2712 matrimonii
830 2653 985 2714 christiani
1017 2655 1182 2732 proprietas
1204 2661 1250 2712 eat
1280 2649 1503 2710 indissolu-

250 2735 398 2796 bilitas.
414 2736 663 2798 ludiaaolubilitas
675 2741 855 2800 matrimonii
868 2761 920 2818 pro
931 2741 1072 2799 sacietate
1080 2739 1212 2798 humana
1223 2739 1349 2797 maximi
1360 2739 1502 2798 nomuti

251 2832 316 2895 aet3
340 2845 392 2902 per
422 2824 713 2886 indissolubilitatem
744 2829 964 2888 matrimonium
986 2825 1019 2885 tit
1042 2825 1266 2886 fondamentum
1299 2833 1329 2884 et
1361 2825 1426 2883 ione
1455 2825 1502 2884 in-

253 2911 350 2970 fluxus
365 2912 485 2970 moralis
500 2914 532 2970 in
547 2922 637 2971 totam
655 2916 834 2974 societatem.
849 2913 1010 2972 Destructa
1032 2911 1294 2974 indissolubilitate
1319 2913 1499 2972 matrimonii

251 2997 312 3056 late
334 2999 506 3076 aperiuntur
538 3012 639 3076 portae
670 3003 752 3059 vitiis
774 3010 805 3060 ct
827 2998 955 3060 libidini.
978 2999 1108 3060 Proinde
1139 3001 1411 3078 perniciosissimae
1433 3011 1501 3058 snut

251 3082 402 3144 doctrinae
425 3085 639 3150 modernorum.
662 3089 714 3164 qui
736 3089 957 3147 matrimonium
986 3087 1180 3146 christianum
1213 3095 1388 3165 oppugnant
1412 3084 1501 3144 etad

250 3171 414 3249 simplicem
438 3181 620 3232 contractum
643 3173 762 3234 civilem
784 3173 949 3252 deprimere
972 3172 1138 3233 intendunt

358 3288 386 3345 2.
410 3279 458 3351 M.
491 3280 633 3361 Radav,
677 3288 874 3346 chtvata
908 3309 927 3344 v
961 3287 1263 3366 polotitelnoto
1306 3306 1429 3364 pravo
1466 3293 1504 3342 ot

253 3372 509 3432 ist-oritesko
540 3374 770 3452 religionna
799 3375 950 3452 gledua
971 3374 1091 3434 tetka
1114 3369 1175 3454 (De
1197 3375 1362 3439 iuramento
1385 3375 1418 3430 in
1441 3375 1502 3430 inre

251 3460 388 3535 positivo,
411 3481 440 3538 p.
465 3461 614 3538 18-81).
645 3461 682 3519 In
709 3462 851 3538 Balgatia
874 3461 1010 3522 nonnulli
1041 3459 1232 3533 contendunt,
1265 3461 1502 3518 iuramentume

252 3546 315 3602 iure
338 3545 496 3623 Bnlgarico
517 3567 582 3605 esse
605 3547 828 3620 eliminandum,
861 3567 926 3606 cum
949 3547 1081 3607 libertati
1104 3549 1305 3608 eonscientiae
1330 3545 1501 3606 adversetur

252 3635 347 3689 atrei
370 3631 542 3694 iudiciariae
565 3643 678 3693 nocem
701 3635 813 3694 Contra
835 3635 889 3694 lios
912 3637 1069 3696 iuramenti
1092 3634 1279 3694 adversarios
1306 3643 1407 3692 auctor
1425 3635 1500 3692 inra-

251 3721 343 3774 mcnti
379 3721 547 3793 utilitatem,
584 3723 673 3779 immo
712 3725 920 3781 necessitatem
950 3721 1092 3781 defendit.
1117 3755 1156 3764 —
1182 3721 1387 3779 loramentum
1422 3717 1498 3800 apud

251 3822 354 3862 omnes
388 3808 511 3883 populos
539 3806 675 3867 omnibus
704 3808 884 3887 temporibus
918 3811 1088 3882 invenitur3
1123 3811 1189 3888 ipsa
1222 3808 1350 3866 historia
1371 3815 1499 3866 testante

251 3890 449 3949 iuramentum
473 3895 504 3950 in
527 3897 710 3954 conscientia
732 3906 762 3954 et
785 3898 816 3954 in
837 3916 925 3955 seusu
948 3896 1086 3975 religioso
1110 3897 1239 3954 hominis
1262 3893 1404 3953 fundator
1427 3893 1501 3972 (21).

250 3976 452 4035 loramentum
475 3987 521 4038 est
543 3989 624 4039 actus
647 3982 811 4060 religiosus,
834 4003 892 4061 quo
916 3983 1002 4042 horno
1025 3983 1116 4041 fidem
1135 4001 1217 4041 suam
1234 3984 1267 4040 in
1285 3981 1383 4040 Deum
1407 3981 1499 4040 omui-

253 4070 412 4137 potentem‚
446 4084 591 4124 summurn
625 4089 727 4127 verum
749 4080 779 4127 et
802 4068 911 4128 bonum
946 4070 1097 4147 profitetur
1131 4065 1296 4148 (aa-25).
1333 4067 1501 4126 loramento

251 4148 398 4204 veracitas
418 4148 548 4210 humana
571 4173 635 4211 cum
651 4157 812 4215 veracitate
826 4157 886 4214 Dei
902 4158 1105 4232 coniungitur;
1129 4163 1285 4234 propterca
1306 4157 1501 4214 iuramentum

250 4231 487 4293 efficacissimum
510 4238 640 4298 medium
664 4249 716 4312 est,
740 4262 798 4320 quo
813 4242 900 4301 homo
917 4241 955 4300 ad
970 4245 1126 4301 veritatem
1150 4240 1305 4302 fatendam
1327 4241 1503 4320 perducitur.

248 4314 326 4398 (26).
348 4319 439 4398 Apud
462 4342 563 4382 omues
586 4327 709 4405 populos
740 4331 905 4388 iuramento
937 4349 1046 4408 magna
1078 4331 1236 4388 auctoritas
1259 4331 1292 4388 in
1314 4328 1501 4406 legislatione

252 4404 335 4462 civili
359 4408 530 4469 conceditur
553 4411 716 4491 (re—30).
739 4416 941 4476 loramentum
957 4418 1048 4494 igitur
1070 4427 1114 4475 est
1133 4427 1220 4474 'actus
1243 4424 1273 4473 et
1296 4415 1451 4494 religiosus
1472 4427 1502 4474 et

252 4492 350 4550 civilis
374 4493 449 4572 (30).
471 4497 508 4554 Id
531 4517 568 4556 ex
592 4499 735 4580 religione
758 4510 788 4559 et
811 4501 928 4580 legibus
951 4504 1132 4580 singulorum
1156 4502 1337 4582 populorum,
1361 4501 1500 4561 Indorum

254 4585 284 4633 ct
307 4578 523 4660 Aegyptiorum
559 4585 635 4663 (31),
657 4585 859 4646 Israelitamm
892 4588 1055 4670 (aa-35),
1090 4589 1279 4660 Graecorum,
1303 4589 1500 4650 Romanorum

255 4663 409 4745 (er-41)
433 4671 602 4746 specialiter
616 4672 763 4749 probatur.
783 4673 937 4734 Abraham
954 4678 1062 4734 iuravit
1079 4678 1140 4752 regi
1162 4674 1356 4736 Sodomorum
1383 4677 1504 4749 „levans
1524 4735 1527 4740 .
