3450 5342
869 417 1059 472 ῃ156--

340 609 442 678 solam,
475 605 621 664 referente
644 607 755 681 Sergio,
788 603 980 662 balbutiendo
1013 603 1126 683 aliquid
1162 607 1246 684 pauci
1281 615 1379 682 patres
1403 602 1599 681 protulerint,

340 716 407 754 curn
429 693 466 752 de
484 691 599 750 duabus
621 711 723 750 omnes
745 693 900 750 tacuerint.
922 692 1049 750 Densum
1066 694 1098 749 iu
1113 689 1243 750 secunda
1257 691 1384 768 epistola
1401 689 1485 748 idem
1504 691 1598 747 etiam

340 782 448 840 clarius
477 780 625 838 enuntiat:
662 798 802 856 ,neque
833 799 943 836 unam
974 797 1069 856 neque
1099 777 1173 836 duas
1204 781 1391 856 operationes
1425 779 1459 834 in
1483 777 1550 834 Dei
1574 793 1601 833 et

341 869 492 928 hominum
517 869 708 924 intercessore
742 864 1010 922 definire...
1041 863 1262 937 debemns“;
1301 863 1495 938 „auferentes
1522 883 1603 939 crgo.

340 965 373 1014 nt
387 954 525 1024 diximus,
540 951 713 1012 scandalum
729 971 824 1010 novae
839 953 1030 1022 inventionis,
1053 972 1112 1010 uon
1135 973 1152 1010 o
1160 961 1293 1032 portet
1317 972 1386 1009 nos
1409 950 1459 1008 de
1469 951 1485 1007 f
1490 953 1500 1007 i
1512 972 1535 1008 n
1545 952 1554 1006 i
1566 971 1604 1006 re

344 1051 394 1101 aut
417 1039 588 1120 praedicare
611 1058 723 1097 nuarn
745 1048 796 1096 aut
819 1037 892 1096 duas
915 1041 1130 1116 operationes“.

445 1127 545 1204 Quare
561 1146 621 1184 non
637 1127 784 1183 immerito
795 1121 1000 1202 Ballerini²⁶):
1028 1125 1129 1202 ,Quia
1145 1127 1209 1203 ipso
1229 1125 1368 1203 pontifice
1385 1122 1603 1182 definitionem

345 1236 364 1274 a
385 1237 416 1273 se
440 1213 551 1272 editam
574 1223 711 1288 negante,
739 1210 809 1270 fidei
833 1209 1037 1270 definitionem
1060 1231 1246 1290 erroremque
1264 1211 1452 1269 definitionis
1470 1211 1551 1268 fidei
1576 1214 1605 1268 iu

343 1305 407 1361 eius
430 1302 537 1359 litteris
559 1300 705 1357 contineri
728 1298 836 1358 audeat
858 1299 1040 1358 affirmare?“

444 1386 559 1463 Quodsi
581 1388 648 1464 quis
672 1386 720 1442 hic
753 1388 891 1463 excipiat,
926 1385 1047 1444 verbum
1083 1385 1297 1458 „delinirelu
1333 1384 1383 1442 hic
1407 1404 1425 1442 a
1451 1385 1601 1462 pontifice

341 1495 401 1533 uon
414 1477 487 1532 sumi
498 1493 586 1532 sensu
597 1471 805 1530 declarationis
814 1472 1003 1532 authenticae
1015 1488 1044 1530 et
1055 1470 1285 1544 irreformabilis,
1297 1473 1315 1528 i.
1327 1492 1351 1529 θ.
1365 1470 1599 1542 „definitionis

342 1581 430 1620 seusu
453 1560 597 1630 technico,
620 1559 672 1617 sed
688 1568 871 1637 tantumpro
899 1579 1098 1632 ,asserere
1123 1579 1234 1618 unum
1257 1579 1350 1637 prae
1370 1559 1485 1626 alio‘,
1506 1579 1600 1636 quam

342 1650 519 1707 senteutiam
536 1667 594 1704 nou
611 1667 686 1722 nego
702 1665 767 1704 esse
781 1646 903 1705 multum
928 1645 1118 1724 probabilem,
1141 1657 1242 1704 tamen
1264 1659 1365 1703 manet
1381 1657 1601 1721 argumentum

340 1733 520 1815 praecedens
542 1744 570 1791 et
594 1733 649 1791 hoc
671 1736 766 1811 ipsum
789 1735 879 1790 ctiam
903 1733 936 1790 fit
959 1733 1074 1791 fortius:
1098 1733 1129 1790 Si
1152 1735 1230 1791 enim
1255 1753 1292 1790 ue
1314 1752 1447 1790 asserere
1471 1731 1603 1810 quidem

341 1823 406 1881 vult
432 1825 556 1895 ,nnam“
583 1820 765 1878 voluntatem
789 1840 859 1897 prac
887 1819 1047 1892 ,duabns“.
1082 1820 1173 1878 multo
1197 1822 1293 1877 minus
1315 1830 1412 1898 potest
1435 1817 1500 1876 dici
1530 1840 1601 1877 eum

346 1914 469 1979 ,unam‘
497 1927 566 1986 prae
593 1905 741 1978 ,duabsu
769 1909 859 1964 etism
888 1905 1045 1978 ,definim‘
1073 1907 1212 1966 voluisse.

448 1997 537 2052 Recte
560 1996 602 2050 ait
625 1992 813 2071 Dechamps:
856 1994 943 2052 >Non
974 1992 1004 2050 id
1036 1996 1141 2070 agitur,
1172 2002 1266 2052 utrum
1300 1992 1357 2050 hac
1384 1991 1539 2070 epistolae
1570 1992 1606 2048 de

341 2085 514 2161 quaestione
531 2081 630 2158 eliqua
646 2078 814 2156 dogmatica
828 2090 964 2150 tractent,
980 2079 1045 2138 sed
1063 2091 1187 2138 ntrnm
1203 2100 1279 2138 eam
1296 2077 1366 2136 def
1372 2080 1380 2134 i
1391 2099 1409 2136 n
1420 2080 1427 2134 i
1439 2075 1601 2156 aut‘.²³j

341 2171 405 2227 lani
439 2190 509 2226 vero
541 2178 648 2226 extra
678 2187 786 2225 omne
816 2165 979 2224 dubium
1011 2177 1077 2236 est,
1120 2167 1284 2225 Honorinm
1312 2169 1344 2224 in
1371 2167 1432 2223 suis
1456 2167 1602 2244 epistolis

339 2276 500 2334 prorsus
520 2254 626 2313 nihil
650 2253 1089 2331 ideoquenecerrorem
1107 2254 1279 2332 aliquem
1303 2263 1444 2310 contra
1468 2252 1601 2311 fidem

339 2342 596 2413 definivisse,
628 2339 705 2398 uude
736 2361 781 2398 cx
804 2343 889 2398 eius
912 2341 1103 2418 epistolis
1137 2351 1240 2400 contra
1263 2339 1513 2398 infallibilitalem
1539 2343 1602 2398 Ro

338 2431 418 2487 mani
451 2429 599 2506 pontificis
631 2427 668 2485 ab
699 2428 825 2486 ecclesia
848 2428 982 2486 Romans
1013 2437 1163 2498 assertam,
1198 2427 1443 2486 infallibilitatem
1469 2425 1546 2485 dico
1571 2431 1603 2486 in

339 2514 516 2584 definiendo,
540 2525 815 2591 argumentum
840 2514 991 2572 nullum
1016 2513 1129 2574 desumi
1154 2524 1258 2593 potest.

443 2605 490 2660 16.
513 2602 675 2680 Postquam
698 2605 740 2659 sic
762 2603 967 2680 quaestionem
992 2601 1363 2660 fundamentalem
1386 2599 1424 2657 de
1450 2599 1598 2659 Honorio

336 2690 474 2761 clareat,
508 2698 541 2746 ut
563 2687 688 2752 videtur.
722 2690 786 2746 sine
810 2691 854 2745 ira
877 2701 906 2745 et
930 2687 1026 2746 studio
1058 2688 1232 2760 evolvimus,
1269 2688 1389 2746 aliac
1421 2686 1525 2764 plures
1560 2689 1598 2746 de

336 2775 439 2834 eodem
464 2776 597 2832 Honorio
620 2777 881 2852 quaestiones
905 2773 1123 2834 subnectendas
1147 2789 1221 2847 suut,
1256 2796 1331 2854 (quae
1355 2793 1443 2851 saepe
1469 2779 1597 2854 saepius

337 2873 367 2920 et
389 2883 448 2920 non
471 2864 536 2919 sinc
566 2863 710 2920 claritatis
739 2874 769 2919 et
798 2859 985 2930 certitudinis
1016 2861 1193 2920 detrimento
1224 2882 1289 2919 cnm
1322 2862 1417 2940 priore
1440 2861 1497 2919 illa
1521 2883 1596 2920 cou-

338 2947 500 3006 funduntur
529 2949 578 3006 vel
608 2949 685 3007 male
716 2951 936 3026 permiscentur,
967 2969 1089 3026 quarum
1121 2948 1263 3007 distincta
1295 2959 1395 3006 tamen
1425 2949 1539 3007 solutio
1564 2966 1594 3007 et

336 3037 503 3094 neccssaria
525 3045 570 3092 est
593 3046 622 3093 et
645 3035 682 3093 sd
706 3037 800 3113 ipsam
824 3037 1027 3114 quaestionem
1057 3037 1250 3114 principalem
1275 3034 1408 3094 uberiore
1432 3035 1498 3094 luce
1525 3058 1595 3114 per·

338 3121 520 3182 fundendam
544 3125 649 3180 mirum
673 3125 705 3179 in
728 3120 847 3180 modum
872 3123 994 3180 confert.

370 3307 443 3375 III.
467 3307 664 3374 Honorius
688 3327 753 3374 uec
776 3307 987 3375 haereticus
1013 3307 1086 3374 fuit
1109 3327 1174 3374 uec
1200 3307 1387 3374 baeresim
1413 3307 1560 3376 docuit.

446 3455 494 3512 17.
517 3453 660 3509 Fuitne
684 3451 884 3510 Honorius
909 3451 1168 3510 haereticus?
1184 3451 1231 3509 Eu
1247 3455 1344 3530 prims
1359 3454 1493 3530 quaestio
1510 3474 1593 3532 quae

335 3559 367 3597 se
391 3538 475 3596 nobis
497 3539 589 3609 offert,
623 3558 699 3616 quae
732 3559 784 3616 per
816 3539 1024 3598 resolutionem
1055 3540 1213 3616 superioris
1244 3540 1425 3616 quaestionis
1454 3539 1593 3598 nondum

338 3635 434 3704 potest
464 3627 577 3684 censeri
608 3626 711 3687 solnta.
747 3626 816 3685 Non
846 3625 984 3684 definivit
1007 3625 1156 3684 Honorius
1180 3624 1294 3703 aliquid
1317 3625 1507 3694 haereticum,
1533 3627 1593 3686 hoc

341 3714 535 3770 certissimum
559 3722 611 3783 est,
635 3733 699 3771 cunr
724 3713 800 3771 nihil
823 3713 1005 3773 definiverit:
1041 3710 1092 3770 sed
1116 3733 1184 3770 num
1208 3713 1282 3771 forte
1306 3722 1406 3772 tamen
1428 3715 1494 3790 ipse
1517 3707 1592 3772 hae-

340 3801 447 3857 reticus
470 3799 534 3875 fuit,
565 3820 634 3857 num
665 3800 739 3858 forte
771 3800 918 3858 haeresim
948 3802 1047 3870 etiam,
1078 3801 1133 3858 etsi
1157 3820 1216 3857 non
1248 3799 1392 3869 definivit,
1426 3813 1456 3858 at
1480 3801 1591 3859 saltem

340 3885 463 3943 docuit?

446 3973 515 4029 Non
538 3974 617 4029 enim
642 3970 719 4030 idem
743 3983 796 4043 cst,
819 3972 991 4050 pontificem
1008 3973 1173 4030 Romanum
1196 3993 1260 4032 esse
1284 3972 1472 4043 haereticum,
1498 3976 1592 4033 immo

341 4057 521 4136 ,approbare
544 4058 709 4117 doctrinam
721 4059 863 4118 haeretici
876 4079 910 4116 ac
924 4091 965 4102 -
977 4058 1142 4118 doctrinam
1155 4060 1235 4117 illam
1248 4059 1372 4118 definire
1388 4069 1419 4118 ut
1432 4061 1590 4119 Summum

337 4145 512 4203 Pontificem
528 4156 557 4203 et
570 4145 721 4204 Pastorem
738 4159 767 4204 et
783 4148 836 4204 toti
848 4147 1002 4205 Ecclesiae
1018 4167 1188 4224 proponere,
1201 4155 1232 4204 ot
1251 4155 1296 4206 est
1308 4147 1516 4205 manifestum*
1529 4143 1590 4224 ²⁸}ss

337 4233 418 4311 prius
440 4231 514 4290 illud
538 4234 634 4290 minus
650 4243 702 4302 est,
726 4234 781 4291 hoc
806 4235 908 4305 maius,
937 4236 961 4291 si
985 4235 1079 4292 maius
1103 4255 1162 4292 non
1186 4233 1265 4292 fecit.
1290 4254 1358 4292 num
1381 4233 1455 4292 forte
1479 4235 1590 4293 saltem

337 4321 435 4377 minus
458 4317 532 4377 illud
556 4320 662 4391 fecit,
686 4341 756 4379 uum
779 4322 877 4378 minus
902 4319 974 4378 illud
999 4321 1103 4379 saltem
1128 4321 1224 4380 facere
1248 4321 1403 4398 potuit?

387 4507 411 4541 -θ

385 4507 422 4638 'fii
440 4507 723 4645 ipidssbi'snaerath
743 4574 761 4627 l.
781 4593 804 4628 c.
823 4576 884 4628 536.

386 4645 423 4715 ²²⁴)
441 4649 602 4712 Thyrsus
630 4647 822 4709 (tonzalez,
852 4647 892 4698 De
913 4645 1124 4698 lulallibilitate
1144 4645 1268 4698 Romani
1288 4645 1444 4712 Pantilius,
1472 4649 1593 4710 Romae,

444 4717 521 4782 1689,
540 4734 566 4783 p.
586 4717 638 4770 718
