<?xml version="1.0" encoding="UTF-8"?>
<!DOCTYPE html PUBLIC "-//W3C//DTD XHTML 1.0 Transitional//EN"
    "http://www.w3.org/TR/xhtml1/DTD/xhtml1-transitional.dtd">
<html xmlns="http://www.w3.org/1999/xhtml" xml:lang="en" lang="en">
 <head>
  <title>
</title>
<meta http-equiv="Content-Type" content="text/html;charset=utf-8" />
  <meta name='ocr-system' content='tesseract 3.04.00' />
  <meta name='ocr-capabilities' content='ocr_page ocr_carea ocr_par ocr_line ocrx_word'/>
</head>
<body>
  <div class='ocr_page' id='page_1' title='image "./slavorumlittera00unkngoog_0533.png"; bbox 0 0 3450 5342; ppageno 0'>
   <div class='ocr_carea' id='block_1_1' title="bbox 646 325 836 378">
    <p class='ocr_par' dir='ltr' id='par_1_1' title="bbox 646 325 836 378">
     <span class='ocr_line' id='line_1_1' title="bbox 646 325 836 378; baseline -0.016 0"><span class='ocrx_word' id='word_1_1' title='bbox 646 356 683 363; x_wconf 87' lang='lat'><em>-</em></span> <span class='ocrx_word' id='word_1_2' title='bbox 712 325 772 378; x_wconf 74' lang='lat' dir='ltr'><strong>lea</strong></span> <span class='ocrx_word' id='word_1_3' title='bbox 797 356 836 364; x_wconf 88' lang='lat'>—</span> 
     </span>
    </p>
   </div>
   <div class='ocr_carea' id='block_1_2' title="bbox 98 509 1361 3374">
    <p class='ocr_par' dir='ltr' id='par_1_2' title="bbox 98 509 1355 677">
     <span class='ocr_line' id='line_1_2' title="bbox 98 509 1355 591; baseline 0 -25"><span class='ocrx_word' id='word_1_4' title='bbox 98 511 183 568; x_wconf 86' lang='lat' dir='ltr'><strong>bilia</strong></span> <span class='ocrx_word' id='word_1_5' title='bbox 207 511 393 588; x_wconf 81' lang='lat' dir='ltr'><strong>operantium</strong></span> <span class='ocrx_word' id='word_1_6' title='bbox 416 520 532 588; x_wconf 89' lang='lat' dir='ltr'><strong>capnt</strong></span> <span class='ocrx_word' id='word_1_7' title='bbox 562 532 627 570; x_wconf 85' lang='lat' dir='ltr'><strong>esse</strong></span> <span class='ocrx_word' id='word_1_8' title='bbox 650 522 799 590; x_wconf 74' lang='lat' dir='ltr'>appareat,</span> <span class='ocrx_word' id='word_1_9' title='bbox 832 515 879 570; x_wconf 79' lang='lat' dir='ltr'><strong>vir</strong></span> <span class='ocrx_word' id='word_1_10' title='bbox 902 511 1055 591; x_wconf 81' lang='lat' dir='ltr'><strong>perfectus,</strong></span> <span class='ocrx_word' id='word_1_11' title='bbox 1079 531 1116 570; x_wconf 83' lang='lat' dir='ltr'><strong>ex</strong></span> <span class='ocrx_word' id='word_1_12' title='bbox 1141 531 1198 590; x_wconf 90' lang='lat' dir='ltr'><strong>quo</strong></span> <span class='ocrx_word' id='word_1_13' title='bbox 1221 509 1355 569; x_wconf 88' lang='lat' dir='ltr'><strong>membra</strong></span> 
     </span>
     <span class='ocr_line' id='line_1_3' title="bbox 99 596 898 677; baseline 0.001 -22"><span class='ocrx_word' id='word_1_14' title='bbox 99 617 193 655; x_wconf 84' lang='lat' dir='ltr'><strong>suam</strong></span> <span class='ocrx_word' id='word_1_15' title='bbox 218 598 342 676; x_wconf 89' lang='lat' dir='ltr'><strong>quisque</strong></span> <span class='ocrx_word' id='word_1_16' title='bbox 365 596 522 655; x_wconf 82' lang='lat' dir='ltr'><strong>limitatam</strong></span> <span class='ocrx_word' id='word_1_17' title='bbox 546 618 713 657; x_wconf 88' lang='lat' dir='ltr'><strong>mensuram</strong></span> <span class='ocrx_word' id='word_1_18' title='bbox 737 601 898 677; x_wconf 72' lang='lat' dir='ltr'><strong>accipiant!</strong></span> 
     </span>
    </p>

    <p class='ocr_par' dir='ltr' id='par_1_3' title="bbox 99 682 1361 1546">
     <span class='ocr_line' id='line_1_4' title="bbox 215 682 1355 762; baseline -0.002 -20"><span class='ocrx_word' id='word_1_19' title='bbox 215 682 301 742; x_wconf 88' lang='lat' dir='ltr'><strong>Unde</strong></span> <span class='ocrx_word' id='word_1_20' title='bbox 323 704 377 761; x_wconf 90' lang='lat' dir='ltr'><strong>per</strong></span> <span class='ocrx_word' id='word_1_21' title='bbox 399 682 517 742; x_wconf 90' lang='lat' dir='ltr'><strong>modum</strong></span> <span class='ocrx_word' id='word_1_22' title='bbox 540 686 737 744; x_wconf 77' lang='lat' dir='ltr'><strong>conclusionis</strong></span> <span class='ocrx_word' id='word_1_23' title='bbox 759 707 843 745; x_wconf 89' lang='lat' dir='ltr'><strong>suam</strong></span> <span class='ocrx_word' id='word_1_24' title='bbox 875 687 1022 745; x_wconf 86' lang='lat' dir='ltr'><strong>thesim</strong></span> <span class='ocrx_word' id='word_1_25' title='bbox 1047 686 1141 762; x_wconf 90' lang='lat' dir='ltr'><strong>ponit:</strong></span> <span class='ocrx_word' id='word_1_26' title='bbox 1170 684 1250 756; x_wconf 80' lang='lat' dir='ltr'><strong>,Nos</strong></span> <span class='ocrx_word' id='word_1_27' title='bbox 1274 685 1355 742; x_wconf 87' lang='lat' dir='ltr'><strong>euim</strong></span> 
     </span>
     <span class='ocr_line' id='line_1_5' title="bbox 99 769 1355 848; baseline -0.002 -19"><span class='ocrx_word' id='word_1_28' title='bbox 99 792 177 829; x_wconf 90' lang='lat' dir='ltr'><strong>non</strong></span> <span class='ocrx_word' id='word_1_29' title='bbox 202 791 309 829; x_wconf 91' lang='lat' dir='ltr'><strong>unam</strong></span> <span class='ocrx_word' id='word_1_30' title='bbox 332 773 533 848; x_wconf 75' lang='lat' dir='ltr'><strong>operationem</strong></span> <span class='ocrx_word' id='word_1_31' title='bbox 554 773 605 830; x_wconf 85' lang='lat' dir='ltr'><strong>rel</strong></span> <span class='ocrx_word' id='word_1_32' title='bbox 628 770 715 831; x_wconf 89' lang='lat' dir='ltr'><strong>duas</strong></span> <span class='ocrx_word' id='word_1_33' title='bbox 741 773 903 832; x_wconf 86' lang='lat' dir='ltr'><strong>Dominum</strong></span> <span class='ocrx_word' id='word_1_34' title='bbox 919 774 1058 832; x_wconf 81' lang='lat' dir='ltr'><strong>Nostrum</strong></span> <span class='ocrx_word' id='word_1_35' title='bbox 1083 773 1182 830; x_wconf 91' lang='lat' dir='ltr'><strong>Iesum</strong></span> <span class='ocrx_word' id='word_1_36' title='bbox 1200 769 1355 829; x_wconf 81' lang='lat' dir='ltr'><strong>Christum</strong></span> 
     </span>
     <span class='ocr_line' id='line_1_6' title="bbox 99 856 1357 937; baseline -0.001 -23"><span class='ocrx_word' id='word_1_37' title='bbox 99 861 231 936; x_wconf 87' lang='lat' dir='ltr'><strong>eiusque</strong></span> <span class='ocrx_word' id='word_1_38' title='bbox 248 859 388 916; x_wconf 79' lang='lat' dir='ltr'><strong>Sanctum</strong></span> <span class='ocrx_word' id='word_1_39' title='bbox 406 857 547 937; x_wconf 80' lang='lat' dir='ltr'><strong>Spiritum</strong></span> <span class='ocrx_word' id='word_1_40' title='bbox 563 879 577 918; x_wconf 94' lang='lat' dir='ltr'><strong>s</strong></span> <span class='ocrx_word' id='word_1_41' title='bbox 589 879 633 918; x_wconf 87' lang='lat' dir='ltr'><strong>ac</strong></span> <span class='ocrx_word' id='word_1_42' title='bbox 646 879 660 916; x_wconf 93' lang='lat' dir='ltr'><strong>r</strong></span> <span class='ocrx_word' id='word_1_43' title='bbox 672 863 681 916; x_wconf 94' lang='lat' dir='ltr'><strong>i</strong></span> <span class='ocrx_word' id='word_1_44' title='bbox 694 881 707 918; x_wconf 88' lang='lat' dir='ltr'><strong>s</strong></span> <span class='ocrx_word' id='word_1_45' title='bbox 731 860 739 916; x_wconf 96' lang='lat' dir='ltr'><strong>l</strong></span> <span class='ocrx_word' id='word_1_46' title='bbox 755 861 912 918; x_wconf 89' lang='lat' dir='ltr'><strong>itteris</strong></span> <span class='ocrx_word' id='word_1_47' title='bbox 937 863 1127 936; x_wconf 77' lang='lat' dir='ltr'><strong>percepimus,</strong></span> <span class='ocrx_word' id='word_1_48' title='bbox 1152 857 1204 916; x_wconf 92' lang='lat' dir='ltr'><strong>sed</strong></span> <span class='ocrx_word' id='word_1_49' title='bbox 1228 856 1320 916; x_wconf 87' lang='lat' dir='ltr'><strong>mult</strong></span> <span class='ocrx_word' id='word_1_50' title='bbox 1332 858 1357 914; x_wconf 93' lang='lat' dir='ltr'><strong>i-</strong></span> 
     </span>
     <span class='ocr_line' id='line_1_7' title="bbox 101 945 1356 1023; baseline -0.002 -21"><span class='ocrx_word' id='word_1_51' title='bbox 101 947 319 1002; x_wconf 81' lang='lat' dir='ltr'><strong>formiter</strong></span> <span class='ocrx_word' id='word_1_52' title='bbox 354 947 546 1021; x_wconf 82' lang='lat' dir='ltr'><strong>cognorimus</strong></span> <span class='ocrx_word' id='word_1_53' title='bbox 580 949 758 1023; x_wconf 85' lang='lat' dir='ltr'><strong>operatum.“</strong></span> <span class='ocrx_word' id='word_1_54' title='bbox 807 947 908 1022; x_wconf 76' lang='lat' dir='ltr'><strong>Quare</strong></span> <span class='ocrx_word' id='word_1_55' title='bbox 932 947 1089 1016; x_wconf 88' lang='lat' dir='ltr'><strong>Honorius,</strong></span> <span class='ocrx_word' id='word_1_56' title='bbox 1114 947 1243 1002; x_wconf 77' lang='lat' dir='ltr'><strong>maxime</strong></span> <span class='ocrx_word' id='word_1_57' title='bbox 1267 945 1299 1001; x_wconf 91' lang='lat' dir='ltr'><strong>in</strong></span> <span class='ocrx_word' id='word_1_58' title='bbox 1324 963 1356 1001; x_wconf 91' lang='lat' dir='ltr'><strong>re</strong></span> 
     </span>
     <span class='ocr_line' id='line_1_8' title="bbox 100 1021 1360 1112; baseline 0 -24"><span class='ocrx_word' id='word_1_59' title='bbox 100 1031 231 1103; x_wconf 72' lang='lat' dir='ltr'><strong>lubrica</strong></span> <span class='ocrx_word' id='word_1_60' title='bbox 254 1034 312 1110; x_wconf 88' lang='lat' dir='ltr'><strong>ipsi</strong></span> <span class='ocrx_word' id='word_1_61' title='bbox 334 1021 489 1090; x_wconf 74' lang='lat' dir='ltr'><strong>nonsatis</strong></span> <span class='ocrx_word' id='word_1_62' title='bbox 511 1043 671 1112; x_wconf 87' lang='lat' dir='ltr'><strong>perspecta,</strong></span> <span class='ocrx_word' id='word_1_63' title='bbox 696 1035 780 1092; x_wconf 90' lang='lat' dir='ltr'><strong>unice</strong></span> <span class='ocrx_word' id='word_1_64' title='bbox 803 1035 907 1092; x_wconf 83' lang='lat' dir='ltr'><strong>volens</strong></span> <span class='ocrx_word' id='word_1_65' title='bbox 930 1055 944 1091; x_wconf 91' lang='lat' dir='ltr'><strong>s</strong></span> <span class='ocrx_word' id='word_1_66' title='bbox 957 1053 1002 1090; x_wconf 89' lang='lat' dir='ltr'><strong>ac</strong></span> <span class='ocrx_word' id='word_1_67' title='bbox 1016 1053 1028 1088; x_wconf 90' lang='lat' dir='ltr'><strong>r</strong></span> <span class='ocrx_word' id='word_1_68' title='bbox 1041 1052 1088 1090; x_wconf 91' lang='lat' dir='ltr'><strong>ae</strong></span> <span class='ocrx_word' id='word_1_69' title='bbox 1111 1035 1155 1090; x_wconf 73' lang='lat' dir='ltr'><strong>n&#39;c</strong></span> <span class='ocrx_word' id='word_1_70' title='bbox 1165 1034 1199 1088; x_wconf 91' lang='lat' dir='ltr'><strong>ri</strong></span> <span class='ocrx_word' id='word_1_71' title='bbox 1214 1041 1251 1108; x_wconf 92' lang='lat' dir='ltr'><strong>pt</strong></span> <span class='ocrx_word' id='word_1_72' title='bbox 1264 1051 1282 1088; x_wconf 92' lang='lat' dir='ltr'><strong>u</strong></span> <span class='ocrx_word' id='word_1_73' title='bbox 1293 1051 1307 1089; x_wconf 92' lang='lat' dir='ltr'><strong>r</strong></span> <span class='ocrx_word' id='word_1_74' title='bbox 1317 1050 1360 1088; x_wconf 90' lang='lat' dir='ltr'><strong>ae</strong></span> 
     </span>
     <span class='ocr_line' id='line_1_9' title="bbox 103 1118 1355 1198; baseline -0.002 -22"><span class='ocrx_word' id='word_1_75' title='bbox 103 1119 265 1176; x_wconf 88' lang='lat' dir='ltr'><strong>inhaerere</strong></span> <span class='ocrx_word' id='word_1_76' title='bbox 292 1139 347 1176; x_wconf 91' lang='lat' dir='ltr'><strong>nec</strong></span> <span class='ocrx_word' id='word_1_77' title='bbox 377 1118 538 1198; x_wconf 88' lang='lat' dir='ltr'><strong>quidquam</strong></span> <span class='ocrx_word' id='word_1_78' title='bbox 569 1119 650 1178; x_wconf 88' lang='lat' dir='ltr'><strong>aliud</strong></span> <span class='ocrx_word' id='word_1_79' title='bbox 673 1119 781 1185; x_wconf 79' lang='lat' dir='ltr'><strong>dicere.</strong></span> <span class='ocrx_word' id='word_1_80' title='bbox 815 1141 904 1198; x_wconf 92' lang='lat' dir='ltr'><strong>quam</strong></span> <span class='ocrx_word' id='word_1_81' title='bbox 935 1119 1013 1198; x_wconf 92' lang='lat' dir='ltr'><strong>quod</strong></span> <span class='ocrx_word' id='word_1_82' title='bbox 1046 1121 1076 1176; x_wconf 92' lang='lat' dir='ltr'><strong>in</strong></span> <span class='ocrx_word' id='word_1_83' title='bbox 1101 1121 1252 1196; x_wconf 63' lang='lat' dir='ltr'><strong>Scriptura</strong></span> <span class='ocrx_word' id='word_1_84' title='bbox 1274 1127 1355 1175; x_wconf 89' lang='lat' dir='ltr'><strong>certo</strong></span> 
     </span>
     <span class='ocr_line' id='line_1_10' title="bbox 102 1201 1357 1283; baseline -0.001 -21"><span class='ocrx_word' id='word_1_85' title='bbox 102 1204 283 1283; x_wconf 81' lang='lat' dir='ltr'><strong>reperiebat,</strong></span> <span class='ocrx_word' id='word_1_86' title='bbox 317 1204 414 1283; x_wconf 90' lang='lat' dir='ltr'><strong>quoad</strong></span> <span class='ocrx_word' id='word_1_87' title='bbox 443 1208 645 1283; x_wconf 82' lang='lat' dir='ltr'><strong>operationum</strong></span> <span class='ocrx_word' id='word_1_88' title='bbox 677 1227 829 1266; x_wconf 90' lang='lat' dir='ltr'><strong>nnmerum</strong></span> <span class='ocrx_word' id='word_1_89' title='bbox 861 1209 892 1266; x_wconf 96' lang='lat' dir='ltr'><strong>in</strong></span> <span class='ocrx_word' id='word_1_90' title='bbox 926 1227 967 1265; x_wconf 90' lang='lat' dir='ltr'><strong>eo</strong></span> <span class='ocrx_word' id='word_1_91' title='bbox 1006 1204 1240 1274; x_wconf 84' lang='lat' dir='ltr'><strong>insistebat,</strong></span> <span class='ocrx_word' id='word_1_92' title='bbox 1278 1201 1357 1283; x_wconf 92' lang='lat' dir='ltr'><strong>quod</strong></span> 
     </span>
     <span class='ocr_line' id='line_1_11' title="bbox 105 1292 1355 1372; baseline 0 -23"><span class='ocrx_word' id='word_1_93' title='bbox 105 1295 263 1370; x_wconf 62' lang='lat' dir='ltr'><strong>Scriptura</strong></span> <span class='ocrx_word' id='word_1_94' title='bbox 296 1294 382 1370; x_wconf 91' lang='lat' dir='ltr'><strong>ipsa</strong></span> <span class='ocrx_word' id='word_1_95' title='bbox 415 1294 762 1353; x_wconf 89' lang='lat' dir='ltr'><strong>commemorabat:</strong></span> <span class='ocrx_word' id='word_1_96' title='bbox 797 1295 948 1372; x_wconf 74' lang='lat' dir='ltr'><strong>Scriptura</strong></span> <span class='ocrx_word' id='word_1_97' title='bbox 982 1305 1079 1351; x_wconf 89' lang='lat' dir='ltr'><strong>autem</strong></span> <span class='ocrx_word' id='word_1_98' title='bbox 1110 1294 1142 1349; x_wconf 92' lang='lat' dir='ltr'><strong>in</strong></span> <span class='ocrx_word' id='word_1_99' title='bbox 1174 1292 1238 1350; x_wconf 91' lang='lat' dir='ltr'><strong>loco</strong></span> <span class='ocrx_word' id='word_1_100' title='bbox 1269 1311 1355 1370; x_wconf 90' lang='lat' dir='ltr'><strong>quem</strong></span> 
     </span>
     <span class='ocr_line' id='line_1_12' title="bbox 104 1377 1361 1458; baseline -0.002 -22"><span class='ocrx_word' id='word_1_101' title='bbox 104 1399 180 1456; x_wconf 88' lang='lat' dir='ltr'><strong>prae</strong></span> <span class='ocrx_word' id='word_1_102' title='bbox 204 1378 340 1438; x_wconf 89' lang='lat' dir='ltr'><strong>manibus</strong></span> <span class='ocrx_word' id='word_1_103' title='bbox 356 1379 467 1442; x_wconf 79' lang='lat' dir='ltr'><strong>habuit</strong></span> <span class='ocrx_word' id='word_1_104' title='bbox 492 1400 560 1438; x_wconf 91' lang='lat' dir='ltr'><strong>nec</strong></span> <span class='ocrx_word' id='word_1_105' title='bbox 583 1381 620 1440; x_wconf 91' lang='lat' dir='ltr'><strong>de</strong></span> <span class='ocrx_word' id='word_1_106' title='bbox 635 1402 694 1440; x_wconf 92' lang='lat' dir='ltr'><strong>una</strong></span> <span class='ocrx_word' id='word_1_107' title='bbox 717 1402 785 1439; x_wconf 90' lang='lat' dir='ltr'><strong>nee</strong></span> <span class='ocrx_word' id='word_1_108' title='bbox 808 1381 845 1439; x_wconf 91' lang='lat' dir='ltr'><strong>de</strong></span> <span class='ocrx_word' id='word_1_109' title='bbox 858 1380 971 1439; x_wconf 91' lang='lat' dir='ltr'><strong>duabus</strong></span> <span class='ocrx_word' id='word_1_110' title='bbox 988 1378 1039 1438; x_wconf 91' lang='lat' dir='ltr'><strong>sed</strong></span> <span class='ocrx_word' id='word_1_111' title='bbox 1055 1381 1152 1458; x_wconf 89' lang='lat' dir='ltr'><strong>potius</strong></span> <span class='ocrx_word' id='word_1_112' title='bbox 1168 1377 1205 1436; x_wconf 92' lang='lat' dir='ltr'><strong>de</strong></span> <span class='ocrx_word' id='word_1_113' title='bbox 1229 1399 1256 1436; x_wconf 91' lang='lat' dir='ltr'><strong>m</strong></span> <span class='ocrx_word' id='word_1_114' title='bbox 1268 1378 1361 1436; x_wconf 92' lang='lat' dir='ltr'><strong>ulti-</strong></span> 
     </span>
     <span class='ocr_line' id='line_1_13' title="bbox 105 1465 845 1546; baseline 0.005 -24"><span class='ocrx_word' id='word_1_115' title='bbox 105 1465 305 1524; x_wconf 89' lang='lat' dir='ltr'><strong>t&#39;ormibus</strong></span> <span class='ocrx_word' id='word_1_116' title='bbox 330 1465 442 1524; x_wconf 85' lang='lat' dir='ltr'><strong>Christi</strong></span> <span class='ocrx_word' id='word_1_117' title='bbox 465 1469 686 1546; x_wconf 85' lang='lat' dir='ltr'><strong>operationibus</strong></span> <span class='ocrx_word' id='word_1_118' title='bbox 709 1468 845 1546; x_wconf 89' lang='lat' dir='ltr'><strong>loquitur.</strong></span> 
     </span>
    </p>

    <p class='ocr_par' dir='ltr' id='par_1_4' title="bbox 103 1551 1355 2155">
     <span class='ocr_line' id='line_1_14' title="bbox 214 1551 1353 1634; baseline 0 -26"><span class='ocrx_word' id='word_1_119' title='bbox 214 1555 245 1609; x_wconf 72' lang='lat' dir='ltr'><strong>si</strong></span> <span class='ocrx_word' id='word_1_120' title='bbox 268 1573 339 1611; x_wconf 84' lang='lat' dir='ltr'><strong>vero</strong></span> <span class='ocrx_word' id='word_1_121' title='bbox 362 1573 493 1632; x_wconf 83' lang='lat' dir='ltr'><strong>quaeras,</strong></span> <span class='ocrx_word' id='word_1_122' title='bbox 524 1575 714 1634; x_wconf 89' lang='lat' dir='ltr'><strong>quaenam</strong></span> <span class='ocrx_word' id='word_1_123' title='bbox 736 1556 793 1614; x_wconf 88' lang='lat' dir='ltr'><strong>hae</strong></span> <span class='ocrx_word' id='word_1_124' title='bbox 817 1555 1002 1632; x_wconf 84' lang='lat' dir='ltr'><strong>operationes</strong></span> <span class='ocrx_word' id='word_1_125' title='bbox 1025 1551 1175 1611; x_wconf 87' lang='lat' dir='ltr'><strong>mirabiles</strong></span> <span class='ocrx_word' id='word_1_126' title='bbox 1198 1563 1228 1608; x_wconf 90' lang='lat' dir='ltr'><strong>et</strong></span> <span class='ocrx_word' id='word_1_127' title='bbox 1251 1551 1353 1608; x_wconf 79' lang='lat' dir='ltr'><strong>inelin-</strong></span> 
     </span>
     <span class='ocr_line' id='line_1_15' title="bbox 103 1637 1355 1718; baseline 0 -22"><span class='ocrx_word' id='word_1_128' title='bbox 103 1638 183 1698; x_wconf 87' lang='lat' dir='ltr'><strong>biles</strong></span> <span class='ocrx_word' id='word_1_129' title='bbox 206 1659 317 1718; x_wconf 89' lang='lat' dir='ltr'><strong>eaeque</strong></span> <span class='ocrx_word' id='word_1_130' title='bbox 340 1641 533 1700; x_wconf 75' lang='lat' dir='ltr'><strong>multiformes</strong></span> <span class='ocrx_word' id='word_1_131' title='bbox 556 1645 623 1712; x_wconf 89' lang='lat' dir='ltr'><strong>sint,</strong></span> <span class='ocrx_word' id='word_1_132' title='bbox 647 1643 703 1700; x_wconf 88' lang='lat' dir='ltr'><strong>hae</strong></span> <span class='ocrx_word' id='word_1_133' title='bbox 727 1645 790 1702; x_wconf 86' lang='lat' dir='ltr'><strong>sine</strong></span> <span class='ocrx_word' id='word_1_134' title='bbox 813 1641 902 1700; x_wconf 92' lang='lat' dir='ltr'><strong>dnbio</strong></span> <span class='ocrx_word' id='word_1_135' title='bbox 926 1642 1110 1718; x_wconf 86' lang='lat' dir='ltr'><strong>operationes</strong></span> <span class='ocrx_word' id='word_1_136' title='bbox 1141 1637 1271 1696; x_wconf 90' lang='lat' dir='ltr'><strong>solius</strong></span> <span class='ocrx_word' id='word_1_137' title='bbox 1295 1637 1355 1696; x_wconf 93' lang='lat' dir='ltr'><strong>hu·</strong></span> 
     </span>
     <span class='ocr_line' id='line_1_16' title="bbox 105 1723 1351 1801; baseline -0.002 -17"><span class='ocrx_word' id='word_1_138' title='bbox 105 1729 321 1786; x_wconf 90' lang='lat' dir='ltr'><strong>manitatis</strong></span> <span class='ocrx_word' id='word_1_139' title='bbox 356 1728 527 1787; x_wconf 81' lang='lat' dir='ltr'><strong>Christi</strong></span> <span class='ocrx_word' id='word_1_140' title='bbox 558 1743 634 1801; x_wconf 83' lang='lat' dir='ltr'><strong>sunt,</strong></span> <span class='ocrx_word' id='word_1_141' title='bbox 657 1751 723 1789; x_wconf 88' lang='lat' dir='ltr'><strong>cnm</strong></span> <span class='ocrx_word' id='word_1_142' title='bbox 747 1751 784 1788; x_wconf 82' lang='lat' dir='ltr'><strong>ex</strong></span> <span class='ocrx_word' id='word_1_143' title='bbox 808 1739 906 1787; x_wconf 85' lang='lat' dir='ltr'><strong>mente</strong></span> <span class='ocrx_word' id='word_1_144' title='bbox 933 1729 1057 1786; x_wconf 90' lang='lat' dir='ltr'><strong>llonorii</strong></span> <span class='ocrx_word' id='word_1_145' title='bbox 1081 1726 1156 1784; x_wconf 88' lang='lat' dir='ltr'><strong>nihil</strong></span> <span class='ocrx_word' id='word_1_146' title='bbox 1180 1723 1260 1783; x_wconf 91' lang='lat' dir='ltr'><strong>aliud</strong></span> <span class='ocrx_word' id='word_1_147' title='bbox 1284 1727 1351 1796; x_wconf 91' lang='lat' dir='ltr'><strong>sint,</strong></span> 
     </span>
     <span class='ocr_line' id='line_1_17' title="bbox 105 1810 1353 1894; baseline 0 -26"><span class='ocrx_word' id='word_1_148' title='bbox 105 1835 199 1892; x_wconf 85' lang='lat' dir='ltr'><strong>quam</strong></span> <span class='ocrx_word' id='word_1_149' title='bbox 222 1835 365 1873; x_wconf 90' lang='lat' dir='ltr'><strong>summa</strong></span> <span class='ocrx_word' id='word_1_150' title='bbox 398 1835 522 1874; x_wconf 89' lang='lat' dir='ltr'><strong>earum</strong></span> <span class='ocrx_word' id='word_1_151' title='bbox 555 1820 759 1894; x_wconf 87' lang='lat' dir='ltr'><strong>operationum</strong></span> <span class='ocrx_word' id='word_1_152' title='bbox 783 1815 971 1882; x_wconf 82' lang='lat' dir='ltr'><strong>mirabilium,</strong></span> <span class='ocrx_word' id='word_1_153' title='bbox 995 1833 1070 1892; x_wconf 87' lang='lat' dir='ltr'><strong>quae</strong></span> <span class='ocrx_word' id='word_1_154' title='bbox 1094 1815 1191 1878; x_wconf 80' lang='lat' dir='ltr'><strong>etiarn,</strong></span> <span class='ocrx_word' id='word_1_155' title='bbox 1215 1810 1353 1889; x_wconf 75' lang='lat' dir='ltr'><strong>ricerdi-</strong></span> 
     </span>
     <span class='ocr_line' id='line_1_18' title="bbox 106 1897 1354 1980; baseline -0.002 -22"><span class='ocrx_word' id='word_1_156' title='bbox 106 1903 193 1960; x_wconf 79' lang='lat' dir='ltr'><strong>risae</strong></span> <span class='ocrx_word' id='word_1_157' title='bbox 217 1911 247 1959; x_wconf 90' lang='lat' dir='ltr'><strong>et</strong></span> <span class='ocrx_word' id='word_1_158' title='bbox 269 1921 328 1960; x_wconf 92' lang='lat' dir='ltr'><strong>non</strong></span> <span class='ocrx_word' id='word_1_159' title='bbox 344 1921 437 1980; x_wconf 86' lang='lat' dir='ltr'><strong>aeque</strong></span> <span class='ocrx_word' id='word_1_160' title='bbox 461 1904 616 1980; x_wconf 81' lang='lat' dir='ltr'><strong>perfectae,</strong></span> <span class='ocrx_word' id='word_1_161' title='bbox 639 1907 670 1962; x_wconf 91' lang='lat' dir='ltr'><strong>in</strong></span> <span class='ocrx_word' id='word_1_162' title='bbox 692 1903 876 1962; x_wconf 89' lang='lat' dir='ltr'><strong>membris</strong></span> <span class='ocrx_word' id='word_1_163' title='bbox 900 1903 1020 1971; x_wconf 76' lang='lat' dir='ltr'><strong>Christi,</strong></span> <span class='ocrx_word' id='word_1_164' title='bbox 1045 1899 1073 1959; x_wconf 94' lang='lat' dir='ltr'><strong>id</strong></span> <span class='ocrx_word' id='word_1_165' title='bbox 1091 1909 1135 1958; x_wconf 90' lang='lat' dir='ltr'><strong>est</strong></span> <span class='ocrx_word' id='word_1_166' title='bbox 1149 1897 1286 1958; x_wconf 90' lang='lat' dir='ltr'><strong>iidclibns</strong></span> <span class='ocrx_word' id='word_1_167' title='bbox 1309 1918 1354 1956; x_wconf 89' lang='lat' dir='ltr'><strong>re-</strong></span> 
     </span>
     <span class='ocr_line' id='line_1_19' title="bbox 108 1985 1354 2070; baseline -0.001 -25"><span class='ocrx_word' id='word_1_168' title='bbox 108 1990 273 2066; x_wconf 71' lang='lat' dir='ltr'><strong>periantur,</strong></span> <span class='ocrx_word' id='word_1_169' title='bbox 297 2008 335 2046; x_wconf 84' lang='lat' dir='ltr'><strong>ex</strong></span> <span class='ocrx_word' id='word_1_170' title='bbox 358 2009 393 2047; x_wconf 86' lang='lat' dir='ltr'><strong>eo</strong></span> <span class='ocrx_word' id='word_1_171' title='bbox 415 1993 503 2060; x_wconf 91' lang='lat' dir='ltr'><strong>enim,</strong></span> <span class='ocrx_word' id='word_1_172' title='bbox 528 1989 606 2070; x_wconf 92' lang='lat' dir='ltr'><strong>quod</strong></span> <span class='ocrx_word' id='word_1_173' title='bbox 620 1992 652 2049; x_wconf 89' lang='lat' dir='ltr'><strong>in</strong></span> <span class='ocrx_word' id='word_1_174' title='bbox 668 1989 807 2049; x_wconf 90' lang='lat' dir='ltr'><strong>membris</strong></span> <span class='ocrx_word' id='word_1_175' title='bbox 830 1993 893 2048; x_wconf 88' lang='lat' dir='ltr'><strong>eius</strong></span> <span class='ocrx_word' id='word_1_176' title='bbox 916 2003 991 2056; x_wconf 84' lang='lat' dir='ltr'><strong>sunt,</strong></span> <span class='ocrx_word' id='word_1_177' title='bbox 1015 1985 1226 2046; x_wconf 88' lang='lat' dir='ltr'><strong>concludit</strong></span> <span class='ocrx_word' id='word_1_178' title='bbox 1249 2005 1299 2044; x_wconf 89' lang='lat' dir='ltr'><strong>eas</strong></span> <span class='ocrx_word' id='word_1_179' title='bbox 1323 1987 1354 2044; x_wconf 92' lang='lat' dir='ltr'><strong>in</strong></span> 
     </span>
     <span class='ocr_line' id='line_1_20' title="bbox 107 2075 680 2155; baseline 0.007 -23"><span class='ocrx_word' id='word_1_180' title='bbox 107 2077 209 2154; x_wconf 87' lang='lat' dir='ltr'><strong>eapite</strong></span> <span class='ocrx_word' id='word_1_181' title='bbox 233 2075 352 2133; x_wconf 87' lang='lat' dir='ltr'><strong>Christe</strong></span> <span class='ocrx_word' id='word_1_182' title='bbox 376 2076 479 2135; x_wconf 86' lang='lat' dir='ltr'><strong>deesse</strong></span> <span class='ocrx_word' id='word_1_183' title='bbox 504 2098 563 2135; x_wconf 91' lang='lat' dir='ltr'><strong>non</strong></span> <span class='ocrx_word' id='word_1_184' title='bbox 587 2098 680 2155; x_wconf 86' lang='lat' dir='ltr'><strong>posse.</strong></span> 
     </span>
    </p>

    <p class='ocr_par' dir='ltr' id='par_1_5' title="bbox 108 2156 1358 3374">
     <span class='ocr_line' id='line_1_21' title="bbox 215 2156 1357 2238; baseline -0.003 -19"><span class='ocrx_word' id='word_1_185' title='bbox 215 2162 281 2219; x_wconf 79' lang='lat' dir='ltr'><strong>Etsi</strong></span> <span class='ocrx_word' id='word_1_186' title='bbox 311 2183 382 2220; x_wconf 85' lang='lat' dir='ltr'><strong>vero</strong></span> <span class='ocrx_word' id='word_1_187' title='bbox 412 2164 485 2222; x_wconf 90' lang='lat' dir='ltr'><strong>hacc</strong></span> <span class='ocrx_word' id='word_1_188' title='bbox 516 2167 616 2224; x_wconf 88' lang='lat' dir='ltr'><strong>omnin</strong></span> <span class='ocrx_word' id='word_1_189' title='bbox 649 2165 746 2238; x_wconf 91' lang='lat' dir='ltr'><strong>,idem</strong></span> <span class='ocrx_word' id='word_1_190' title='bbox 769 2165 877 2225; x_wconf 57' lang='lat' dir='ltr'><strong>Deua*</strong></span> <span class='ocrx_word' id='word_1_191' title='bbox 920 2161 1015 2233; x_wconf 88' lang='lat' dir='ltr'><strong>,idem</strong></span> <span class='ocrx_word' id='word_1_192' title='bbox 1047 2161 1218 2230; x_wconf 78' lang='lat' dir='ltr'><strong>llominus,“</strong></span> <span class='ocrx_word' id='word_1_193' title='bbox 1261 2156 1357 2230; x_wconf 89' lang='lat' dir='ltr'><strong>,idern</strong></span> 
     </span>
     <span class='ocr_line' id='line_1_22' title="bbox 108 2244 1357 2331; baseline -0.002 -27"><span class='ocrx_word' id='word_1_194' title='bbox 108 2250 255 2325; x_wconf 51' lang='lat' dir='ltr'><strong>Spiritu&amp;</strong></span> <span class='ocrx_word' id='word_1_195' title='bbox 282 2247 398 2308; x_wconf 88' lang='lat' dir='ltr'><strong>dicatur</strong></span> <span class='ocrx_word' id='word_1_196' title='bbox 420 2254 543 2328; x_wconf 90' lang='lat' dir='ltr'><strong>operari,</strong></span> <span class='ocrx_word' id='word_1_197' title='bbox 566 2264 711 2331; x_wconf 89' lang='lat' dir='ltr'><strong>quatenns</strong></span> <span class='ocrx_word' id='word_1_198' title='bbox 734 2273 773 2308; x_wconf 87' lang='lat' dir='ltr'><strong>sc.</strong></span> <span class='ocrx_word' id='word_1_199' title='bbox 796 2249 899 2308; x_wconf 86' lang='lat' dir='ltr'><strong>fideles</strong></span> <span class='ocrx_word' id='word_1_200' title='bbox 923 2271 939 2308; x_wconf 89' lang='lat' dir='ltr'><strong>a</strong></span> <span class='ocrx_word' id='word_1_201' title='bbox 965 2249 1027 2306; x_wconf 84' lang='lat' dir='ltr'><strong>lleo</strong></span> <span class='ocrx_word' id='word_1_202' title='bbox 1051 2245 1169 2316; x_wconf 89' lang='lat' dir='ltr'><strong>habent,</strong></span> <span class='ocrx_word' id='word_1_203' title='bbox 1203 2244 1281 2324; x_wconf 89' lang='lat' dir='ltr'><strong>quod</strong></span> <span class='ocrx_word' id='word_1_204' title='bbox 1304 2245 1357 2303; x_wconf 87' lang='lat' dir='ltr'><strong>illa</strong></span> 
     </span>
     <span class='ocr_line' id='line_1_23' title="bbox 109 2333 1358 2415; baseline -0.002 -23"><span class='ocrx_word' id='word_1_205' title='bbox 109 2335 259 2393; x_wconf 88' lang='lat' dir='ltr'><strong>mirabilia</strong></span> <span class='ocrx_word' id='word_1_206' title='bbox 281 2340 395 2414; x_wconf 88' lang='lat' dir='ltr'><strong>operari</strong></span> <span class='ocrx_word' id='word_1_207' title='bbox 419 2348 670 2415; x_wconf 80' lang='lat' dir='ltr'><strong>possunt&#39;tamen</strong></span> <span class='ocrx_word' id='word_1_208' title='bbox 693 2341 767 2397; x_wconf 91' lang='lat' dir='ltr'><strong>sicut</strong></span> <span class='ocrx_word' id='word_1_209' title='bbox 784 2339 977 2396; x_wconf 88' lang='lat' dir='ltr'><strong>nihilominus</strong></span> <span class='ocrx_word' id='word_1_210' title='bbox 1001 2333 1152 2392; x_wconf 85' lang='lat' dir='ltr'><strong>fideles</strong></span> <span class='ocrx_word' id='word_1_211' title='bbox 1175 2334 1256 2411; x_wconf 91' lang='lat' dir='ltr'><strong>ipsi</strong></span> <span class='ocrx_word' id='word_1_212' title='bbox 1279 2341 1358 2404; x_wconf 89' lang='lat' dir='ltr'><strong>sunt,</strong></span> 
     </span>
     <span class='ocr_line' id='line_1_24' title="bbox 108 2421 1355 2499; baseline -0.002 -21"><span class='ocrx_word' id='word_1_213' title='bbox 108 2425 160 2499; x_wconf 91' lang='lat' dir='ltr'><strong>qni</strong></span> <span class='ocrx_word' id='word_1_214' title='bbox 184 2441 237 2480; x_wconf 89' lang='lat' dir='ltr'><strong>sua</strong></span> <span class='ocrx_word' id='word_1_215' title='bbox 258 2423 369 2499; x_wconf 76' lang='lat' dir='ltr'><strong>lingua,</strong></span> <span class='ocrx_word' id='word_1_216' title='bbox 392 2445 445 2483; x_wconf 91' lang='lat' dir='ltr'><strong>sua</strong></span> <span class='ocrx_word' id='word_1_217' title='bbox 467 2439 573 2497; x_wconf 90' lang='lat' dir='ltr'><strong>mente,</strong></span> <span class='ocrx_word' id='word_1_218' title='bbox 596 2447 650 2485; x_wconf 91' lang='lat' dir='ltr'><strong>sua</strong></span> <span class='ocrx_word' id='word_1_219' title='bbox 664 2427 816 2486; x_wconf 79' lang='lat' dir='ltr'><strong>voluntate</strong></span> <span class='ocrx_word' id='word_1_220' title='bbox 839 2425 912 2482; x_wconf 90' lang='lat' dir='ltr'><strong>haee</strong></span> <span class='ocrx_word' id='word_1_221' title='bbox 935 2421 1084 2480; x_wconf 87' lang='lat' dir='ltr'><strong>mirabilia</strong></span> <span class='ocrx_word' id='word_1_222' title='bbox 1106 2428 1272 2498; x_wconf 87' lang='lat' dir='ltr'><strong>operantur,</strong></span> <span class='ocrx_word' id='word_1_223' title='bbox 1295 2421 1355 2476; x_wconf 91' lang='lat' dir='ltr'><strong>ita</strong></span> 
     </span>
     <span class='ocr_line' id='line_1_25' title="bbox 108 2507 1353 2592; baseline -0.002 -26"><span class='ocrx_word' id='word_1_224' title='bbox 108 2529 128 2566; x_wconf 91' lang='lat' dir='ltr'><strong>a</strong></span> <span class='ocrx_word' id='word_1_225' title='bbox 151 2511 257 2586; x_wconf 90' lang='lat' dir='ltr'><strong>pari,</strong></span> <span class='ocrx_word' id='word_1_226' title='bbox 294 2531 360 2568; x_wconf 91' lang='lat' dir='ltr'><strong>cum</strong></span> <span class='ocrx_word' id='word_1_227' title='bbox 384 2511 519 2572; x_wconf 87' lang='lat' dir='ltr'><strong>Christus</strong></span> <span class='ocrx_word' id='word_1_228' title='bbox 542 2533 578 2572; x_wconf 88' lang='lat' dir='ltr'><strong>ea</strong></span> <span class='ocrx_word' id='word_1_229' title='bbox 600 2525 744 2592; x_wconf 84' lang='lat' dir='ltr'><strong>operatur,</strong></span> <span class='ocrx_word' id='word_1_230' title='bbox 778 2513 908 2570; x_wconf 90' lang='lat' dir='ltr'><strong>humana</strong></span> <span class='ocrx_word' id='word_1_231' title='bbox 931 2531 983 2567; x_wconf 81' lang='lat' dir='ltr'><strong>sira</strong></span> <span class='ocrx_word' id='word_1_232' title='bbox 1007 2509 1116 2584; x_wconf 80' lang='lat' dir='ltr'><strong>lingna,</strong></span> <span class='ocrx_word' id='word_1_233' title='bbox 1149 2507 1278 2564; x_wconf 89' lang='lat' dir='ltr'><strong>humana</strong></span> <span class='ocrx_word' id='word_1_234' title='bbox 1301 2526 1353 2564; x_wconf 90' lang='lat' dir='ltr'><strong>sua</strong></span> 
     </span>
     <span class='ocr_line' id='line_1_26' title="bbox 109 2591 1352 2671; baseline -0.004 -17"><span class='ocrx_word' id='word_1_235' title='bbox 109 2606 209 2654; x_wconf 89' lang='lat' dir='ltr'><strong>mente</strong></span> <span class='ocrx_word' id='word_1_236' title='bbox 232 2617 266 2655; x_wconf 91' lang='lat' dir='ltr'><strong>ac</strong></span> <span class='ocrx_word' id='word_1_237' title='bbox 289 2598 449 2671; x_wconf 85' lang='lat' dir='ltr'><strong>voluntate,</strong></span> <span class='ocrx_word' id='word_1_238' title='bbox 473 2600 637 2659; x_wconf 89' lang='lat' dir='ltr'><strong>humana</strong></span> <span class='ocrx_word' id='word_1_239' title='bbox 660 2621 728 2659; x_wconf 87' lang='lat' dir='ltr'><strong>sua</strong></span> <span class='ocrx_word' id='word_1_240' title='bbox 750 2610 892 2656; x_wconf 89' lang='lat' dir='ltr'><strong>natura</strong></span> <span class='ocrx_word' id='word_1_241' title='bbox 915 2618 973 2654; x_wconf 90' lang='lat' dir='ltr'><strong>non</strong></span> <span class='ocrx_word' id='word_1_242' title='bbox 997 2615 1080 2654; x_wconf 88' lang='lat' dir='ltr'><strong>secus</strong></span> <span class='ocrx_word' id='word_1_243' title='bbox 1104 2614 1138 2652; x_wconf 88' lang='lat' dir='ltr'><strong>ae</strong></span> <span class='ocrx_word' id='word_1_244' title='bbox 1154 2591 1256 2651; x_wconf 87' lang='lat' dir='ltr'><strong>fideles</strong></span> <span class='ocrx_word' id='word_1_245' title='bbox 1279 2593 1352 2650; x_wconf 90' lang='lat' dir='ltr'><strong>haec</strong></span> 
     </span>
     <span class='ocr_line' id='line_1_27' title="bbox 112 2681 1355 2763; baseline -0.003 -24"><span class='ocrx_word' id='word_1_246' title='bbox 112 2682 259 2741; x_wconf 89' lang='lat' dir='ltr'><strong>mirabilia</strong></span> <span class='ocrx_word' id='word_1_247' title='bbox 289 2697 432 2763; x_wconf 87' lang='lat' dir='ltr'><strong>operatur.</strong></span> <span class='ocrx_word' id='word_1_248' title='bbox 477 2686 565 2763; x_wconf 73' lang='lat' dir='ltr'><strong>Quod</strong></span> <span class='ocrx_word' id='word_1_249' title='bbox 588 2687 738 2746; x_wconf 83' lang='lat' dir='ltr'><strong>Honorius</strong></span> <span class='ocrx_word' id='word_1_250' title='bbox 773 2687 882 2743; x_wconf 89' lang='lat' dir='ltr'><strong>nulle</strong></span> <span class='ocrx_word' id='word_1_251' title='bbox 917 2681 1026 2742; x_wconf 91' lang='lat' dir='ltr'><strong>modo</strong></span> <span class='ocrx_word' id='word_1_252' title='bbox 1065 2681 1289 2750; x_wconf 79' lang='lat' dir='ltr'><strong>existimaverit,</strong></span> <span class='ocrx_word' id='word_1_253' title='bbox 1323 2681 1355 2736; x_wconf 93' lang='lat' dir='ltr'><strong>in</strong></span> 
     </span>
     <span class='ocr_line' id='line_1_28' title="bbox 111 2769 1355 2852; baseline -0.002 -27"><span class='ocrx_word' id='word_1_254' title='bbox 111 2769 232 2829; x_wconf 82' lang='lat' dir='ltr'><strong>Christo</strong></span> <span class='ocrx_word' id='word_1_255' title='bbox 254 2771 346 2830; x_wconf 90' lang='lat' dir='ltr'><strong>relate</strong></span> <span class='ocrx_word' id='word_1_256' title='bbox 377 2771 510 2832; x_wconf 88' lang='lat' dir='ltr'><strong>adhaec</strong></span> <span class='ocrx_word' id='word_1_257' title='bbox 533 2795 622 2852; x_wconf 88' lang='lat' dir='ltr'><strong>opera</strong></span> <span class='ocrx_word' id='word_1_258' title='bbox 645 2775 805 2832; x_wconf 87' lang='lat' dir='ltr'><strong>humanam</strong></span> <span class='ocrx_word' id='word_1_259' title='bbox 836 2774 899 2830; x_wconf 89' lang='lat' dir='ltr'><strong>eius</strong></span> <span class='ocrx_word' id='word_1_260' title='bbox 931 2779 1065 2828; x_wconf 88' lang='lat' dir='ltr'><strong>naturam</strong></span> <span class='ocrx_word' id='word_1_261' title='bbox 1097 2787 1161 2824; x_wconf 82' lang='lat' dir='ltr'><strong>esse</strong></span> <span class='ocrx_word' id='word_1_262' title='bbox 1199 2785 1355 2824; x_wconf 91' lang='lat' dir='ltr'><strong>merum</strong></span> 
     </span>
     <span class='ocr_line' id='line_1_29' title="bbox 113 2853 1355 2934; baseline -0.004 -20"><span class='ocrx_word' id='word_1_263' title='bbox 113 2859 314 2934; x_wconf 88' lang='lat' dir='ltr'><strong>passivum</strong></span> <span class='ocrx_word' id='word_1_264' title='bbox 348 2861 656 2932; x_wconf 88' lang='lat' dir='ltr'><strong>instrumentum,</strong></span> <span class='ocrx_word' id='word_1_265' title='bbox 691 2873 721 2917; x_wconf 90' lang='lat' dir='ltr'><strong>nt</strong></span> <span class='ocrx_word' id='word_1_266' title='bbox 756 2859 1054 2916; x_wconf 82' lang='lat' dir='ltr'><strong>Monotheletae</strong></span> <span class='ocrx_word' id='word_1_267' title='bbox 1087 2853 1236 2921; x_wconf 87' lang='lat' dir='ltr'><strong>velebant,</strong></span> <span class='ocrx_word' id='word_1_268' title='bbox 1260 2873 1297 2910; x_wconf 87' lang='lat' dir='ltr'><strong>ex</strong></span> <span class='ocrx_word' id='word_1_269' title='bbox 1320 2873 1355 2910; x_wconf 91' lang='lat' dir='ltr'><strong>eo</strong></span> 
     </span>
     <span class='ocr_line' id='line_1_30' title="bbox 112 2939 1356 3023; baseline -0.004 -23"><span class='ocrx_word' id='word_1_270' title='bbox 112 2955 201 3020; x_wconf 86' lang='lat' dir='ltr'><strong>patet,</strong></span> <span class='ocrx_word' id='word_1_271' title='bbox 236 2943 367 3022; x_wconf 89' lang='lat' dir='ltr'><strong>quodid</strong></span> <span class='ocrx_word' id='word_1_272' title='bbox 391 2948 565 3006; x_wconf 89' lang='lat' dir='ltr'><strong>nonsolnm</strong></span> <span class='ocrx_word' id='word_1_273' title='bbox 597 2970 656 3006; x_wconf 92' lang='lat' dir='ltr'><strong>non</strong></span> <span class='ocrx_word' id='word_1_274' title='bbox 679 2946 767 3004; x_wconf 89' lang='lat' dir='ltr'><strong>dicat.</strong></span> <span class='ocrx_word' id='word_1_275' title='bbox 803 2945 854 3002; x_wconf 83' lang='lat' dir='ltr'><strong>sed</strong></span> <span class='ocrx_word' id='word_1_276' title='bbox 879 2947 974 3023; x_wconf 89' lang='lat' dir='ltr'><strong>potius</strong></span> <span class='ocrx_word' id='word_1_277' title='bbox 1007 2941 1142 3000; x_wconf 89' lang='lat' dir='ltr'><strong>omnihus</strong></span> <span class='ocrx_word' id='word_1_278' title='bbox 1174 2939 1268 2998; x_wconf 90' lang='lat' dir='ltr'><strong>modis</strong></span> <span class='ocrx_word' id='word_1_279' title='bbox 1291 2959 1356 3018; x_wconf 90' lang='lat' dir='ltr'><strong>per-</strong></span> 
     </span>
     <span class='ocr_line' id='line_1_31' title="bbox 113 3025 1354 3112; baseline -0.002 -26"><span class='ocrx_word' id='word_1_280' title='bbox 113 3029 217 3088; x_wconf 88' lang='lat' dir='ltr'><strong>sectam</strong></span> <span class='ocrx_word' id='word_1_281' title='bbox 241 3032 466 3092; x_wconf 90' lang='lat' dir='ltr'><strong>similitudinem</strong></span> <span class='ocrx_word' id='word_1_282' title='bbox 497 3035 601 3092; x_wconf 90' lang='lat' dir='ltr'><strong>harum</strong></span> <span class='ocrx_word' id='word_1_283' title='bbox 624 3036 827 3112; x_wconf 88' lang='lat' dir='ltr'><strong>operationum</strong></span> <span class='ocrx_word' id='word_1_284' title='bbox 860 3035 890 3090; x_wconf 90' lang='lat' dir='ltr'><strong>in</strong></span> <span class='ocrx_word' id='word_1_285' title='bbox 914 3031 1033 3090; x_wconf 86' lang='lat' dir='ltr'><strong>Christo</strong></span> <span class='ocrx_word' id='word_1_286' title='bbox 1056 3043 1085 3086; x_wconf 89' lang='lat' dir='ltr'><strong>et</strong></span> <span class='ocrx_word' id='word_1_287' title='bbox 1117 3030 1147 3085; x_wconf 92' lang='lat' dir='ltr'><strong>in</strong></span> <span class='ocrx_word' id='word_1_288' title='bbox 1171 3025 1354 3105; x_wconf 89' lang='lat' dir='ltr'><strong>simplicibus</strong></span> 
     </span>
     <span class='ocr_line' id='line_1_32' title="bbox 113 3114 1354 3196; baseline -0.003 -22"><span class='ocrx_word' id='word_1_289' title='bbox 113 3116 280 3176; x_wconf 89' lang='lat' dir='ltr'><strong>bominibus</strong></span> <span class='ocrx_word' id='word_1_290' title='bbox 303 3131 405 3196; x_wconf 83' lang='lat' dir='ltr'><strong>urgeat</strong></span> <span class='ocrx_word' id='word_1_291' title='bbox 427 3135 456 3178; x_wconf 88' lang='lat' dir='ltr'><strong>et</strong></span> <span class='ocrx_word' id='word_1_292' title='bbox 479 3131 632 3180; x_wconf 90' lang='lat' dir='ltr'><strong>tantum</strong></span> <span class='ocrx_word' id='word_1_293' title='bbox 656 3120 729 3179; x_wconf 88' lang='lat' dir='ltr'><strong>illud</strong></span> <span class='ocrx_word' id='word_1_294' title='bbox 752 3119 913 3178; x_wconf 85' lang='lat' dir='ltr'><strong>discrimen</strong></span> <span class='ocrx_word' id='word_1_295' title='bbox 930 3127 1027 3196; x_wconf 89' lang='lat' dir='ltr'><strong>ponat,</strong></span> <span class='ocrx_word' id='word_1_296' title='bbox 1051 3114 1129 3194; x_wconf 92' lang='lat' dir='ltr'><strong>quod</strong></span> <span class='ocrx_word' id='word_1_297' title='bbox 1143 3115 1279 3172; x_wconf 85' lang='lat' dir='ltr'><strong>Christus</strong></span> <span class='ocrx_word' id='word_1_298' title='bbox 1296 3133 1354 3170; x_wconf 92' lang='lat' dir='ltr'><strong>non</strong></span> 
     </span>
     <span class='ocr_line' id='line_1_33' title="bbox 112 3203 1355 3286; baseline -0.003 -26"><span class='ocrx_word' id='word_1_299' title='bbox 112 3215 225 3262; x_wconf 91' lang='lat' dir='ltr'><strong>tantum</strong></span> <span class='ocrx_word' id='word_1_300' title='bbox 248 3225 336 3263; x_wconf 88' lang='lat' dir='ltr'><strong>unam</strong></span> <span class='ocrx_word' id='word_1_301' title='bbox 360 3207 407 3264; x_wconf 86' lang='lat' dir='ltr'><strong>rel</strong></span> <span class='ocrx_word' id='word_1_302' title='bbox 431 3209 553 3266; x_wconf 88' lang='lat' dir='ltr'><strong>alteram</strong></span> <span class='ocrx_word' id='word_1_303' title='bbox 570 3209 674 3266; x_wconf 88' lang='lat' dir='ltr'><strong>harum</strong></span> <span class='ocrx_word' id='word_1_304' title='bbox 691 3209 893 3286; x_wconf 87' lang='lat' dir='ltr'><strong>operationum</strong></span> <span class='ocrx_word' id='word_1_305' title='bbox 910 3204 962 3264; x_wconf 90' lang='lat' dir='ltr'><strong>sed</strong></span> <span class='ocrx_word' id='word_1_306' title='bbox 985 3222 1112 3262; x_wconf 89' lang='lat' dir='ltr'><strong>omnes</strong></span> <span class='ocrx_word' id='word_1_307' title='bbox 1136 3203 1264 3272; x_wconf 88' lang='lat' dir='ltr'><strong>omnino,</strong></span> <span class='ocrx_word' id='word_1_308' title='bbox 1281 3219 1355 3277; x_wconf 86' lang='lat' dir='ltr'><strong>quae</strong></span> 
     </span>
     <span class='ocr_line' id='line_1_34' title="bbox 115 3288 1357 3374; baseline -0.004 -27"><span class='ocrx_word' id='word_1_309' title='bbox 115 3293 146 3347; x_wconf 88' lang='lat' dir='ltr'><strong>in</strong></span> <span class='ocrx_word' id='word_1_310' title='bbox 168 3291 305 3350; x_wconf 85' lang='lat' dir='ltr'><strong>fidelibus</strong></span> <span class='ocrx_word' id='word_1_311' title='bbox 327 3295 526 3365; x_wconf 86' lang='lat' dir='ltr'><strong>inveniuntur,</strong></span> <span class='ocrx_word' id='word_1_312' title='bbox 550 3316 658 3374; x_wconf 89' lang='lat' dir='ltr'><strong>easque</strong></span> <span class='ocrx_word' id='word_1_313' title='bbox 681 3297 712 3353; x_wconf 92' lang='lat' dir='ltr'><strong>in</strong></span> <span class='ocrx_word' id='word_1_314' title='bbox 745 3313 889 3352; x_wconf 89' lang='lat' dir='ltr'><strong>summa</strong></span> <span class='ocrx_word' id='word_1_315' title='bbox 929 3291 1182 3369; x_wconf 80' lang='lat' dir='ltr'><strong>perfectione</strong></span> <span class='ocrx_word' id='word_1_316' title='bbox 1220 3288 1357 3364; x_wconf 88' lang='lat' dir='ltr'><strong>posuerit.</strong></span> 
     </span>
    </p>
   </div>
   <div class='ocr_carea' id='block_1_3' title="bbox 111 3393 1357 4690">
    <p class='ocr_par' dir='ltr' id='par_1_6' title="bbox 111 3393 1355 3806">
     <span class='ocr_line' id='line_1_35' title="bbox 214 3393 1351 3478; baseline -0.006 -24"><span class='ocrx_word' id='word_1_317' title='bbox 214 3397 313 3473; x_wconf 80' lang='lat' dir='ltr'><strong>Atque</strong></span> <span class='ocrx_word' id='word_1_318' title='bbox 337 3402 379 3455; x_wconf 87' lang='lat' dir='ltr'><strong>sie</strong></span> <span class='ocrx_word' id='word_1_319' title='bbox 402 3402 559 3458; x_wconf 88' lang='lat' dir='ltr'><strong>auctoritas</strong></span> <span class='ocrx_word' id='word_1_320' title='bbox 582 3402 817 3478; x_wconf 70' lang='lat' dir='ltr'><strong>Scripturas</strong></span> <span class='ocrx_word' id='word_1_321' title='bbox 842 3398 974 3454; x_wconf 86' lang='lat' dir='ltr'><strong>Honorio</strong></span> <span class='ocrx_word' id='word_1_322' title='bbox 997 3397 1052 3452; x_wconf 90' lang='lat' dir='ltr'><strong>fuit</strong></span> <span class='ocrx_word' id='word_1_323' title='bbox 1076 3393 1171 3472; x_wconf 90' lang='lat' dir='ltr'><strong>prima</strong></span> <span class='ocrx_word' id='word_1_324' title='bbox 1194 3393 1276 3460; x_wconf 89' lang='lat' dir='ltr'><strong>ratio,</strong></span> <span class='ocrx_word' id='word_1_325' title='bbox 1300 3410 1351 3448; x_wconf 88' lang='lat' dir='ltr'><strong>cur</strong></span> 
     </span>
     <span class='ocr_line' id='line_1_36' title="bbox 113 3477 1355 3563; baseline -0.002 -27"><span class='ocrx_word' id='word_1_326' title='bbox 113 3479 185 3539; x_wconf 77' lang='lat' dir='ltr'><strong>‹luas</strong></span> <span class='ocrx_word' id='word_1_327' title='bbox 208 3483 239 3539; x_wconf 92' lang='lat' dir='ltr'><strong>in</strong></span> <span class='ocrx_word' id='word_1_328' title='bbox 264 3483 382 3543; x_wconf 84' lang='lat' dir='ltr'><strong>Christo</strong></span> <span class='ocrx_word' id='word_1_329' title='bbox 405 3489 590 3563; x_wconf 88' lang='lat' dir='ltr'><strong>operationes</strong></span> <span class='ocrx_word' id='word_1_330' title='bbox 612 3487 710 3544; x_wconf 88' lang='lat' dir='ltr'><strong>dicere</strong></span> <span class='ocrx_word' id='word_1_331' title='bbox 741 3486 880 3543; x_wconf 90' lang='lat' dir='ltr'><strong>noluerit:</strong></span> <span class='ocrx_word' id='word_1_332' title='bbox 915 3483 975 3542; x_wconf 89' lang='lat' dir='ltr'><strong>ubi</strong></span> <span class='ocrx_word' id='word_1_333' title='bbox 1007 3483 1086 3539; x_wconf 89' lang='lat' dir='ltr'><strong>enim</strong></span> <span class='ocrx_word' id='word_1_334' title='bbox 1118 3480 1191 3537; x_wconf 89' lang='lat' dir='ltr'><strong>haee</strong></span> <span class='ocrx_word' id='word_1_335' title='bbox 1215 3477 1355 3555; x_wconf 86' lang='lat' dir='ltr'><strong>explicite</strong></span> 
     </span>
     <span class='ocr_line' id='line_1_37' title="bbox 112 3565 1348 3650; baseline -0.002 -26"><span class='ocrx_word' id='word_1_336' title='bbox 112 3567 149 3624; x_wconf 89' lang='lat' dir='ltr'><strong>de</strong></span> <span class='ocrx_word' id='word_1_337' title='bbox 171 3589 326 3628; x_wconf 89' lang='lat' dir='ltr'><strong>numero</strong></span> <span class='ocrx_word' id='word_1_338' title='bbox 349 3575 551 3649; x_wconf 87' lang='lat' dir='ltr'><strong>operationum</strong></span> <span class='ocrx_word' id='word_1_339' title='bbox 575 3577 605 3632; x_wconf 93' lang='lat' dir='ltr'><strong>in</strong></span> <span class='ocrx_word' id='word_1_340' title='bbox 629 3575 748 3632; x_wconf 83' lang='lat' dir='ltr'><strong>Christo</strong></span> <span class='ocrx_word' id='word_1_341' title='bbox 771 3573 908 3650; x_wconf 89' lang='lat' dir='ltr'><strong>loquitur,</strong></span> <span class='ocrx_word' id='word_1_342' title='bbox 931 3567 1107 3627; x_wconf 85' lang='lat' dir='ltr'><strong>vocabulum</strong></span> <span class='ocrx_word' id='word_1_343' title='bbox 1135 3565 1348 3644; x_wconf 80' lang='lat' dir='ltr'><strong>,operationis“</strong></span> 
     </span>
     <span class='ocr_line' id='line_1_38' title="bbox 111 3653 1355 3737; baseline -0.002 -27"><span class='ocrx_word' id='word_1_344' title='bbox 111 3675 152 3711; x_wconf 90' lang='lat' dir='ltr'><strong>eo</strong></span> <span class='ocrx_word' id='word_1_345' title='bbox 175 3677 261 3714; x_wconf 90' lang='lat' dir='ltr'><strong>sensu</strong></span> <span class='ocrx_word' id='word_1_346' title='bbox 284 3661 380 3729; x_wconf 88' lang='lat' dir='ltr'><strong>sumit,</strong></span> <span class='ocrx_word' id='word_1_347' title='bbox 403 3681 460 3737; x_wconf 89' lang='lat' dir='ltr'><strong>quo</strong></span> <span class='ocrx_word' id='word_1_348' title='bbox 484 3681 557 3719; x_wconf 91' lang='lat' dir='ltr'><strong>non</strong></span> <span class='ocrx_word' id='word_1_349' title='bbox 580 3683 655 3720; x_wconf 89' lang='lat' dir='ltr'><strong>una</strong></span> <span class='ocrx_word' id='word_1_350' title='bbox 682 3681 750 3719; x_wconf 91' lang='lat' dir='ltr'><strong>nec</strong></span> <span class='ocrx_word' id='word_1_351' title='bbox 779 3658 878 3718; x_wconf 87' lang='lat' dir='ltr'><strong>duae</strong></span> <span class='ocrx_word' id='word_1_352' title='bbox 907 3654 972 3716; x_wconf 90' lang='lat' dir='ltr'><strong>sed</strong></span> <span class='ocrx_word' id='word_1_353' title='bbox 1000 3655 1135 3734; x_wconf 88' lang='lat' dir='ltr'><strong>potius</strong></span> <span class='ocrx_word' id='word_1_354' title='bbox 1159 3653 1292 3730; x_wconf 89' lang='lat' dir='ltr'><strong>plures</strong></span> <span class='ocrx_word' id='word_1_355' title='bbox 1317 3661 1355 3708; x_wconf 88' lang='lat' dir='ltr'><strong>et</strong></span> 
     </span>
     <span class='ocr_line' id='line_1_39' title="bbox 115 3742 883 3806; baseline 0.012 -9"><span class='ocrx_word' id='word_1_356' title='bbox 115 3742 379 3804; x_wconf 85' lang='lat' dir='ltr'><strong>multiformes</strong></span> <span class='ocrx_word' id='word_1_357' title='bbox 403 3750 434 3805; x_wconf 91' lang='lat' dir='ltr'><strong>in</strong></span> <span class='ocrx_word' id='word_1_358' title='bbox 458 3748 576 3805; x_wconf 86' lang='lat' dir='ltr'><strong>Christo</strong></span> <span class='ocrx_word' id='word_1_359' title='bbox 599 3747 784 3806; x_wconf 77' lang='lat' dir='ltr'><strong>confitendae</strong></span> <span class='ocrx_word' id='word_1_360' title='bbox 808 3755 883 3806; x_wconf 87' lang='lat' dir='ltr'><strong>sunt.</strong></span> 
     </span>
    </p>

    <p class='ocr_par' dir='ltr' id='par_1_7' title="bbox 112 3829 1356 4344">
     <span class='ocr_line' id='line_1_40' title="bbox 214 3829 1354 3910; baseline -0.005 -23"><span class='ocrx_word' id='word_1_361' title='bbox 214 3832 263 3888; x_wconf 81' lang='lat'><strong>25.</strong></span> <span class='ocrx_word' id='word_1_362' title='bbox 288 3832 371 3891; x_wconf 84' lang='lat' dir='ltr'><strong>Vidit</strong></span> <span class='ocrx_word' id='word_1_363' title='bbox 395 3845 494 3892; x_wconf 88' lang='lat' dir='ltr'><strong>tamen</strong></span> <span class='ocrx_word' id='word_1_364' title='bbox 519 3835 666 3892; x_wconf 87' lang='lat' dir='ltr'><strong>lionorius</strong></span> <span class='ocrx_word' id='word_1_365' title='bbox 693 3837 783 3892; x_wconf 89' lang='lat' dir='ltr'><strong>etiam</strong></span> <span class='ocrx_word' id='word_1_366' title='bbox 814 3833 944 3910; x_wconf 84' lang='lat' dir='ltr'><strong>aliquem</strong></span> <span class='ocrx_word' id='word_1_367' title='bbox 979 3829 1099 3887; x_wconf 90' lang='lat' dir='ltr'><strong>alium</strong></span> <span class='ocrx_word' id='word_1_368' title='bbox 1136 3845 1262 3897; x_wconf 91' lang='lat' dir='ltr'><strong>sensum,</strong></span> <span class='ocrx_word' id='word_1_369' title='bbox 1297 3845 1354 3903; x_wconf 92' lang='lat' dir='ltr'><strong>quo</strong></span> 
     </span>
     <span class='ocr_line' id='line_1_41' title="bbox 114 3913 1353 3998; baseline 0 -28"><span class='ocrx_word' id='word_1_370' title='bbox 114 3915 286 3976; x_wconf 78' lang='lat' dir='ltr'><strong>vocabulum</strong></span> <span class='ocrx_word' id='word_1_371' title='bbox 319 3923 568 3998; x_wconf 80' lang='lat' dir='ltr'><strong>operationis</strong></span> <span class='ocrx_word' id='word_1_372' title='bbox 602 3934 629 3979; x_wconf 90' lang='lat' dir='ltr'><strong>et</strong></span> <span class='ocrx_word' id='word_1_373' title='bbox 660 3924 864 3998; x_wconf 88' lang='lat' dir='ltr'><strong>operationum</strong></span> <span class='ocrx_word' id='word_1_374' title='bbox 899 3937 1078 3977; x_wconf 89' lang='lat' dir='ltr'><strong>numerus</strong></span> <span class='ocrx_word' id='word_1_375' title='bbox 1113 3913 1209 3990; x_wconf 91' lang='lat' dir='ltr'><strong>accipi</strong></span> <span class='ocrx_word' id='word_1_376' title='bbox 1243 3924 1353 3990; x_wconf 88' lang='lat' dir='ltr'><strong>posset:</strong></span> 
     </span>
     <span class='ocr_line' id='line_1_42' title="bbox 118 3999 1356 4086; baseline -0.003 -26"><span class='ocrx_word' id='word_1_377' title='bbox 118 4001 238 4070; x_wconf 78' lang='lat' dir='ltr'><strong>,l&#39;trum</strong></span> <span class='ocrx_word' id='word_1_378' title='bbox 269 4019 367 4064; x_wconf 89' lang='lat' dir='ltr'><strong>autem</strong></span> <span class='ocrx_word' id='word_1_379' title='bbox 402 4022 563 4086; x_wconf 87' lang='lat' dir='ltr'><strong>propter</strong></span> <span class='ocrx_word' id='word_1_380' title='bbox 596 4029 713 4086; x_wconf 88' lang='lat' dir='ltr'><strong>opera</strong></span> <span class='ocrx_word' id='word_1_381' title='bbox 747 4006 988 4070; x_wconf 79' lang='lat' dir='ltr'><strong>divinitatis</strong></span> <span class='ocrx_word' id='word_1_382' title='bbox 1022 4013 1050 4060; x_wconf 91' lang='lat' dir='ltr'><strong>et</strong></span> <span class='ocrx_word' id='word_1_383' title='bbox 1084 3999 1356 4059; x_wconf 88' lang='lat' dir='ltr'><strong>humanitatis</strong></span> 
     </span>
     <span class='ocr_line' id='line_1_43' title="bbox 114 4085 1356 4173; baseline -0.002 -29"><span class='ocrx_word' id='word_1_384' title='bbox 114 4109 169 4146; x_wconf 88' lang='lat' dir='ltr'><strong>una</strong></span> <span class='ocrx_word' id='word_1_385' title='bbox 191 4109 229 4148; x_wconf 90' lang='lat' dir='ltr'><strong>an</strong></span> <span class='ocrx_word' id='word_1_386' title='bbox 252 4095 387 4166; x_wconf 77' lang='lat' dir='ltr'><strong>geminae</strong></span> <span class='ocrx_word' id='word_1_387' title='bbox 410 4098 595 4173; x_wconf 69' lang='lat' dir='ltr'><strong>operationes</strong></span> <span class='ocrx_word' id='word_1_388' title='bbox 617 4095 744 4153; x_wconf 85' lang='lat' dir='ltr'><strong>debeant</strong></span> <span class='ocrx_word' id='word_1_389' title='bbox 768 4094 920 4150; x_wconf 85' lang='lat' dir='ltr'><strong>derivatae</strong></span> <span class='ocrx_word' id='word_1_390' title='bbox 943 4091 1002 4148; x_wconf 88' lang='lat' dir='ltr'><strong>diei</strong></span> <span class='ocrx_word' id='word_1_391' title='bbox 1021 4089 1068 4146; x_wconf 87' lang='lat' dir='ltr'><strong>vel</strong></span> <span class='ocrx_word' id='word_1_392' title='bbox 1086 4087 1222 4164; x_wconf 85' lang='lat' dir='ltr'><strong>intelligi,</strong></span> <span class='ocrx_word' id='word_1_393' title='bbox 1247 4085 1285 4144; x_wconf 90' lang='lat' dir='ltr'><strong>ad</strong></span> <span class='ocrx_word' id='word_1_394' title='bbox 1302 4106 1356 4143; x_wconf 86' lang='lat' dir='ltr'><strong>nes</strong></span> 
     </span>
     <span class='ocr_line' id='line_1_44' title="bbox 114 4173 1353 4260; baseline -0.002 -29"><span class='ocrx_word' id='word_1_395' title='bbox 114 4177 167 4233; x_wconf 81' lang='lat' dir='ltr'><strong>ista</strong></span> <span class='ocrx_word' id='word_1_396' title='bbox 190 4181 337 4255; x_wconf 86' lang='lat' dir='ltr'><strong>pertinere</strong></span> <span class='ocrx_word' id='word_1_397' title='bbox 361 4203 420 4239; x_wconf 92' lang='lat' dir='ltr'><strong>nou</strong></span> <span class='ocrx_word' id='word_1_398' title='bbox 443 4182 560 4245; x_wconf 75' lang='lat' dir='ltr'><strong>dehent,</strong></span> <span class='ocrx_word' id='word_1_399' title='bbox 585 4183 784 4260; x_wconf 84' lang='lat' dir='ltr'><strong>relinquentes</strong></span> <span class='ocrx_word' id='word_1_400' title='bbox 801 4201 836 4238; x_wconf 90' lang='lat' dir='ltr'><strong>ea</strong></span> <span class='ocrx_word' id='word_1_401' title='bbox 859 4179 1067 4255; x_wconf 74' lang='lat' dir='ltr'><strong>grammaticis,</strong></span> <span class='ocrx_word' id='word_1_402' title='bbox 1092 4177 1142 4254; x_wconf 94' lang='lat' dir='ltr'><strong>qui</strong></span> <span class='ocrx_word' id='word_1_403' title='bbox 1166 4173 1262 4232; x_wconf 88' lang='lat' dir='ltr'><strong>solent</strong></span> <span class='ocrx_word' id='word_1_404' title='bbox 1285 4193 1353 4250; x_wconf 90' lang='lat' dir='ltr'><strong>par-</strong></span> 
     </span>
     <span class='ocr_line' id='line_1_45' title="bbox 112 4263 892 4344; baseline 0.006 -26"><span class='ocrx_word' id='word_1_405' title='bbox 112 4263 184 4321; x_wconf 86' lang='lat' dir='ltr'><strong>vulis</strong></span> <span class='ocrx_word' id='word_1_406' title='bbox 207 4270 355 4344; x_wconf 84' lang='lat' dir='ltr'><strong>exquisita</strong></span> <span class='ocrx_word' id='word_1_407' title='bbox 378 4268 541 4328; x_wconf 77' lang='lat' dir='ltr'><strong>‹leriraudo</strong></span> <span class='ocrx_word' id='word_1_408' title='bbox 565 4271 685 4328; x_wconf 87' lang='lat' dir='ltr'><strong>nemina</strong></span> <span class='ocrx_word' id='word_1_409' title='bbox 707 4267 892 4326; x_wconf 52' lang='lat' dir='ltr'><strong>venditaret</strong></span> 
     </span>
    </p>

    <p class='ocr_par' dir='ltr' id='par_1_8' title="bbox 115 4345 1357 4690">
     <span class='ocr_line' id='line_1_46' title="bbox 213 4345 1353 4427; baseline -0.008 -18"><span class='ocrx_word' id='word_1_410' title='bbox 213 4352 340 4412; x_wconf 84' lang='lat' dir='ltr'><strong>Locutus</strong></span> <span class='ocrx_word' id='word_1_411' title='bbox 362 4367 425 4414; x_wconf 85' lang='lat' dir='ltr'><strong>erat</strong></span> <span class='ocrx_word' id='word_1_412' title='bbox 449 4357 618 4416; x_wconf 88' lang='lat' dir='ltr'><strong>immediate</strong></span> <span class='ocrx_word' id='word_1_413' title='bbox 642 4368 710 4414; x_wconf 89' lang='lat' dir='ltr'><strong>ante</strong></span> <span class='ocrx_word' id='word_1_414' title='bbox 733 4355 770 4414; x_wconf 88' lang='lat' dir='ltr'><strong>de</strong></span> <span class='ocrx_word' id='word_1_415' title='bbox 794 4376 864 4412; x_wconf 91' lang='lat' dir='ltr'><strong>nno</strong></span> <span class='ocrx_word' id='word_1_416' title='bbox 890 4352 1016 4420; x_wconf 86' lang='lat' dir='ltr'><strong>Christo,</strong></span> <span class='ocrx_word' id='word_1_417' title='bbox 1041 4355 1180 4427; x_wconf 87' lang='lat' dir='ltr'><strong>operante</strong></span> <span class='ocrx_word' id='word_1_418' title='bbox 1204 4345 1309 4404; x_wconf 87' lang='lat' dir='ltr'><strong>divina</strong></span> <span class='ocrx_word' id='word_1_419' title='bbox 1325 4357 1353 4400; x_wconf 89' lang='lat' dir='ltr'><strong>et</strong></span> 
     </span>
     <span class='ocr_line' id='line_1_47' title="bbox 116 4429 1353 4522; baseline -0.005 -30"><span class='ocrx_word' id='word_1_420' title='bbox 116 4437 247 4497; x_wconf 88' lang='lat' dir='ltr'><strong>humana.</strong></span> <span class='ocrx_word' id='word_1_421' title='bbox 270 4441 385 4516; x_wconf 75' lang='lat' dir='ltr'><strong>Quodsi</strong></span> <span class='ocrx_word' id='word_1_422' title='bbox 408 4446 473 4522; x_wconf 87' lang='lat' dir='ltr'><strong>quis</strong></span> <span class='ocrx_word' id='word_1_423' title='bbox 497 4443 628 4502; x_wconf 86' lang='lat' dir='ltr'><strong>obiter</strong></span> <span class='ocrx_word' id='word_1_424' title='bbox 651 4455 764 4502; x_wconf 85' lang='lat' dir='ltr'><strong>tanturn</strong></span> <span class='ocrx_word' id='word_1_425' title='bbox 787 4441 878 4500; x_wconf 88' lang='lat' dir='ltr'><strong>verba</strong></span> <span class='ocrx_word' id='word_1_426' title='bbox 901 4439 992 4497; x_wconf 86' lang='lat' dir='ltr'><strong>allata</strong></span> <span class='ocrx_word' id='word_1_427' title='bbox 1016 4435 1189 4504; x_wconf 79' lang='lat' dir='ltr'><strong>considerat,</strong></span> <span class='ocrx_word' id='word_1_428' title='bbox 1214 4435 1241 4490; x_wconf 92' lang='lat' dir='ltr'><strong>ei</strong></span> <span class='ocrx_word' id='word_1_429' title='bbox 1257 4429 1353 4488; x_wconf 83' lang='lat' dir='ltr'><strong>videri</strong></span> 
     </span>
     <span class='ocr_line' id='line_1_48' title="bbox 115 4519 1357 4609; baseline -0.005 -29"><span class='ocrx_word' id='word_1_430' title='bbox 115 4535 215 4600; x_wconf 83' lang='lat' dir='ltr'><strong>posset,</strong></span> <span class='ocrx_word' id='word_1_431' title='bbox 240 4527 404 4588; x_wconf 90' lang='lat' dir='ltr'><strong>lionorium</strong></span> <span class='ocrx_word' id='word_1_432' title='bbox 428 4531 508 4609; x_wconf 89' lang='lat' dir='ltr'><strong>loqui</strong></span> <span class='ocrx_word' id='word_1_433' title='bbox 536 4532 782 4609; x_wconf 85' lang='lat' dir='ltr'><strong>simpliciter</strong></span> <span class='ocrx_word' id='word_1_434' title='bbox 813 4529 850 4586; x_wconf 94' lang='lat' dir='ltr'><strong>de</strong></span> <span class='ocrx_word' id='word_1_435' title='bbox 874 4523 1092 4604; x_wconf 82' lang='lat' dir='ltr'><strong>operationibus</strong></span> <span class='ocrx_word' id='word_1_436' title='bbox 1127 4519 1291 4590; x_wconf 85' lang='lat' dir='ltr'><strong>divinis,</strong></span> <span class='ocrx_word' id='word_1_437' title='bbox 1326 4529 1357 4574; x_wconf 92' lang='lat' dir='ltr'><strong>ut</strong></span> 
     </span>
     <span class='ocr_line' id='line_1_49' title="bbox 117 4603 1357 4690; baseline -0.001 -23"><span class='ocrx_word' id='word_1_438' title='bbox 117 4623 158 4667; x_wconf 84' lang='lat' dir='ltr'><strong>est</strong></span> <span class='ocrx_word' id='word_1_439' title='bbox 179 4635 203 4669; x_wconf 85' lang='lat' dir='ltr'><strong>e.</strong></span> <span class='ocrx_word' id='word_1_440' title='bbox 226 4635 253 4688; x_wconf 79' lang='lat' dir='ltr'><strong>g.</strong></span> <span class='ocrx_word' id='word_1_441' title='bbox 277 4619 386 4674; x_wconf 88' lang='lat' dir='ltr'><strong>creatio</strong></span> <span class='ocrx_word' id='word_1_442' title='bbox 410 4617 511 4676; x_wconf 89' lang='lat' dir='ltr'><strong>mnndi</strong></span> <span class='ocrx_word' id='word_1_443' title='bbox 536 4632 564 4676; x_wconf 91' lang='lat' dir='ltr'><strong>et</strong></span> <span class='ocrx_word' id='word_1_444' title='bbox 588 4618 773 4676; x_wconf 85' lang='lat' dir='ltr'><strong>conservatio</strong></span> <span class='ocrx_word' id='word_1_445' title='bbox 790 4649 831 4658; x_wconf 86' lang='lat'>-</span> <span class='ocrx_word' id='word_1_446' title='bbox 859 4633 965 4690; x_wconf 81' lang='lat' dir='ltr'><strong>,opera</strong></span> <span class='ocrx_word' id='word_1_447' title='bbox 988 4609 1173 4668; x_wconf 85' lang='lat' dir='ltr'><strong>divinitatis“</strong></span> <span class='ocrx_word' id='word_1_448' title='bbox 1204 4639 1242 4648; x_wconf 88' lang='lat'>—</span> <span class='ocrx_word' id='word_1_449' title='bbox 1267 4612 1295 4662; x_wconf 79' lang='lat' dir='ltr'><strong>ci</strong></span> <span class='ocrx_word' id='word_1_450' title='bbox 1320 4603 1357 4660; x_wconf 72' lang='lat' dir='ltr'><strong>dc</strong></span> 
     </span>
    </p>
   </div>
   <div class='ocr_carea' id='block_1_4' title="bbox 0 0 1748 5342">
    <p class='ocr_par' dir='ltr' id='par_1_9' title="bbox 0 0 1748 5342">
     <span class='ocr_line' id='line_1_50' title="bbox 0 0 1748 5342; baseline 0 0"><span class='ocrx_word' id='word_1_451' title='bbox 0 0 1748 5342; x_wconf 95' lang='lat' dir='ltr'><strong> </strong></span> 
     </span>
    </p>
   </div>
  </div>
 </body>
</html>
