3450 5342
652 381 694 390 -
719 351 781 401 &lilii
804 357 847 388 ’-

126 604 128 607 Ι
236 533 374 599 Theologi
394 533 424 586 in
442 532 525 586 libris
543 533 729 586 manualibus
747 533 916 601 plerumque
935 534 1027 600 primo
1044 536 1080 586 111
1093 533 1239 603 theologia
1253 533 1377 600 simplici

116 606 273 671 rbso‘xoqiu
292 601 376 668 ἁπλῆ)
396 603 413 654 1.
433 619 456 654 e.
470 603 530 656 Deo
542 617 599 654 uno
611 603 771 670 (essentia),
790 604 866 655 trino
879 607 1008 657 creatore
1020 607 1050 657 et
1062 605 1263 656 conservatore
1277 604 1377 656 mundi

118 676 267 739 tractant,
291 672 359 726 dein
383 671 561 740 theologiam
580 671 683 725 salutis
704 671 846 741 (11111111
864 671 1026 739 οἰκονομική)
1053 689 1103 724 111
1123 671 1159 725 de
1178 672 1316 739 mysterio
1335 689 1379 726 re·

119 741 308 810 demptionis
332 745 502 808 proponunt.
534 740 620 808 (Opyt
644 742 875 810 pravasiavnago
900 741 1161 810 dogmatideskago
1178 742 1378 810 ‘hogoslovijrq

119 817 248 868 auctore
272 813 408 878 episcopo
431 811 593 864 Sil‘vestr
617 811 643 864 2.
661 813 716 864 rol.
735 812 759 863 3.
778 811 824 864 ed.
844 811 920 864 1892.
939 811 1094 880 Theologie
1113 811 1280 878 orthodoxe,
1299 811 1331 864 11.
1352 829 1377 878 p.

118 885 169 950 30,
199 883 230 936 ili
240 898 257 934 a
268 898 281 932 c
292 897 310 934 a
320 881 354 932 ri
364 880 381 932 i.
405 881 549 947 ‘Opalcqtoe
572 880 757 945 Κριτοπούλου,
784 881 803 934 1.
828 879 856 948 p.
882 881 933 934 187
957 883 1066 936 editore
1090 881 1119 932 bl
1129 881 1137 933 i
1149 897 1164 932 c
1175 881 1192 932 11
1203 896 1221 934 a
1232 883 1239 932 l
1251 897 1265 932 c
1276 897 1292 933 e
1302 895 1316 932 s
1326 897 1340 933 c
1351 897 1379 935 1.

122 953 261 1016 Photius,
279 951 335 1015 111,
354 966 380 1016 p.
399 949 448 1003 181
470 952 585 1002 auctore
603 950 630 1004 H
638 949 903 1018 ergenrtither.)

237 1022 261 1072 1.
280 1021 327 1072 De
342 1020 412 1072 ileo
430 1033 498 1072 uno
516 1020 546 1072 in
559 1020 687 1074 essentia
700 1036 761 1072 sua.
779 1021 882 1073 Nullus
893 1021 1057 1073 intellectus
1069 1021 1183 1072 creatus
1196 1021 1292 1086 potest
1301 1035 1379 1072 com·

123 1091 311 1160 prehendere
329 1089 487 1142 essentiam
499 1089 643 1156 Divinam,
661 1106 726 1142 cum
738 1091 819 1142 nulla
837 1089 876 1142 sit
889 1089 1066 1156 comparatio
1085 1089 1160 1142 inter
1171 1105 1236 1141 esse
1249 1091 1377 1142 creatum

121 1166 158 1214 et
179 1161 349 1214 increatum.
368 1159 481 1224 (Petrus
499 1159 633 1226 bicellus,
652 1160 670 1211 1.
684 1162 757 1226 part.
767 1159 793 1212 8.
811 1162 922 1225 quaest.
940 1159 1140 1226 Michalcescu,
1160 1175 1186 1225 p.
1197 1157 1251 1224 31).
1269 1159 1377 1212 Tamen

126 1231 262 1296 aliquam
280 1227 474 1294 cognitionem
493 1244 529 1280 ex
542 1201 650 1294 duplici
669 1229 755 1293 fonte,
774 1230 885 1282 ratione
904 1245 937 1282 ac
949 1229 1134 1294 revelatione,
1152 1243 1253 1282 omnes
1272 1227 1378 1282 admit-

125 1303 205 1353 tunt.
231 1327 264 1335 -
289 1299 362 1351 Dein
381 1297 536 1350 existentia
554 1297 607 1350 Dei
632 1300 776 1365 probatur.
805 1299 862 1352 Sed
886 1313 943 1352 non
962 1297 1127 1364 adaequant
1151 1297 1377 1364 prolanditatem

127 1387 163 1422 ac
184 1368 364 1422 certudinem
384 1367 500 1420 scholae
525 1367 570 1430 (cf.
590 1367 826 1436 Georgiades.
852 1369 1022 1436 Πραγματεία
1040 1371 1098 1430 napi
1116 1373 1162 1432 rig
1182 1368 1315 1431 ὑπάρξεως
1333 1371 1378 1418 τοῦ

126 1441 200 1490 θεοῦ
225 1442 253 1490 ἐν
271 1439 341 1504 γένει
359 1435 502 1502 Athenis.)
528 1437 661 1504 inprimis
685 1439 890 1505 argumentum
909 1437 1110 1504 teleologicum
1135 1435 1234 1505 magni
1260 1435 1377 1490 iaciunt.

128 1509 317 1572 (Akriiouov,
336 1506 726 1574 Clisikoteleologideslrom
745 1506 1192 1574 (10111111111111111111180ὶί11.
1211 1507 1249 1560 st.
1265 1506 1377 1558 Peterb.
1411 1551 1414 1558 .

128 1577 310 1642 1905111111
329 1590 450 1642 quoque,
478 1577 527 1642 qui
546 1578 748 1643 argumentum
767 1577 963 1644 catologicum
989 1577 1111 1642 multum
1130 1577 1263 1628 tractent.
1289 1575 1378 1628 Zilros

128 1647 235 1701 Rossis
263 1644 307 1712 (in
334 1645 461 1714 dogmat.
493 1661 545 1698 sua
570 1660 597 1711 p.
621 1645 682 1711 176)
709 1648 826 1712 propter
848 1647 1003 1699 transitum
1034 1647 1070 1698 ab
1099 1645 1199 1698 ordine
1224 1644 1312 1698 ideali
1340 1645 1378 1698 ad

127 1715 328 1784 ontologicum
346 1714 558 1780 (exsistentiae)
583 1714 655 1768 illud
672 1715 762 1768 reicit.
790 1715 945 1769 Conferant
973 1719 1177 1784 argumentum
1201 1731 1222 1766 s.
1248 1714 1377 1768 Auscimi

128 1803 199 1840 cum
211 1785 286 1838 ideis
297 1785 457 1850 Descartes,
470 1784 600 1852 Spinoaa,
612 1783 727 1837 Kantet
739 1785 846 1838 Fichte.
866 1785 962 1837 illinus
976 1784 1174 1850 quaestionem
1188 1784 1224 1836 de
1238 1785 1379 1849 conceptu

129 1855 278 1909 essentiae
293 1854 350 1906 div.
370 1858 479 1906 curant.
500 1853 564 1920 lpse
581 1853 703 1922 liakarij
725 1870 833 1919 „vanas
852 1855 881 1907 et
899 1854 1016 1906 Inutiles
1036 1853 1247 1920 disputationes
1266 1852 1379 1905 schola·

130 1925 239 1978 sticas“
258 1923 416 1976 haedere
435 1921 587 1988 vituperat.
607 1923 648 1976 De
666 1925 815 1977 attributis
833 1923 942 1977 divinis
961 1923 1104 1990 copiosius
1124 1925 1256 1977 tractant.
1276 1921 1379 1974 blake-

130 1997 166 2064 rij
188 1993 329 2048 attributa
356 1992 474 2045 dividit:
502 1992 525 2045 1.
544 2008 618 2058 quae
643 1995 776 2060 spectant
802 1993 958 2046 essentiam
981 1992 1110 2046 divinam
1135 1991 1297 2061 generatim
1317 1991 1334 2044 i.
1353 2009 1377 2042 e.

130 2081 207 2130 esse,
234 2063 397 2130 intelligere
421 2068 450 2114 et
468 2061 542 2113 veile
567 2064 662 2116 simul.
686 2063 711 2114 2.
730 2078 804 2127 quae
823 2064 957 2128 spectant
978 2063 1179 2115 tantummodo
1198 2062 1377 2114 intellectum

130 2136 190 2187 div.
204 2133 229 2186 3.
242 2148 316 2199 quae
329 2131 366 2184 ad
379 2132 471 2184 solam
485 2133 663 2184 voluntatem
683 2131 740 2184 div.
756 2133 902 2198 pertinent
919 2131 976 2198 (op.
991 2131 1037 2184 cit.
1056 2131 1098 2198 ΙΙ.,
1117 2147 1143 2197 p.
1157 2129 1225 2198 1283
1244 2129 1378 2182 similiter

129 2205 264 2256 Sil'vestr
289 2218 335 2268 op.
353 2202 400 2254 cit.
419 2199 454 2266 ἐξ
472 2199 583 2252 58-62.
610 2202 737 2266 Uterque
756 2203 855 2254 auctor
874 2201 950 2254 recte
969 2202 1061 2268 docet,
1080 2201 1144 2268 ipsa
1163 2199 1302 2253 attributa
1320 2215 1377 2252 non

132 2273 251 2326 realiter
268 2270 409 2337 distingui
427 2271 465 2322 ab
478 2270 606 2324 essentia
622 2270 730 2334 divina,
749 2270 801 2323 sed
821 2271 850 2324 11
859 2286 895 2323 ea
914 2271 1006 2324 solnm
1020 2269 1241 2324 fundamentum
1260 2267 1378 2322 distinc-

130 2343 230 2408 tionis,
257 2356 344 2406 quam
363 2340 454 2393 nostri
472 2343 628 2405 conceptus
647 2339 794 2406 exhibent,
819 2340 950 2393 inveniri.
970 2339 1178 2406 Hesychastae.
1202 2341 1234 2392 ul
1250 2339 1377 2392 ostendit

131 2411 290 2479 Gregorius
306 2411 451 2467 Palamas,
475 2411 549 2463 falso
567 2411 738 2473 statuerunt,
757 2410 899 2463 attributa
916 2410 1016 2462 divina
1035 2409 1071 2462 ab
1091 2409 1154 2478 ipsa
1173 2408 1301 2461 essentia
1320 2408 1377 2460 div.

131 2487 162 2534 et
181 2483 255 2534 inter
265 2496 296 2533 se
309 2479 450 2546 distingui
463 2495 627 2545 eaqueesse
643 2479 785 2532 inferioris
794 2479 903 2532 ordinis
923 2479 1102 2546 (Uspenskij,
1112 2478 1215 2532 Oderki
1234 2494 1271 2544 po
1285 2477 1377 2530 istorii

132 2549 587 2617 1111111110]011111011110111.
610 2549 764 2614 Petropoli,
790 2548 866 2615 1891,
890 2565 937 2614 pp.
956 2547 1111 2612 246-3653
1141 2548 1228 2614 Stein,
1256 2547 1377 2600 Studien

133 2623 205 2672 iiber
222 2621 268 2672 die
279 2619 478 2685 Hesychasten
497 2619 549 2671 des
563 2619 714 2671 11111111.
725 2619 863 2684 Viennae,
883 2615 951 2670 1813
969 2615 1043 2682 etc).
1053 2647 1086 2654 -
1097 2616 1125 2672 Si
1139 2617 1250 2670 confers
1269 2618 1377 2668 utram-

135 2706 190 2756 que
202 2689 392 2753 lheodiceam,
410 2688 544 2742 Latinam
563 2688 758 2753 cumGraeca,
777 2703 916 2756 magnum
929 2687 1227 2754 apparetdiscrimen.
1246 2701 1302 2738 non
1316 2689 1376 2738 111111

133 2759 229 2824 quoad
251 2757 457 2822 conclusiones,
485 2774 559 2822 cquae
585 2758 613 2809 in
638 2759 725 2809 rebus
753 2757 821 2809 fidoi
848 2761 917 2810 suut
943 2756 1072 2822 eaedem,
1100 2757 1150 2810 sed
1177 2756 1205 2808 in
1231 2756 1375 2807 methodo.

131 2829 317 2895 Scholastica,
342 2827 442 2880 innixa
460 2827 643 2893 philosophia
662 2825 855 2892 Aristotelica,
883 2828 996 2880 culmen
1017 2825 1223 2891 speculationis
1243 2823 1374 2877 ascendit

132 2900 210 2964 (esse
228 2897 408 2978 contingens,
435 2904 519 2949 aelus
542 2912 631 2962 purus
649 2897 733 2960 atel,
761 2896 799 2948 ab
818 2897 873 2948 hac
892 2896 1072 2948 sublimitate
1091 2899 1120 2948 et
1139 2895 1271 2948 claritate
1291 2895 1375 2958 longe

132 2967 221 3021 distat
241 2967 393 3020 theodrcea
411 2967 529 3025 Graeca,
548 2966 607 3018 fere
626 2965 709 3018 unice
727 2965 861 3018 Patribus
881 2967 1024 3018 contenta.

235 3037 261 3088 3.
282 3038 323 3088 lle
341 3037 478 3104 dogmate
497 3053 541 3088 ss.
559 3034 772 3087 Trinitatis:
790 3035 887 3088 Etiam
908 3035 936 3086 in
950 3034 1035 3088 huius
1049 3034 1187 3087 materiae
1202 3033 1376 3087 tractatione

133 3107 314 3160 desideratur
332 3121 400 3172 pars
419 3105 606 3171 speculativa,
625 3103 754 3157 abundat
773 3104 906 3170 positiva.
928 3105 1050 3157 Multum
1070 3105 1230 3158 inculcatur·
1248 3109 1276 3155 et
1295 3119 1377 3170 prae·
1449 3141 1455 3166 ,

132 3176 262 3229 tenditur
275 3189 361 3240 quam
375 3175 577 3227 inaccessibile
590 3174 627 3226 sit
646 3174 699 3226 boc
710 3174 880 3239 mysterium
898 3173 1057 3228 intellectui
1068 3175 1195 3226 humano
1205 3173 1376 3240 pracsertim

134 3247 164 3298 in
177 3244 394 3310 quaestionibus
414 3244 457 3310 iis,
477 3259 550 3310 quae
568 3246 661 3312 agunt
679 3243 811 3296 domodo
851 3243 1026 3296 enerationis
1041 3245 1087 3296 vel
1101 3243 1302 3310 processionis,
1322 3257 1377 3308 quo

135 3330 272 3381 personae
282 3314 398 3366 divinae
417 3314 589 3366 abinvicem
603 3313 748 3378 differunt,
765 3313 814 3365 ubi
825 3260 921 3367 {atini
931 3313 1054 3366 Graecos
1068 3314 1194 3366 maxime
1204 3311 1378 3364 convincunt

135 3384 296 3451 (Macarius,
321 3399 347 3450 p.
366 3384 427 3448 3113
448 3383 671 3448 Hergenrbther,
697 3383 824 3448 i'hotius,
847 3399 874 3449 p.
893 3381 957 3448 391;
983 3382 1129 3436 Confessio
1149 3383 1224 3435 Petri
1245 3381 1377 3448 llogllae,

135 3463 154 3506 t.
173 3455 200 3516 1.,
219 3454 264 3517 12;
281 3453 496 3520 lhlichalcescu,
514 3451 596 3520 11331
615 3452 724 3518 Rossis,
743 3467 770 3518 p.
779 3452 839 3504 248.
852 3452 923 3520 249;
942 3453 976 3505 cf.
989 3453 1078 3505 libros
1091 3452 1271 3517 dogmaticos
1291 3464 1377 3514 supra

135 3521 257 3588 citatos).
285 3523 367 3590 Quod
385 3530 498 3589 partem
517 3521 672 3588 positivam
692 3520 708 3573 i.
730 3538 754 3574 e.
776 3522 957 3588 patristicam
976 3522 1088 3586 attinet,
1117 3521 1217 3574 Graeci
1236 3533 1376 3584 magnum

135 3595 301 3646 thesaurum
314 3593 471 3660 possident.
491 3593 549 3643 Nec
560 3592 676 3648 mirum.
695 3606 760 3642 curn
770 3592 908 3644 haereses
921 3595 1020 3644 contra
1033 3591 1202 3643 Trinitatem
1223 3591 1251 3640 in
1261 3588 1377 3642 Oriente

136 3663 235 3728 primis
255 3661 378 3714 saeculis
396 3669 512 3714 exortae
531 3666 559 3713 et
578 3661 617 3713 ibi
638 3660 778 3712 refutatae
797 3662 864 3713 sint.
892 3661 947 3714 Sed
967 3667 1066 3714 carent
1089 3660 1225 3712 methodo
1250 3657 1376 3724 <quadam

135 3731 319 3797 systematica
337 3731 567 3796 nequemodum.
586 3744 641 3795 quo
661 3731 713 3782 hoc
727 3731 896 3796 mysterium
915 3729 1230 3794 aiiatinisconeipitnr,
1250 3741 1314 3778 cnm
1326 3741 1378 3778 suo

136 3803 270 3854 thesauro
281 3801 430 3854 conferunt
448 3800 616 3868 (Regncn,
636 3788 744 3852 Studes
757 3801 794 3852 de
803 3799 951 3867 theologie
970 3799 1092 3864 positive
1102 3815 1152 3852 snr
1171 3801 1197 3850 la
1211 3795 1378 3850 Sainte'iri-

136 3871 201 3939 nile,
218 3871 236 3924 4
253 3873 308 3924 vol.
328 3869 429 3934 Paris).
449 3871 480 3921 in
500 3870 581 3922 libris
598 3869 770 3937 theologicis
789 3869 878 3921 etiam
897 3867 1087 3934 amplissimis
1106 3871 1248 3920 tractatus
1268 3883 1304 3918 ss.
1317 3866 1378 3918 Tri-

135 3941 234 3993 nitatis
252 3941 290 3992 acl
308 3940 325 3992 3
344 3941 528 4006 quaestiones
547 3939 709 3991 reducitur:
734 3939 757 3991 1.
787 3939 828 3990 De
845 3937 986 3992 Trinitate.
1005 3952 1191 4001 personarum
1218 3936 1247 3988 in
1266 3935 1378 3987 unitate.

136 4008 285 4062 essentiae.
312 4011 337 4061 2.
362 4010 532 4074 Aequalitas
557 4012 583 4061 et
611 4007 900 4061 consubstantialitas
924 4022 1112 4073 personarum
1141 4007 1165 4058 3.
1190 4005 1377 4058 Differentiae

137 4094 321 4144 personarum
340 4079 421 4133 iuxta
434 4079 615 4132 characteres
629 4077 823 4130 individuales
843 4076 1007 4143 (Macarius.
1023 4092 1049 4141 p.
1060 4073 1130 4140 197).
1150 4073 1379 4142 Contemplando

138 4149 273 4201 mundum
292 4151 420 4201 creatum
439 4153 526 4213 atque
544 4147 688 4199 studendo
702 4150 820 4200 nostrae
837 4148 968 4212 naturae,
987 4148 1114 4212 aliquam
1134 4151 1245 4212 partem
1264 4145 1322 4197 veli
1343 4145 1379 4198 ab

137 4218 188 4269 hoc
206 4219 343 4284 mysterio
362 4219 508 4271 retrahere
521 4231 674 4284 possumus
692 4232 816 4270 necnon
836 4233 887 4282 per
899 4217 1064 4284 analogiam
1084 4217 1122 4268 ad
1135 4217 1263 4281 aliquam
1284 4214 1380 4282 cogni·

136 4287 242 4340 tionem
266 4286 396 4353 mysterii
420 4287 571 4354 pervenire
596 4285 745 4350 (81111111,
770 4286 811 4343 11..
835 4284 852 4351 θ
875 4285 1020 4344 116-1411,
1045 4301 1091 4352 pp.
1116 4284 1274 4348 ouo-619).
1302 4287 1380 4351 Quae

138 4360 201 4409 suut
228 4355 286 4410 lixa
311 4358 347 4409 de
370 4358 482 4409 unitate
510 4355 690 4408 substantiae
715 4354 862 4422 (bpcoocla)
882 4356 910 4406 in
937 4356 1029 4408 tribus
1048 4356 1236 4408 subsistentiir
1265 4353 1380 4420 proprisi

137 4426 297 4491 (προσωπικὴ
324 4426 471 4488 ὑπόστασις)
500 4424 645 4477 distinctis
673 4424 805 4490 personis
835 4423 910 4491 (11111
939 4423 1085 4487 πρόσωπον)
1115 4429 1143 4476 et
1172 4439 1249 4488 vera,
1277 4423 1379 4475 horum

138 4495 268 4548 meritum
288 4500 333 4549 est
351 4495 495 4562 imprimis
513 4508 601 4560 penes
625 4510 647 4545 s.
665 4494 858 4547 Athanasium
879 4499 907 4547 et
926 4509 1049 4558 magnos
1068 4494 1254 4560 Cappadoces
1274 4492 1378 4557 (Holl,

137 4565 352 4631 Amphilochius
370 4564 541 4617 1111011111
562 4563 589 4614 in
601 4565 711 4615 seinem
721 4564 889 4616 Verhiiitnis
909 4579 941 4614 zn
955 4563 1010 4614 den
1032 4563 1139 4628 gretien
1152 4563 1378 4628 Knppodocicrn,

135 4634 282 4700 Tilbiugen
302 4633 370 4688 1905
388 4632 453 4695 etc.)
491 4632 679 4700 Quaestiones
698 4633 734 4684 de
758 4633 934 4698 perichoresi
961 4637 989 4684 ct
1014 4633 1049 4683 de
1075 4633 1214 4684 missione
1239 4647 1295 4684 non
1322 4632 1377 4683 nisi

137 4703 335 4756 secundarium
354 4709 495 4770 occupant
515 4703 616 4753 locum.
