3450 5342
208 658 234 713 si
257 656 401 735 placebat,
426 658 603 735 receptionis
628 661 677 715 via
701 656 938 737 acceptabantur.
963 660 991 715 A
1015 658 1170 721 t'omarodi
1202 671 1299 717 antem
1324 672 1456 739 tempore

208 744 324 823 synodi,
347 763 412 801 cum
436 746 529 802 maior
551 747 582 801 in
598 742 663 801 dies
681 748 842 803 necessitas
864 744 896 801 id
920 748 1030 821 exigat,
1053 743 1214 804 crebriores
1239 746 1322 805 liant.

315 832 394 889 Dein
426 830 556 909 synodos
587 850 662 889 saec.
686 826 744 891 ll.⁰
766 843 794 891 et
821 828 894 893 lll.⁰
917 845 1050 909 peractas
1073 842 1191 891 enarrat
1220 835 1260 910 (p.
1287 835 1347 891 149
1372 834 1459 912 sqq),

208 938 289 995 quas,
312 937 377 975 cam
401 920 432 975 in
455 918 695 995 principaliorem
719 918 821 977 urbem
837 932 1076 979 convocarentur.
1100 928 1162 977 tum
1185 930 1319 979 centrum
1337 922 1455 979 unionis

211 1007 308 1073 t'uissc,
332 1021 392 1062 tum
416 1001 468 1065 roi·
491 1006 620 1083 πρώτου
645 1006 816 1067 ἐπισκόπου
841 1007 1046 1063 auctoritatem
1070 1009 1197 1077 auxisse,
1221 1026 1258 1065 ex
1275 1006 1456 1085 synodorum

212 1092 335 1151 lristoria
358 1092 495 1151 ostendit.
519 1096 630 1151 Contra
662 1092 767 1151 Het'ele
796 1114 846 1169 per
871 1094 915 1149 las
938 1104 968 1149 et
992 1094 1075 1151 natas
1103 1092 1306 1152 demonstrare
1338 1107 1461 1153 conatur

212 1176 335 1257 synodis
366 1179 405 1235 ll.
428 1192 457 1235 et
481 1178 536 1238 ΙΙΙ.
560 1180 669 1237 saeculi
701 1178 836 1237 omnibns
860 1182 949 1237 etiam
980 1180 1119 1257 populum
1156 1180 1334 1247 interfuisse,
1370 1179 1460 1259 idque

213 1284 433 1343 nonnumquam
457 1268 530 1323 miro
553 1264 639 1323 modo
664 1264 785 1343 probare
818 1268 922 1324 nititur
944 1267 984 1343 (p,
1010 1270 1068 1323 tot
1094 1286 1180 1344 sqq),
1212 1268 1403 1327 Dacisionum
1427 1271 1460 1327 in

214 1350 327 1431 synodo
344 1354 485 1409 factarum
505 1354 579 1409 sicut
596 1354 626 1410 in
642 1354 770 1431 episcopi
795 1354 939 1411 electione
955 1353 1062 1430 triplex
1083 1354 1261 1411 elementum
1281 1353 1460 1431 distinguit:

213 1452 245 1507 a]
270 1440 368 1517 populi
398 1460 447 1497 seu
474 1440 543 1497 cleri
570 1442 750 1517 tquaestionis
774 1442 1002 1518 propositionem
1036 1440 1131 1517 deque
1154 1462 1190 1498 ea
1212 1440 1458 1518 disceptationem

211 1528 245 1606 β)
266 1529 466 1605 episcoporum
492 1526 671 1585 decisionem
697 1527 726 1604 pl
752 1528 848 1605 populi
875 1529 1081 1605 receptionem.

316 1612 372 1671 sed
397 1612 468 1691 quid
492 1612 679 1689 significabat
703 1614 754 1671 illa
778 1614 878 1691 populi
902 1616 1030 1692 receptio
1053 1614 1092 1691 (p,
1119 1615 1178 1671 tce
1203 1615 1275 1692 sq.)‘?
1315 1617 1390 1673 Cum
1414 1636 1459 1672 se-

211 1699 337 1758 cundum
370 1712 516 1759 auctorem
549 1700 679 1779 synodus
709 1712 770 1757 tum
803 1702 992 1759 oecumenica
1021 1716 1083 1757 tum
1115 1701 1307 1779 provincialis
1338 1706 1459 1760 nornine

211 1787 322 1845 Christi
355 1787 518 1845 <crearetur
549 1799 589 1858 tat
614 1802 724 1866 quanto
747 1808 812 1845 cum
836 1786 1046 1865 tliscrimiue!!)
1076 1808 1201 1866 cumque
1224 1798 1348 1867 utraque
1371 1809 1457 1846 oecu-

211 1876 357 1933 menicum
373 1874 572 1931 characterem
588 1874 703 1939 lrabeat,
725 1874 836 1933 nullum
849 1873 921 1932 dicit
939 1876 1029 1933 luisse
1044 1874 1204 1933 discrimen
1221 1877 1298 1933 inter
1311 1874 1458 1953 synodum

214 1980 324 2035 aecum.
348 1972 375 2017 et
407 1964 536 2039 proriae.
560 1960 744 2039 eandemque
774 1964 926 2039 utriusque
957 1982 1021 2019 esse
1044 1964 1248 2021 auctoritatem
1273 1962 1321 2039 (ct'.
1346 1983 1371 2039 p.
1399 1965 1461 2019 rto

215 2046 280 2126 sq).
305 2051 377 2105 t'um
403 2068 487 2126 porro
510 2046 671 2105 secundum
692 2050 787 2125 ipsum
805 2049 886 2107 nulla
909 2048 1038 2126 synodus
1056 2046 1190 2124 (restria
1206 2047 1347 2131 conopas)
1363 2059 1462 2107 aucto·

218 2138 333 2192 ritatem
357 2134 511 2192 inridicam
543 2154 629 2211 super
651 2136 806 2193 ecclesiam
831 2134 954 2193 ltalierct
984 2139 1033 2206 (lb.
1066 2134 1133 2193 idco
1156 2134 1281 2213 quilibet
1304 2137 1459 2213 episcopus

219 2222 475 2279 vel-communitas
491 2221 653 2279 christiana
669 2221 776 2301 synodi
792 2220 971 2279 decisionem
989 2224 1119 2299 recipere
1142 2224 1190 2279 vel
1208 2242 1343 2299 respuere
1359 2225 1462 2299 potuit.

219 2310 339 2366 Etenim
366 2328 490 2389 „vopros
512 2330 529 2365 o
552 2319 621 2377 tom,
642 2309 706 2386 Bag
730 2310 752 2366 li
775 2312 890 2385 gororit
914 2312 978 2366 crea
1001 2309 1173 2387 episltopoy,
1198 2308 1275 2367 rasel
1299 2329 1336 2367 ne
1360 2308 1463 2378 sobor‘,

219 2417 255 2453 no
278 2394 459 2470 cerkovrraja
483 2397 635 2473 recepcija.
667 2394 795 2471 tlstjuda
820 2395 942 2470 vsjaltoe
967 2395 1109 2453 sobornoc
1142 2395 1340 2475 opredelenic,
1374 2394 1463 2475 ctoby

217 2472 335 2559 poltiiit‘
359 2482 542 2540 faktideskoe
566 2484 757 2561 primenenie,
782 2482 957 2556 rnrtdaatsja
979 2504 996 2537 v
1014 2482 1172 2559 ccrlrornoj
1198 2484 1322 2560 reccpcii
1348 2482 1465 2541 itol‘ko

216 2568 371 2627 nasltol'ko
395 2592 451 2628 ono
475 2568 545 2648 lrylo
569 2573 805 2647 reccpcirovano,
830 2569 964 2647 poluialo
987 2569 1185 2643 obiaaatel‘uu
1208 2570 1291 2629 silut'

322 2658 412 2714 lnitio
444 2676 529 2715 aerae
553 2656 732 2716 misimianae
756 2658 953 2735 receptionem
986 2657 1137 2734 quaelibet
1158 2659 1354 2715 communitas
1386 2656 1463 2713 elrri-

215 2746 312 2801 stiaua
341 2742 506 2813 exercebat,
531 2778 572 2785 -
596 2754 725 2821 ternpore
756 2754 852 2801 autem
885 2742 1061 2821 procedente
1092 2766 1109 2802 a
1133 2744 1351 2823 principaliori-r
1382 2742 1463 2800 urbis

217 2830 323 2908 populo
347 2840 459 2888 tuntum
483 2830 592 2889 tiebat:
629 2831 693 2888 idco
718 2833 749 2888 in
772 2829 904 2910 qualibet
929 2830 1043 2908 synodo
1067 2832 1190 2908 populus
1222 2850 1286 2888 cum
1311 2850 1362 2887 suo
1385 2830 1465 2887 clero

220 2916 391 2999 (posteriore
415 2928 546 2994 tempore
570 2920 659 2975 etiam
683 2918 761 2975 solus
778 2919 872 2978 clerus
895 2926 1044 2995 tamquam
1070 2918 1170 2994 populi
1192 2914 1267 2995 dur)
1291 2916 1394 2975 adesse
1414 2915 1465 2975 de·

221 3002 320 3061 beliat:
351 3006 446 3061 curnis
479 3007 556 3061 enim
588 3004 771 3063 ‹lecisionnut
801 3002 989 3082 synodalium
1017 3004 1100 3061 valor
1122 3026 1140 3061 a
1163 3004 1263 3081 populi
1287 3006 1464 3083 receptione.

220 3111 294 3168 (quae
318 3093 361 3147 eis
384 3093 587 3149 alletoritatem
612 3090 767 3148 iuridicam
787 3088 942 3154 tribuebat,
966 3088 1152 3167 dependebat
1177 3107 1215 3167 tp.
1235 3093 1294 3147 tta
1320 3091 1384 3169 aql.
1408 3091 1465 3148 llo·

221 3178 356 3254 ceptione
378 3186 476 3235 autem
499 3200 517 3236 a
534 3178 750 3256 principalioris
773 3177 853 3235 urbis
874 3176 980 3253 populo
998 3189 1116 3254 peracta
1138 3180 1227 3234 etiam
1245 3176 1369 3235 aliarum
1387 3198 1465 3235 com-

225 3265 400 3322 munitatum
432 3267 559 3343 receptio
581 3264 840 3343 praesumebatur:
872 3264 918 3320 Ex
944 3264 999 3321 hac
1022 3274 1118 3321 autem
1143 3265 1378 3341 praesumptione
1403 3265 1465 3341 epi-

225 3354 303 3427 scopi
328 3352 543 3429 principaberis
567 3352 645 3409 urbis
669 3354 826 3410 auctoritas
849 3350 1000 3408 crescebat
1020 3347 1061 3430 (p.
1089 3354 1147 3409 174
1172 3361 1258 3428 sqq),
1344 3425 1348 3433 ι

329 3438 437 3495 Primis
467 3439 591 3496 sacculis
621 3441 695 3496 sicut
725 3456 847 3515 tempus,
883 3439 925 3494 ita
954 3440 1151 3514 competentia
1180 3436 1287 3516 synodi
1319 3458 1378 3495 non
1409 3435 1466 3494 tuit

225 3523 429 3587 determinata.
474 3525 646 3583 Generatim
670 3546 736 3583 cnm
759 3546 805 3583 res
835 3546 853 3582 a
876 3524 937 3581 solo
960 3526 1079 3582 maioris
1103 3524 1183 3582 urbis
1206 3526 1342 3601 episcopo
1365 3521 1464 3581 decidi

228 3632 286 3669 non
309 3622 415 3689 posset,
438 3614 527 3669 vicini
546 3613 673 3690 episcopi
698 3612 734 3669 ad
751 3612 897 3691 synodum
913 3611 1158 3671 convocabantur.
1182 3612 1328 3669 sessionis
1350 3611 1467 3668 initium

226 3719 261 3756 ex
286 3720 320 3756 eo
345 3698 440 3769 tiebat,
464 3708 495 3757 ut
517 3702 737 3758 convocationis
767 3718 856 3758 causa
878 3709 907 3755 et
931 3719 975 3755 res
998 3698 1152 3756 tractanda
1179 3707 1396 3776 proponeretur.
1432 3697 1469 3754 Ia

226 3788 397 3863 quaestione
413 3784 593 3843 diudicaada
615 3794 675 3843 tum
699 3788 793 3845 clerus
816 3798 876 3843 tum
896 3785 1021 3864 populus
1044 3787 1221 3845 sententiam
1244 3784 1374 3846 dicebat:
1398 3783 1469 3843 dein

228 3893 293 3931 eum
316 3894 362 3931 res
385 3872 547 3931 dilucidata
570 3883 654 3941 essct,
678 3876 880 3952 cpiscoporum
903 3874 1071 3949 sutl‘ragium
1096 3872 1281 3950 sequebatur.
1309 3873 1468 3930 Dccisionc

229 3961 306 4019 tacta
334 3960 458 4039 populus
481 3959 518 4018 dc
541 3980 577 4017 ca
599 3962 704 4018 certior
727 3958 912 4025 reddebatur,
947 3961 995 4036 qui
1021 3980 1072 4035 per
1101 3960 1210 4017 clerum
1234 3980 1317 4018 sunm
1348 3970 1378 4017 et
1401 3978 1470 4017 con-

228 4067 344 4105 sensum
368 4056 397 4105 et
421 4049 617 4125 receptionem
641 4044 835 4125 exprimebat.
858 4046 1071 4123 Episcoporum
1094 4046 1164 4104 dein
1187 4056 1258 4105 vota
1280 4049 1311 4104 in
1334 4058 1400 4104 acta
1422 4066 1467 4103 re-

227 4130 402 4202 ferebantur,
426 4153 501 4213 quae
514 4132 551 4191 ab
567 4136 711 4213 episcopis
727 4133 774 4191 vel
791 4152 890 4191 eornm
907 4136 988 4190 vices
1003 4132 1182 4209 gerentibus,
1198 4145 1228 4190 ct
1244 4152 1466 4210 nonnumquam

228 4240 247 4278 a
267 4218 448 4301 presbyteris
471 4218 737 4280 subscribebantnr.
761 4220 817 4277 His
841 4222 975 4297 peractis,
991 4222 1144 4297 episcopus
1162 4221 1281 4277 maioris
1303 4218 1393 4289 urbis,
1421 4220 1471 4296 qui

229 4306 373 4386 synodum
398 4317 612 4365 convocaverat
635 4310 721 4385 eique
745 4305 940 4385 praesidebat,
963 4306 1118 4383 epistolam
1142 4304 1314 4385 synodicam
1345 4305 1473 4383 promul-

230 4394 319 4469 gabat
341 4406 381 4472 tp.
407 4396 466 4452 tra
491 4394 555 4472 sq).

334 4482 369 4538 ln
392 4483 478 4539 tertio
501 4483 597 4558 capite
621 4480 657 4539 de
681 4480 875 4557 metropolitis
898 4483 929 4537 in
953 4482 1056 4557 primis
1077 4479 1171 4537 tribus
1194 4480 1319 4538 sacculis
1343 4478 1473 4556 loquitur

232 4573 270 4646 (p.
301 4569 492 4645 tat-238).
523 4569 631 4627 Christ.
663 4567 815 4644 religionis
846 4565 1054 4645 propagandae
1089 4567 1212 4638 ratione,
1246 4574 1403 4644 praecepto
1435 4562 1473 4621 dc

232 4652 426 4713 succurrendo
448 4657 583 4732 proximo
606 4656 636 4711 in
661 4656 836 4711 necessitate
852 4656 1019 4722 constituto,
1036 4654 1238 4711 ecclesiastica
1253 4651 1355 4727 regala
1370 4649 1407 4707 de
1428 4670 1473 4706 re·

231 4744 372 4819 ceptione,
383 4738 634 4819 persecutionibus
645 4740 870 4798 christianornm
880 4742 1038 4818 suppositis
1047 4739 1152 4818 synodi
1162 4742 1236 4797 sicut
1247 4738 1351 4795 tideles
1360 4756 1475 4814 respec-
