3450 5342
766 427 807 438 -
831 399 872 452 aa

331 579 462 648 llyscyn
481 577 513 632 io
533 577 626 647 primi
651 578 772 634 articuli
798 578 900 647 prima
920 584 1008 648 parte
1027 577 1218 648 inquisitioni
1245 593 1261 633 a
1288 578 1465 634 Znozerslri'

225 646 407 772 propositae
426 647 465 702 ad
486 647 761 717 reorganiaandam
787 647 948 703 ecclesiam
969 647 1017 716 (cl.
1039 647 1205 718 Bogoslov.
1232 647 1371 715 Vestnilr,
1391 597 1466 716 1908,

246 754 252 769 .
271 733 301 786 p.
321 719 371 771 124
388 731 425 786 sq
450 725 457 775 l
477 716 580 772 addit:
600 716 696 772 laicos
714 717 807 772 etiam
826 716 858 772 in
878 717 1007 772 concilio
1026 719 1121 773 totius
1147 717 1279 773 Russiae
1297 717 1337 772 ad
1356 733 1464 773 vocem

224 786 393 843 decisivam
413 801 430 840 a
457 785 625 842 mittendos
644 801 722 853 esse,
734 801 805 842 cum
819 785 851 842 id
867 788 897 858 α)
916 785 1114 842 condiciones
1134 787 1310 842 Russornm
1331 786 1465 857 exigant

223 859 248 924 β)
268 861 299 911 et
316 855 495 924 exemplum
522 855 642 911 concilii
669 855 832 924 apostolici
851 856 883 911 id
904 855 1041 912 suadeat.
1068 856 1128 912 Sed
1147 856 1187 911 ad
1206 855 1365 912 decretum
1396 871 1465 912 con·

223 926 361 981 dandum
390 940 502 980 vocum
530 924 719 980 unanimitas
747 926 849 995 magis
876 925 1064 981 conveniens
1091 931 1147 992 est,
1167 925 1250 980 -id
1283 925 1364 994 quod
1392 925 1467 982 fidet

224 995 305 1050 ratio
331 993 465 1048 consulit
483 999 513 1049 et
533 994 621 1049 multi
646 993 768 1050 codices
794 995 902 1050 civiles
930 999 979 1061 (ex
998 999 1096 1050 variis
1115 993 1324 1066 temporibus)
1349 994 1465 1063 ,sanior

225 1065 310 1134 pars‘
328 1063 555 1119 commendant
569 1064 606 1118 In
622 1065 759 1119 secunda
773 1069 861 1133 parte
874 1080 943 1120 cum
959 1063 1075 1133 Sophia
1089 1064 1289 1134 Blagodusna
1301 1064 1465 1134 proponit:

225 1133 363 1189 officium
384 1133 525 1188 divinum
539 1133 798 1202 abbreviandum,
813 1165 838 1173 -
856 1133 954 1189 Vetus
968 1135 1001 1189 T.
1017 1147 1086 1189 cnm
1107 1133 1196 1188 Novo
1212 1134 1464 1204 permutandum,

224 1234 257 1243 -—
278 1204 375 1258 verba
393 1202 529 1259 obscura
546 1201 578 1257 in
597 1217 688 1269 nova,
707 1203 789 1258 clara
809 1204 967 1271 mutanda,
977 1208 1008 1259 et
1022 1217 1170 1258 arcanum
1183 1219 1221 1258 ex
1235 1203 1363 1272 liturgia
1375 1203 1465 1270 (clan-

226 1273 273 1328 sio
292 1271 402 1328 ianuae
421 1276 525 1342 regiae
544 1277 685 1354 ternpore
703 1272 859 1342 liturgiae)
881 1273 1091 1329 amovendum
1111 1287 1189 1328 esse.

329 1342 366 1396 In
394 1341 532 1396 secundo
558 1342 702 1397 articulo:
729 1341 761 1396 in
790 1343 893 1411 prima
921 1347 1009 1412 parte
1037 1342 1127 1397 etiam
1156 1342 1272 1397 clerum
1303 1342 1465 1412 hucusque

223 1413 355 1466 inertem
374 1411 470 1466 rebus
489 1410 623 1480 politicis
643 1427 677 1466 se
695 1411 872 1468 immiscere
901 1412 1016 1468 debere
1044 1411 1257 1478 demonstran
1277 1409 1307 1465 in
1329 1411 1464 1466 secunda

224 1486 321 1551 parte,
340 1487 375 1535 ut
392 1479 485 1536 factio
503 1480 681 1547 christiana,
700 1497 780 1552 quae
799 1481 880 1538 lines
900 1481 1125 1538 christianismi
1149 1481 1384 1551 prosequendos
1404 1481 1464 1536 sibi

224 1555 388 1621 proponat,
407 1548 599 1617 instituatur,
619 1551 737 1606 suadet.

327 1637 362 1692 N.
383 1637 683 1692 Dobronravov:
706 1637 829 1694 Udastie
847 1637 927 1693 klira
945 1637 956 1691 i
977 1637 1090 1718 mirjan
1111 1653 1150 1692 na
1164 1638 1299 1706 soborah
1313 1654 1332 1690 v
1346 1653 1424 1706 perv
1448 1653 1464 1692 e

152 1703 157 1715 '
223 1707 338 1778 doujat
367 1707 469 1762 vekov
493 1705 708 1777 pristijanstva
738 1705 949 1777 (Participatio
973 1707 1046 1762 clem
1066 1711 1096 1762 et
1113 1705 1261 1762 laicorum
1281 1707 1314 1761 in
1334 1721 1413 1777 syno
1437 1709 1464 1762 is

224 1776 269 1832 IX
289 1775 430 1846 priorum
451 1775 646 1830 saeculorum
666 1775 904 1844 christianismi)
922 1775 955 1844 1.,
973 1777 1118 1832 aea-283.

331 1846 560 1900 Dobronravov
585 1860 624 1900 ex
648 1847 843 1914 synodorum
864 1845 909 1900 IX
928 1844 1070 1928 priorum
1110 1845 1305 1901 saeculorum
1330 1845 1461 1900 historia

223 1917 359 1987 probare
377 1920 509 1969 conatur
526 1913 619 1969 etiam
638 1915 733 1970 laicos
751 1920 782 1970 et
794 1915 912 1970 elerum
932 1915 1112 1972 rotenorum
1134 1915 1329 1984 synodorum
1350 1914 1461 1970 sessio

223 1985 318 2040 nibus
337 1984 467 2039 siluisse
487 1985 581 2053 idque
600 1999 669 2039 cum
691 1999 766 2039 voce
784 1983 1001 2040 consultativa.
1023 1985 1062 2040 Et
1081 1985 1206 2054 quidem
1229 1983 1338 2055 primis
1358 1984 1460 2040 tribus

224 2053 356 2110 saeculis
389 2053 490 2176 {junior
517 2052 624 2123 populi
652 2061 683 2108 et
711 2053 861 2123 simplicis
890 2055 958 2109 cleri
988 2054 1163 2124 frequentia
1198 2055 1336 2120 habetur,
1364 2069 1458 2123 quam

245 2122 386 2178 osteriori
411 2139 457 2177 us.

224 2141 244 2194 p
326 2194 375 2258 At,
403 2201 438 2247 nt
456 2193 589 2257 videtur,
618 2193 691 2246 haec
709 2199 818 2246 auctor
836 2193 1001 2247 ostendere
1021 2193 1121 2258 debet,
1149 2209 1209 2261 qno
1228 2209 1368 2260 numere,
1399 2210 1462 2263 quo

220 2263 287 2318 iure
305 2269 367 2317 eta
385 2277 446 2331 quo
456 2268 645 2316 convocatus
664 2261 800 2330 populus
818 2268 849 2317 et
863 2262 993 2316 inferior
1012 2262 1114 2318 clerus
1135 2263 1248 2332 synodi
1262 2263 1457 2319 sessionibus

220 2329 405 2386 interfuerit.
443 2330 529 2396 Dein,
556 2331 626 2385 licet
650 2331 806 2400 episcopis
832 2347 939 2386 vocem
971 2331 1140 2386 decisivarn
1169 2333 1324 2399 concedat,
1353 2339 1455 2388 tamen

221 2401 357 2456 scribere
389 2401 497 2456 audet:
529 2401 666 2470 »Sobory
691 2415 730 2454 ne
757 2399 959 2470 sostavljalis¹
988 2400 1015 2454 iz
1044 2401 1137 2470 odoi)
1164 2402 1346 2471 episkopov,
1374 2403 1460 2458 inade

220 2471 271 2525 oni
290 2487 329 2524 ne
347 2469 561 2540 predstavljali
583 2471 624 2539 by
646 2469 759 2540 soboju
779 2470 846 2540 vsej
868 2469 1001 2524 carlini«.
1021 2470 1075 2534 (Ut
1094 2471 1230 2540 episcopi
1251 2476 1346 2527 totam
1367 2472 1458 2527 eccle-

220 2541 298 2595 siam
318 2544 553 2608 repraesentare
573 2542 702 2608 possint,
727 2543 818 2596 etlam
838 2540 970 2596 aliorum
993 2539 1078 2610 [cleri
1097 2545 1127 2595 et
1167 2541 1265 2622 opuli)
1285 2542 1459 2611 praesentia

218 2609 401 2680 requiritur)
420 2611 460 2678 (p.
479 2610 543 2677 282)
570 2606 668 2663 Simili
689 2610 782 2664 modo
800 2615 831 2664 et
850 2609 992 2678 sequenti
1012 2613 1125 2678 pagina
1144 2557 1183 2664 ge
1201 2613 1356 2692 eprsrmpis
1375 2611 1459 2667 dicit.

217 2680 286 2744 Quo
311 2681 379 2734 inre
407 2680 481 2732 haec
499 2678 640 2732 dicantur
662 2685 692 2733 et
711 2678 868 2748 quomodo
889 2679 963 2733 haec
992 2693 1061 2733 cnm
1088 2679 1269 2748 theologicis
1295 2679 1457 2751 principiis

216 2750 410 2815 cohaereant,
431 2763 494 2802 non
513 2753 606 2816 patet.

319 2836 354 2890 N.
374 2835 618 2906 Romanslrij:
638 2837 768 2891 institut
786 2835 997 2918 blagocinnyl)
1018 2836 1204 2906 ivybornoe
1225 2837 1333 2892 nabulo
1357 2853 1376 2892 v
1399 2837 1459 2906 pri·

216 2905 349 2960 menenii
369 2906 388 2959 k
408 2907 535 2975 russlroj
555 2906 724 2976 cerkovnoj
745 2905 971 2960 administracri
992 2904 1112 2971 (Status
1132 2905 1320 2962 decanorum
1349 2913 1379 2962 et
1402 2907 1458 2960 ele·

216 2975 327 3028 ctionis
346 2974 532 3043 principium
549 2979 580 3030 in
595 2975 725 3030 Russica
743 2974 1013 3030 administratione
1034 2974 1250 3043 ecclesiastica)
1265 2976 1297 3043 1,
1312 2977 1461 3030 aaa-344.

218 3045 412 3099 Decanorum
433 3043 566 3100 instituti
586 3044 762 3100 evolutione
781 3045 939 3113 descripta
969 3043 1124 3099 concludit
1150 3045 1307 3100 meliorem
1329 3046 1456 3100 modurn

217 3127 296 3180 esse,
309 3118 344 3168 ut
356 3114 465 3168 decani
478 3114 709 3184 (blagodinnye)
723 3115 832 3169 aclero
845 3114 1012 3183 eligantur.
1034 3113 1144 3169 Clarus
1158 3114 1239 3168 enim
1254 3115 1293 3169 ad
1304 3114 1454 3190 decanum

216 3183 256 3237 ab
279 3182 350 3252 ipso
368 3182 450 3238 clero
468 3183 598 3238 electum
619 3186 767 3238 maiorem
788 3183 908 3238 fovebit
928 3182 1093 3248 fiduciam,
1114 3182 1241 3252 ipseque
1260 3184 1396 3239 decanus
1415 3184 1459 3238 of·

219 3250 289 3306 licio
309 3267 366 3306 suo
386 3267 455 3306 cum
476 3252 593 3307 maiore
611 3251 712 3306 fructu
732 3253 892 3322 irrogetur.
933 3253 1041 3314 Etiam,
1062 3258 1096 3306 ut
1115 3253 1291 3308 consistorii
1316 3254 1457 3308 membra

216 3321 379 3390 eligantur,
398 3323 489 3376 valde
507 3328 641 3391 exoptat.

322 3409 352 3462 S.
386 3408 612 3478 Bulgakov:
652 3408 677 3464 0
715 3409 967 3479 neobhodimosti
1006 3408 1171 3478 vvedenija
1205 3407 1457 3478 obsceslvennyb

216 3478 299 3533 naulr
336 3495 355 3532 v
389 3479 591 3547 programma
617 3478 776 3548 dubovnoj
807 3479 907 3548 lholy.
934 3479 978 3532 De
1010 3477 1193 3534 necessitate
1218 3477 1456 3534 introductionis

213 3547 437 3602 universalium
457 3547 691 3616 disciplinarum
711 3549 742 3602 in
762 3547 981 3603 ecclesiasticis
1003 3547 1138 3614 scholia).
1158 3547 1192 3611 1,
1211 3549 1357 3604 elo—356.

318 3617 358 3672 Ut
376 3631 456 3686 quae
474 3632 491 3670 a
506 3617 588 3672 clero
606 3631 690 3671 nuuc
709 3621 862 3686 temporis
883 3620 1060 3687 exiguntur,
1081 3618 1089 3672 i
1115 3633 1148 3672 se
1167 3623 1327 3687 praestare
1346 3616 1455 3686 possit,

213 3686 424 3741 necessarium
444 3701 522 3749 esse,
541 3692 576 3740 ut
589 3686 769 3754 disciplinae
789 3687 950 3742 naturales
970 3689 1001 3742 in
1020 3633 1134 3742 schoffjis
1149 3685 1364 3742 ecclesiasticis
1380 3691 1456 3740 trac·

214 3760 329 3879 ἱθιᾶῑιιιὲ1
333 3761 442 3810 auctor
454 3755 599 3810 ostendit.
620 3755 710 3811 Bene.
730 3755 790 3810 Sed
807 3771 845 3810 ne
863 3756 1020 3825 theologia
1033 3756 1182 3812 damnum
1197 3756 1341 3826 patiatur,
1361 3755 1452 3811 etiam

213 3824 244 3878 vi
268 3840 306 3879 en
331 3840 384 3880 um
404 3831 460 3880 est.

317 3894 347 3949 S.
367 3894 550 3948 Bratkov:
580 3893 702 3963 Vopros
733 3910 751 3948 o
780 3895 916 3948 reiorme
944 3895 1072 3964 dubovn
1097 3898 1117 3963 h
1145 3894 1303 3950 seminari‘
1331 3911 1349 3948 v
1375 3893 1456 3950 Italii

213 3963 270 4030 (De
290 3964 512 4044 reformatione
531 3963 707 4045 scholarum
723 3963 1057 4044 'ecclesiasticarumlin
1074 3911 1179 4044 halla)
1198 3963 1230 4032 1,
1250 3911 1396 4019 nai-372.

317 4033 432 4087 Auctor
462 4049 493 4087 m
519 4033 693 4095 seminarra,
721 4034 888 4102 inquibus
917 4036 1039 4089 iuvenis
1065 4033 1214 4102 recipitur
1241 4049 1342 4103 neque
1366 4037 1455 4104 prins

208 4101 284 4156 inde
303 4103 463 4166 emittitur,
483 4118 577 4173 quarn
598 4103 744 4157 sacerdos
764 4102 864 4158 lactus
886 4107 933 4171 sit,
954 4101 1121 4158 invehitur.
1153 4103 1243 4167 Quod
1263 4103 1364 4158 clerus
1383 4118 1453 4158 curn

210 4170 286 4226 fidei
305 4172 491 4227 detrimento
511 4187 622 4241 parum
642 4172 756 4226 alicubi
775 4172 918 4239 (Galliam
938 4172 1093 4242 intelligit)
1114 4187 1238 4242 cumpo
1263 4172 1315 4227 ulo
1328 4188 1456 4228 conver·

212 4245 300 4296 setur
325 4241 453 4310 eiusque
473 4240 711 4296 necessitatibus
730 4244 823 4296 etiam
845 4242 1074 4311 temporalibus
1094 4257 1156 4296 non
1185 4189 1315 4296 mustum
1335 4241 1454 4296 satisfa-

211 4309 278 4374 ciat,
297 4311 356 4365 hoo
365 4327 428 4366 non
438 4326 476 4364 ex
486 4313 631 4365 istoriam
643 4309 883 4366 seminariorurn
896 4311 1053 4380 qualitate,
1070 4311 1124 4366 sed
1138 4311 1262 4366 aliunde
1280 4313 1315 4378 (c.
1339 4316 1453 4366 statum

208 4380 281 4434 cleri
300 4379 332 4435 iu
345 4380 475 4444 Russia)
495 4380 662 4449 provenire
676 4383 810 4435 videtur.
831 4381 871 4434 Et
884 4395 962 4449 quae
982 4381 1020 4435 de
1035 4380 1159 4450 linguae
1177 4381 1259 4450 apud
1276 4380 1452 4435 sacerdotes

205 4450 362 4519 imperitia
384 4450 531 4520 loquitur,
550 4465 662 4518 parum
684 4449 808 4504 veritati
828 4464 967 4504 consona
988 4455 1069 4504 sunt.

309 4537 338 4592 S.
358 4526 509 4591 Sumov:
539 4536 706 4590 Neskol‘lro
726 4536 793 4590 slov
814 4551 854 4604 po
875 4537 1009 4604 povodn
1035 4539 1114 4590 stat‘i
1138 4553 1167 4606 g.
1187 4537 1222 4590 N.
1250 4535 1286 4602 ,O
1306 4535 1454 4605 revizijab

202 4604 510 4730 duqounoudebnyh
538 4605 708 4675 zaredenij‘
735 4605 906 4696 <Quaedam
940 4605 978 4660 de
1002 4607 1132 4661 articulo
1156 4606 1200 4672 N,
1220 4606 1258 4660 de
1278 4607 1454 4660 visitatione

201 4689 252 4731 ecc
264 4682 480 4731 esrastrcarum
502 4675 690 4742 scholarum)
711 4675 901 4742 1.,ara-379

226 4807 230 4815 ·
260 4797 319 4838 slav.
334 4797 375 4838 rut.
390 4797 460 4838 tueor
1249 4781 1265 4833 4
