3450 5342
648 359 817 415 ..41-

93 546 177 604 nnde
212 549 404 626 acquiruntur
433 550 580 626 principia
602 547 640 606 ad
663 547 891 607 construendam
913 559 1023 606 rectam
1053 547 1257 606 definitionem
1281 548 1353 605 iuris

92 635 248 710 gentium.
281 633 363 712 (lpus
393 636 484 712 igitur
505 637 537 693 in
567 645 625 693 tres
655 642 753 712 partes
784 634 914 693 divisum
943 644 988 693 est
1013 638 1040 693 1.
1064 635 1184 709 Istorija
1214 635 1353 708 razvitija

93 721 272 779 elementor
295 720 542 798 mordunarodnoj
568 721 844 800 pravosposobnosti
868 722 918 780 Su.
940 721 1093 795 Prestola3
1134 724 1162 779 2.
1185 720 1356 778 Konstruk-

90 807 155 883 cija
179 806 434 884 meldunarodnoj
471 807 747 888 pravosposobnosti
778 807 921 882 voobtde3
952 809 980 868 3.
1012 807 1228 884 Konstrulrcija
1257 827 1357 865 sovre-

93 895 221 970 mennoj
248 893 496 971 meidnnarodnoj
522 895 800 974 pravosposobnosti
824 905 958 974 papstva.

205 981 245 1038 1n
269 984 393 1060 prima
416 991 499 1060 parte
522 982 682 1041 afferuntur
705 982 845 1040 historica
868 982 954 1050 facta
971 1001 1046 1060 quae
1063 980 1139 1038 lianc
1155 980 1355 1040 evolutionem

90 1067 315 1126 demonstrant.
339 1066 373 1130 ln
396 1069 568 1128 secunda
591 1079 673 1147 parte
689 1071 786 1146 agitur
801 1068 837 1127 de
853 1072 917 1127 inre
931 1069 1065 1146 gentium
1087 1069 1120 1126 in
1134 1087 1243 1144 genere
1258 1065 1356 1146 deque

91 1156 159 1212 eius
184 1157 352 1232 principiis,
376 1155 514 1235 aquibus
537 1155 697 1233 profectum
721 1166 781 1228 est3
806 1155 877 1214 dein
893 1155 930 1214 de
946 1153 1049 1213 cadem
1074 1175 1105 1212 re
1121 1157 1234 1213 ratione
1250 1153 1355 1212 habita

93 1251 237 1319 papatus

204 1327 244 1386 In
257 1328 312 1386 hoc
324 1329 415 1386 altero
424 1331 474 1386 via
485 1350 519 1386 ao
530 1331 643 1388 ratione
651 1337 839 1408 exponuntur
851 1332 977 1407 primum
989 1347 1105 1387 summa
1115 1348 1212 1386 rerum
1223 1336 1356 1406 potestas

92 1415 222 1474 libertas
235 1425 265 1473 et
279 1415 510 1494 independentia
530 1425 561 1473 ut
573 1417 697 1494 primurn
711 1416 827 1493 signum
848 1415 1023 1493 aptitudinis
1038 1435 1181 1492 personae
1205 1413 1243 1472 ad
1255 1423 1356 1473 auoto-

94 1503 218 1560 ritatem
242 1522 386 1580 personae
410 1503 647 1561 internationalis
670 1501 820 1560 inridicao.
853 1501 900 1560 Ibi
923 1501 956 1560 tit
979 1501 1139 1560 discrimen
1169 1503 1272 1578 magni
1293 1522 1357 1560 mo-

94 1591 190 1646 menti
215 1592 297 1647 inter
319 1591 477 1648 essentiam
512 1609 642 1648 summae
666 1591 780 1668 imperii
810 1601 839 1648 et
866 1610 933 1648 eam
956 1588 994 1647 ad
1028 1589 1163 1647 effectum
1186 1586 1355 1646 adductam.

97 1675 218 1734 Deinde
255 1677 434 1754 principalia
456 1679 520 1734 iura
543 1679 711 1754 pactionum
735 1675 838 1734 habita
861 1674 993 1735 eiusdem
1024 1673 1200 1753 aptitudinis
1230 1677 1354 1734 ratione.

95 1762 174 1819 Turn
200 1782 344 1839 magnum
367 1775 545 1822 momentum
569 1763 655 1821 huius
679 1765 810 1829 rationis,
844 1784 904 1841 qua
934 1763 1001 1821 lites
1033 1761 1254 1841 componendae
1284 1763 1354 1834 sint

97 1848 288 1927 explanatur.

202 1935 322 2011 Quibus
358 1936 500 2013 expositis
545 1936 672 1994 eflicitur
709 1935 842 2014 aptitudo
887 1958 910 1994 s.
947 1935 1034 1994 sedis.
1072 1935 1111 1994 ad
1148 1937 1354 1994 auctoritatem

96 2023 370 2082 internationalern.
416 2021 500 2098 Quae
545 2043 622 2081 anno
662 2025 745 2081 1870
790 2022 969 2089 acciderunt,
1014 2024 1220 2080 anctoritatem
1263 2024 1355 2080 inter·

97 2110 284 2168 nationalem
315 2119 438 2187 papatus
469 2130 528 2167 non
552 2110 738 2177 sustulerunt,
763 2108 794 2167 id
824 2109 902 2189 quod
934 2108 1093 2168 secundum
1125 2111 1198 2168 iuris
1228 2118 1257 2167 ot
1280 2111 1354 2167 artis

96 2205 259 2274 praecepta
282 2195 461 2264 discrimine,
484 2195 562 2274 quod
585 2217 673 2274 supra
690 2195 896 2267 indicavimus,
920 2197 998 2254 facto
1021 2193 1193 2256 ostenditur.
1219 2197 1248 2254 s.
1264 2195 1351 2254 sedes

99 2281 188 2340 habet
211 2285 375 2342 essentiam
399 2303 530 2341 summae
554 2303 648 2342 rerum
672 2285 826 2362 potestatis
849 2282 1100 2362 independentem
1116 2302 1134 2341 a
1149 2303 1220 2341 vera
1235 2303 1351 2360 posses-

98 2370 180 2428 sione
204 2370 368 2428 saecularis
390 2371 516 2448 imperii.
548 2370 654 2429 Utrum
686 2373 845 2428 conveniat
875 2370 931 2428 hoc
962 2391 1029 2430 cum
1059 2369 1216 2447 evangelio
1247 2389 1349 2441 necne,

100 2466 198 2514 auctor
222 2477 284 2515 non
308 2456 467 2530 diiudicat;
492 2455 600 2514 sufficit
623 2459 650 2514 ei
675 2457 798 2515 historia
822 2468 945 2535 papatus
968 2467 998 2514 et
1019 2459 1063 2514 ita
1084 2477 1189 2515 revera
1211 2477 1284 2515 esse.

202 2543 470 2602 Internationalern
508 2543 590 2600 illam
627 2563 722 2622 papae
760 2545 965 2602 auctoritatem
1010 2543 1128 2621 Bajlrov
1167 2565 1226 2602 non
1265 2551 1349 2621 putat

100 2627 186 2687 fluere
221 2629 303 2702 inde,
337 2629 416 2709 qnod
449 2651 525 2708 papa
559 2633 597 2689 sit
620 2639 707 2708 caput
741 2631 883 2688 ecclesiae
921 2632 1099 2708 religiosum,
1140 2629 1351 2707 dogmaticum.

100 2714 234 2775 Ecclesia
258 2717 406 2776 catholica
429 2737 533 2795 perse
557 2719 627 2776 iuris
651 2719 890 2776 internationalis
918 2718 1045 2796 talisque
1068 2719 1251 2776 auctoritatis
1281 2715 1350 2775 sub·

102 2804 206 2862 iectnrn
241 2825 301 2863 non
336 2815 388 2863 est.
419 2805 602 2882 Principium
636 2805 722 2863 huius
759 2805 998 2863 internationalis
1035 2805 1218 2863 auctoritatis
1255 2823 1352 2883 papae

103 2891 252 2950 existimat
275 2911 340 2950 esse
370 2892 520 2970 politicam
554 2891 720 2950 libertatem
752 2901 781 2950 et
813 2889 1076 2969 independentiam
1106 2891 1250 2950 ecclesiae
1279 2893 1351 2963 eins,

105 2978 183 3034 euius
205 2999 284 3057 papa
307 2999 461 3056 personam
478 2980 562 3055 gerit,
585 2978 622 3036 ab
646 2981 768 3056 imperio
792 2991 822 3036 ct
837 2981 867 3034 vi
891 2979 1043 3036 saeculari.
1067 2978 1167 3036 Solum
1191 2980 1233 3036 ita
1255 2980 1353 3057 pactio

105 3062 340 3124 internationalis
378 3086 430 3143 pro
471 3065 536 3142 lege
570 3085 633 3124 esse
668 3075 772 3143 potest.
814 3065 971 3124 Saeculare
1012 3066 1168 3142 imperium
1201 3063 1240 3123 ad
1274 3065 1353 3123 hanc

103 3153 306 3211 anctoritatem
336 3153 534 3210 necessarium
558 3172 616 3210 non
639 3150 737 3210 habet.
769 3151 927 3210 &seculare
958 3153 1113 3230 imperium
1143 3151 1199 3209 fuit
1229 3149 1349 3230 quidem

107 3248 332 3297 consentaneum
354 3241 471 3316 signum
488 3240 558 3310 eius,
575 3237 626 3296 sed
643 3259 828 3317 nequaquam
852 3240 971 3296 unicum
994 3239 1171 3316 principium
1192 3236 1349 3310 libertatis,

106 3320 135 3378 id
157 3323 232 3400 quod
263 3343 358 3384 annus
391 3327 482 3386 1870.
506 3324 696 3386 demonstrat.
734 3325 834 3383 Etiam
866 3345 945 3384 nune
975 3345 998 3384 s.
1020 3324 1105 3384 sedes
1144 3325 1276 3403 aequalis
1306 3332 1353 3383 est

107 3407 232 3486 imperio.
256 3416 286 3472 ὃ.
309 3403 394 3471 sedes
417 3415 449 3471 in
479 3409 631 3482 Vaticano,
662 3414 712 3490 qui
743 3412 887 3470 saeculari
918 3413 1043 3489 imperio
1073 3413 1201 3469 intactus
1231 3412 1351 3480 mansit,

107 3492 192 3555 habet
214 3501 304 3558 etiarn
328 3509 481 3558 externam
506 3497 775 3577 independentiam,
803 3498 1148 3568 „exterritorialitatem.“

206 3585 242 3643 ln
265 3586 322 3644 hoc
343 3589 491 3664 prooemio
514 3594 559 3644 est
589 3606 690 3645 succus
722 3588 825 3644 eximii
849 3588 953 3664 operis,
987 3587 1069 3654 euius
1092 3583 1224 3660 singulas
1253 3591 1353 3662 partes

109 3668 164 3725 ianr
187 3675 322 3752 persequi
345 3675 375 3730 in
400 3674 498 3731 animo
521 3681 574 3731 est.
750 3670 891 3752 (Reliqua
913 3673 1054 3750 deinceps
1077 3670 1306 3749 persequemur.)

205 3861 522 3998 „Ilpasoosannntt
547 3855 831 3936 Gooeotunnas“
853 3859 953 3926 1904.
979 3874 1067 3944 (Pars
1085 3871 1222 3944 reliqua).

207 3960 241 4000 a.
293 3940 545 4024 ogerodsklj:
567 3944 818 4026 llepaqnsnasseoo
836 3959 960 4026 assume
975 3951 1114 4024 seruatae
1127 3959 1160 3996 sa
1173 3944 1349 4024 aeaut-pall

113 4018 149 4128 {⁵
161 4009 468 4138 lli-qeppqgmffiqeva
494 4013 631 4068 hominis
650 4028 681 4067 m
709 4017 803 4068 terris
831 4011 1163 4081 habitatroparadrsus
1189 4028 1220 4066 rn
1247 4011 1350 4080 Edent

136 4115 142 4140 ⁹
210 4123 312 4222 Utique
325 4151 364 4207 ad
388 4124 544 4235 saeculum
566 4150 685 4218 xvprm,
706 4150 758 4205 nbi
773 4150 941 4233 paradisus
954 4154 1035 4232 situs
1049 4149 1151 4234 luerit,
1165 4150 1351 4274 inquisitum

114 4225 263 4360 estrat.
277 4220 1354 4372 t.¹¹sss0s‘¹.lstssrcs{retractassetsessa

116 4351 200 4427 tubus
218 4357 305 4416 lal'srs
325 4361 375 4442 vel
393 4359 656 4442 impgobabrquus
676 4391 708 4398 —
728 4357 843 4440 induo
872 4357 1059 4440 dividuntur
1069 4363 1187 4414 castra:
1206 4358 1257 4414 aln
1267 4372 1351 4413 emm

116 4423 1352 4609 qususscetcessa..statuentessecessi:

118 4559 1354 4762 gildll'llle”tilltelllll’elffltllqlsltlllldvllrlssllillll

138 4704 310 4766 eistettel'no
331 4723 409 4778 mog⁸
424 4711 580 4764 nmctozr’
607 4707 702 4778 retra„
719 4709 803 4777 vyuo
827 4706 934 4776 rvqun
954 4721 982 4760 iz
1003 4704 1122 4761 Edema
1141 4750 1146 4760 .
1166 4746 1173 4760 .
1192 4746 1200 4760 .
1220 4747 1225 4759 .
1272 4705 1352 4760 akoe
