3450 5342
679 455 869 510 -105-

256 640 295 699 l't
326 640 381 699 hoe
412 640 498 699 modo
530 642 689 701 Arsaniam
718 653 866 708 tractaret.
897 642 1027 723 synodus
1056 647 1159 703 timore
1191 643 1318 703 adducta
1351 654 1394 703 est

147 723 192 807 (p.
217 729 300 805 264).

254 816 322 892 Qua
343 836 389 893 ep.
412 816 532 873 Arsenii
556 816 680 875 historia
699 816 878 875 auteoculos
899 816 1002 875 habita
1016 819 1074 875 iarn
1099 818 1191 876 multa
1215 818 1294 877 lacta
1318 819 1397 877 illius

144 905 289 982 temporis
304 922 412 961 noram
428 902 523 961 lucem
539 902 696 981 accipiunt.
718 904 802 965 Licm
817 905 897 962 euim
914 904 1000 963 Russi
1018 924 1105 983 quarn
1122 908 1251 963 maxime
1270 906 1398 964 clament

147 1011 203 1070 ,sy
213 1012 231 1048 n
240 989 281 1048 od
291 1010 310 1048 u
320 994 358 1047 m‘
376 1008 478 1066 regere
490 989 647 1049 ecclesiam
659 992 818 1049 rossiacam
831 990 920 1068 idque
933 990 1098 1067 legitimum
1111 992 1252 1051 ecclesiae
1267 995 1398 1069 regimen

145 1097 223 1142 esse,
246 1078 446 1135 factatamen
468 1076 550 1135 aliud
570 1076 704 1139 suadent.
728 1076 825 1153 Quam
849 1080 1051 1136 auctoritatem
1076 1079 1235 1155 imperator
1257 1080 1289 1137 in
1313 1078 1398 1137 rebus

145 1164 357 1223 ecclesiasticis
380 1162 459 1242 apud
482 1164 591 1223 Russos
613 1164 730 1235 habeat,
760 1164 816 1223 hoc
840 1184 912 1243 opus
935 1185 953 1221 a
975 1165 1077 1242 Popov
1112 1168 1312 1245 compositum,
1345 1186 1398 1225 nos

147 1250 254 1309 edocet
279 1250 326 1314 (cl.
351 1253 388 1307 14
413 1270 486 1329 sqq,
510 1252 559 1312 77.
584 1252 633 1322 79,
657 1253 697 1310 86
721 1271 773 1329 sq,
796 1247 877 1325 120,
906 1247 988 1327 129,
1016 1248 1089 1313 144
1112 1273 1163 1331 sq,
1189 1256 1258 1323 168,
1284 1256 1343 1310 lat
1369 1262 1398 1311 et

148 1340 284 1417 passim).
306 1338 427 1395 Etenim
451 1358 510 1396 non
526 1338 620 1395 solnm
643 1340 675 1397 iu
698 1336 785 1396 rebus
807 1338 945 1416 politicis,
969 1358 1043 1417 cquae
1067 1338 1105 1398 ad
1128 1342 1191 1399 eius
1215 1340 1308 1399 forum
1332 1361 1399 1418 per·

146 1428 255 1497 tinent,
278 1423 331 1482 sed
353 1426 487 1483 etiamid
500 1426 709 1485 ecclesiasticis
724 1426 795 1502 ipse,
818 1424 963 1504 quidquid
976 1426 1080 1503 placet,
1104 1430 1178 1503 agit:
1203 1430 1233 1485 in
1252 1425 1398 1507 synodum

147 1512 249 1571 aulem
270 1511 353 1573 tales.
381 1513 431 1589 qui
455 1513 609 1588 regiminis
635 1511 791 1571 desideriis
821 1510 960 1571 liberales
983 1534 1014 1571 se
1038 1512 1188 1591 praebent,
1220 1514 1399 1591 deliguntur.

147 1592 235 1675 Quae
258 1600 358 1677 praxis
381 1600 471 1656 etiam
494 1599 654 1657 theoretice
677 1598 873 1657 membrorum
897 1599 1084 1679 synodalium
1108 1603 1271 1661 iuramento
1295 1602 1400 1681 (impe-

150 1698 277 1744 ratorem
301 1706 520 1763 supremum
544 1685 713 1743 iudicem
736 1706 830 1744 essem
847 1686 967 1765 synodi)
991 1688 1195 1765 comprobatur
1218 1688 1266 1758 (cl.
1290 1690 1399 1765 supra).

258 1770 413 1847 Quaedam
425 1771 553 1850 denique
568 1772 605 1831 de
617 1773 681 1851 ipso
697 1772 732 1831 cl.
748 1775 875 1831 auctoris
891 1794 978 1851 opere
995 1774 1125 1832 notanda
1141 1785 1220 1833 sunt:
1245 1775 1398 1852 imprimis,

149 1860 272 1937 quinam
306 1862 439 1917 internus
474 1860 594 1917 Arsenii
629 1871 723 1919 status
756 1872 786 1918 et
819 1862 913 1918 animi
948 1863 1119 1939 ingeniique
1153 1860 1267 1919 indoles
1303 1860 1397 1931 fuerit,

149 1958 293 2025 (quantam
316 1944 353 2004 de
376 1946 496 2005 homine
519 1946 650 2005 iudicare
672 1948 799 2007 licet-
819 1968 858 2004 ex
882 1946 936 2005 lroc
959 1966 1046 2025 opere
1071 1968 1128 2005 non
1153 1950 1224 2007 satis
1249 1946 1397 2009 discimus.

148 2032 269 2092 Deinde
291 2047 321 2090 et
343 2036 439 2111 prima
461 2044 490 2091 et
512 2034 608 2093 altera
630 2034 668 2092 lis
690 2036 796 2094 melius
818 2033 998 2111 explicanda
1020 2044 1048 2092 et
1072 2034 1238 2093 evolvenda
1261 2044 1332 2092 erat.
1360 2034 1399 2091 lit

147 2119 229 2199 quod
252 2123 413 2179 maximum
429 2132 481 2184 est,
506 2142 581 2199 (puae
596 2120 633 2179 de
656 2122 763 2200 synodi
779 2120 919 2181 membris
942 2120 1028 2179 rebus
1044 2123 1075 2179 in
1099 2122 1150 2179 lite
1164 2122 1284 2181 Arscuii
1307 2122 1398 2197 gestis

147 2218 314 2279 narrantur,
345 2227 532 2286 nequaquam
565 2208 644 2265 clare
674 2221 725 2267 aut
754 2218 889 2267 accurate
918 2208 1105 2286 perfecteque
1140 2211 1289 2287 proposita
1322 2220 1398 2265 suin.

148 2293 266 2371 Quibus
289 2309 389 2353 tamen
412 2315 471 2353 non
494 2294 687 2363 obstantibus,
711 2306 741 2354 et
763 2304 882 2373 propter
904 2295 1087 2354 litteraturae
1110 2298 1224 2373 copiam
1238 2306 1267 2353 ct
1280 2308 1398 2373 propter

147 2384 246 2459 ipsam
268 2384 518 2459 compositionem,
542 2402 613 2460 opus
636 2402 654 2439 a
669 2384 773 2461 Popor
795 2384 1002 2460 conscriptum,
1025 2402 1090 2440 cum
1115 2402 1160 2441 res
1185 2395 1303 2441 narrata
1326 2402 1396 2441 sane

148 2466 189 2526 ad
213 2469 319 2527 multos
342 2470 497 2545 pertineat,
521 2471 610 2527 ctiam
635 2470 758 2549 speciali
782 2470 945 2527 attentione
969 2468 1090 2547 dignum
1114 2468 1232 2527 videtur
1255 2490 1328 2527 osse.

988 2550 1038 2617 M.
1064 2550 1350 2637 Halaidynskij.

252 2686 296 2753 N.
313 2687 472 2773 Lipslcc'y‘,
497 2692 843 2757 llcnxoaoruuecnia
863 2710 1004 2759 ocuouu
1028 2710 1272 2775 yncroennaro
1296 2712 1318 2757 n
1343 2710 1398 2775 pe·

142 2778 623 2861 narioanonpaacraeunaro
646 2781 868 2845 aocnnraula
885 2800 931 2845 ns
954 2784 1208 2855 romnousnutt
1231 2781 1396 2862 ueploas.

145 2861 297 2914 naratha.
318 2862 393 2916 1905.
413 2860 648 2932 (rependentes
660 2860 860 2921 minuta
878 2862 1041 2923 rationalis
1061 2866 1091 2923 et
1106 2864 1165 2923 rdt
1200 2862 1397 2942 ore-noratis

146 2929 620 3070 ghibb⁸i¹bihbi⁸lshii⁸¹⁸¹
638 2931 863 3003 samsona.)
886 2934 1020 2987 Auctore
1039 2932 1078 2989 N.
1096 2932 1165 3002 Lips
1185 2934 1217 3001 h,
1237 2932 1397 2987 sacerdote

255 3069 341 3124 Finis
364 3069 457 3125 buius
475 3069 547 3124 libri
565 3074 621 3135 est,
646 3069 814 3139 explanare
840 3070 1043 3126 fundamenta
1070 3071 1168 3127 bonae
1193 3069 1395 3125 educationis.

148 3138 233 3203 Quia
257 3154 342 3207 vere,
369 3146 405 3193 ut
430 3139 534 3193 statim
560 3138 647 3193 initio
672 3140 713 3208 (p.
734 3140 768 3194 la
792 3146 902 3195 auctor
926 3140 1006 3202 dicit,
1036 3140 1108 3195 linis
1133 3139 1324 3195 educationis
1349 3144 1396 3194 est

146 3207 277 3264 efficere
303 3209 334 3263 in
363 3208 471 3264 liberis
499 3208 675 3263 ordinatam
703 3209 913 3264 evolutionem
943 3215 1008 3265 tum
1042 3210 1083 3279 ph
1109 3208 1242 3264 sicarum
1273 3208 1396 3275 viriani,

145 3282 217 3333 tum
237 3278 455 3348 psychicorum
476 3278 658 3333 facultatum
688 3293 814 3334 neeesse
833 3285 881 3335 est
901 3294 994 3333 nosse
1013 3280 1070 3334 has
1085 3226 1248 3333 lacultates
1262 3282 1291 3332 et
1307 3278 1394 3343 vires,

145 3346 307 3417 legesque,
320 3347 436 3417 quibus
450 3352 613 3416 reguntur.
633 3320 709 3402 Ideo
722 3348 926 3403 fundamenta
940 3348 1131 3403 educationis
1146 3348 1177 3401 in
1193 3346 1395 3417 psvchologia

147 3420 311 3486 tamquam
332 3416 520 3471 subsidiaria
540 3416 685 3471 scientiae
704 3418 916 3488 paedagogice
936 3422 1009 3473 sunt
1028 3416 1215 3487 quaerenda.
1232 3402 1303 3470 Non
1324 3430 1395 3470 vero

149 3485 185 3539 in
205 3487 271 3541 sola
289 3486 503 3609 psycholoqia,
523 3486 548 3540 si
567 3486 737 3541 christiana
756 3486 898 3543 educatio
919 3502 993 3551 prae
1012 3486 1110 3542 oculis
1131 3487 1272 3542 habetur.
1306 3484 1395 3540 Illius

146 3554 233 3609 enim
253 3561 301 3610 cst
324 3572 386 3611 non
412 3572 447 3610 so
460 3572 512 3611 um
541 3554 625 3610 vires
649 3556 820 3612 liberorum
845 3557 1000 3623 evolvere,
1030 3556 1084 3611 sed
1111 3554 1257 3611 evolvere
1280 3568 1332 3609 eas
1356 3554 1395 3609 ad

147 3630 270 3679 certum
290 3623 394 3688 tinem.
413 3626 453 3681 ad
474 3626 600 3693 bonurn,
619 3625 711 3695 quale
730 3625 900 3681 christiana
920 3626 1028 3695 religio
1047 3625 1198 3695 intelligit.

256 3693 464 3751 Christianam
483 3694 661 3763 religionem
676 3701 786 3749 auctor
799 3710 925 3765 semper
939 3710 1013 3765 prae
1026 3694 1124 3750 oculis
1139 3696 1266 3753 habens.
1281 3697 1391 3747 rectam

148 3763 300 3833 proponit
320 3763 352 3818 in
372 3780 430 3819 suo
449 3764 531 3819 libro
551 3764 725 3819 doctrinam
745 3764 783 3819 de
802 3765 905 3819 anima
924 3770 959 3819 ut
979 3765 1154 3821 substantia
1175 3761 1337 3845 spirituali,
1357 3762 1395 3817 de

150 3834 272 3887 mundo
296 3848 351 3888 cor
394 3850 447 3889 reo
471 3832 598 3888 anobis
625 3850 659 3888 re
682 3833 837 3901 distincto,
866 3834 905 3889 de
928 3834 1086 3889 essentiali
1110 3832 1290 3889 discrnnine
1316 3839 1397 3887 inter

149 3902 296 3957 homines
311 3908 352 3984 et,
376 3909 455 3971 ruta,
475 3903 514 3958 de
528 3904 600 3970 Deo,
621 3903 701 3957 Ente
716 3904 859 3959 absolute
874 3903 1016 3985 perlecto,
1036 3904 1168 3971 infinite,
1186 3918 1280 3972 aquo
1294 3902 1397 3957 omnia

148 3972 296 4041 pendent.
316 3972 403 4027 Vitae
422 3972 597 4043 psychicos,
617 3972 719 4043 qualis
731 3972 763 4028 in
777 3972 951 4028 infantibus
965 3988 1034 4028 sese
1050 3972 1237 4039 manifestat,
1257 3971 1397 4040 copiosas

149 4041 279 4096 adducit
304 4042 550 4097 observationes.
589 4042 651 4097 Pro
670 4042 853 4097 educatione
872 4042 1044 4098 liberorum
1074 4042 1187 4097 multas
1213 4040 1396 4096 utilissimas

148 4112 299 4235 proponit
320 4113 445 4183 regulas
462 4127 588 4181 semper
606 4112 646 4166 ad
661 4110 838 4181 religiosam
854 4126 963 4167 eorum
984 4111 1197 4167 educationem
1220 4116 1395 4180 respectum

173 4181 280 4237 abens
320 4182 464 4237 Attamen
484 4183 514 4235 in
534 4181 725 4236 accuratiore
751 4179 966 4251 philosophica
991 4196 1029 4237 ex
1054 4180 1195 4236 licatione
1222 4180 1302 4235 vitae
1326 4195 1397 4249 psy-

147 4250 253 4305 chicae
278 4250 419 4307 influxus
445 4250 614 4305 modernae
640 4250 855 4321 philosophiae
881 4257 1019 4331 apparet.
1032 4198 1314 4331 lnlluxnmuhunc·
1335 4264 1397 4303 non

150 4335 223 4375 esse
243 4326 372 4385 rectum,
402 4320 568 4376 ostendere
588 4320 660 4375 volo
678 4336 717 4375 ex
736 4336 804 4375 com
829 4326 969 4376 aratione
988 4336 1058 4375 curn
1079 4324 1242 4375 sententiis
1262 4318 1398 4388 plnloso-

149 4389 287 4459 phorum
318 4390 587 4458 scholasticorum,
641 4404 754 4445 uorum
783 4337 1016 4459 philosophicae
1044 4388 1266 4458 explicationes
1295 4388 1395 4455 magis

147 4466 376 4515 consentaneae
403 4464 477 4515 sunt
496 4406 692 4526 veritatibus,
723 4474 803 4529 quas
822 4464 931 4515 auctor
950 4458 1130 4529 ceteroquin
1152 4457 1287 4513 tirmiter
1306 4462 1397 4515 tenet.

148 4529 244 4599 [Quia
267 4530 298 4584 in
324 4530 382 4585 boe
406 4529 538 4585 articulo
563 4528 726 4584 brevitatis
752 4529 853 4595 cratia
879 4529 980 4584 solum
1001 4529 1092 4593 viam,
1127 4542 1188 4597 qua
1215 4527 1397 4581 scholastica

148 4598 348 4669 philosophia
379 4599 528 4669 procedat
556 4604 587 4654 et
618 4599 800 4668 praecipuas
832 4598 926 4653 huius
958 4598 1025 4653 viae
1057 4596 1199 4652 rationes
1232 4596 1397 4651 ostendere

148 4683 291 4737 possum,
321 4669 507 4725 commendo
531 4667 775 4739 adlegandum:
807 4667 837 4723 S.
864 4667 1001 4722 Thomae
1026 4667 1083 4738 Aq.
1119 4667 1264 4723 »Summa
1289 4674 1396 4720 eontra

148 4738 307 4808 gentiles«.
332 4738 356 4793 Ε
378 4738 572 4794 scholasticis
598 4736 773 4793 modernis:
803 4737 836 4791 P.
856 4735 941 4791 Ioan.
962 4736 1128 4792 Urrriburu
1160 4734 1396 4790 »Institutiones
