3450 5342
779 418 972 476 -232-

355 604 467 657 Deinde
486 603 631 657 sententia
649 618 757 668 comm,
776 604 825 669 qui
844 604 1056 657 absolutionem
1076 619 1141 656 esse
1159 603 1379 656 declaratoriam
1400 618 1499 656 cense-

252 674 332 736 bant
359 674 482 726 multum
501 672 597 727 differt
616 688 634 725 a
652 674 798 726 sententia
816 674 1057 741 evangelicomm.
1094 673 1200 725 Dicunt
1218 673 1296 725 enim
1320 670 1363 725 illi
1382 671 1412 739 a)
1432 688 1498 725 con-

252 742 400 795 tritionem
418 757 476 795 non
495 742 591 794 delere
610 746 737 809 peccata,
755 742 812 795 nisi
831 742 861 795 in
880 743 981 795 ordine
998 743 1037 795 ad
1055 744 1151 795 claves
1170 742 1318 795 ecclesiae.
1337 740 1365 807 d)
1383 744 1499 797 absolu-

252 812 360 865 tionem
380 812 536 877 producere
555 811 712 864 secundam
731 812 856 881 gratiam
876 814 920 864 vel
940 811 1052 881 gratiae
1071 810 1281 865 sanctificantis
1299 814 1497 881 augmentum.

254 882 297 935 lta
316 882 347 933 A.
366 880 473 948 Vaga
502 880 530 932 in
550 881 626 933 decr.
644 881 720 933 Trid.
739 882 757 933 l.
777 881 818 948 13,
837 899 861 933 c.
880 882 926 933 33:
945 882 999 946 ,st
1016 881 1054 933 ad
1073 884 1261 949 augmentum
1281 882 1393 949 gratiae
1412 885 1442 933 et
1459 881 1497 933 ad

252 950 452 1003 remissionem
465 964 576 1016 poenae
594 950 710 1003 debitae
728 952 917 1017 propeccatis
935 950 1069 1004 omnibus
1088 950 1142 1003 rite
1155 966 1208 1002 sua
1226 952 1344 1016 peccata
1357 950 1498 1003 confessis

251 1019 353 1073 utilem
371 1034 437 1072 eam
455 1035 520 1071 esse
538 1019 727 1084 tradiderunt,
756 1024 786 1072 et
804 1021 857 1073 hac
876 1020 988 1073 ratione
1006 1020 1078 1073 tueri
1098 1035 1148 1073 eos
1166 1034 1329 1087 possumus,
1356 1035 1392 1072 ne
1417 1020 1499 1073 vide-

253 1092 339 1142 antur
362 1089 510 1142 adversari
536 1088 753 1142 definitionibus
772 1090 937 1143 ecclesiae“.
973 1090 1126 1143 Praeterea
1150 1090 1188 1141 ad
1207 1104 1267 1141 rem
1293 1090 1497 1155 explicandam

252 1161 335 1212 notat
352 1158 466 1211 Billot
485 1157 540 1225 (lle
559 1174 629 1210 sacr.
649 1160 667 1211 l.
686 1159 711 1225 2,
729 1159 770 1212 th.
789 1160 823 1211 22
842 1158 915 1225 fini:
934 1160 965 1211 ln
985 1175 1107 1225 summa,
1125 1158 1266 1241 Magister
1283 1159 1497 1212 Sententiarum

139 1270 143 1278 ,
252 1231 282 1282 et
305 1228 352 1295 qui
373 1228 503 1280 eiusdem
522 1242 586 1279 curn
606 1243 640 1280 eo
657 1228 801 1294 opinionis
819 1232 910 1296 erant,
939 1228 995 1281 duo
1014 1229 1086 1281 baec
1111 1230 1247 1294 explicite
1266 1228 1497 1281 confitebantur:

250 1297 444 1351 ministerium
458 1297 637 1349 remissionis
656 1303 838 1364 peccatorum
856 1314 922 1351 esse
935 1313 1024 1364 penes
1043 1299 1216 1361 sacerdotes,
1235 1298 1286 1351 sed
1300 1312 1390 1364 penes
1403 1300 1496 1350 solum

249 1368 342 1421 Deum
361 1382 426 1419 esse
444 1367 655 1431 auctoritatem,
684 1367 701 1419 i.
720 1384 744 1419 e.
764 1370 937 1433 potestatem
957 1368 1146 1435 principalem
1166 1407 1172 1417 .
1192 1408 1199 1419 .
1218 1408 1224 1419 .
1242 1368 1325 1419 Nunc
1349 1370 1446 1420 autem
1465 1367 1496 1419 in

249 1436 430 1504 assignanda
449 1436 621 1488 habitudine
639 1436 765 1490 ministri
784 1437 822 1489 ad
841 1437 1032 1503 principalem
1051 1439 1224 1503 potestatem
1243 1439 1356 1489 veteres
1376 1436 1417 1488 illi
1434 1452 1496 1489 ma-

250 1506 336 1575 gistri
360 1505 561 1558 difficultatem
581 1506 768 1559 inveniebant
787 1546 794 1559 .
814 1547 819 1558 .
840 1547 845 1558 .
865 1506 932 1559 ldeo
951 1508 1125 1573 potestatem
1151 1506 1275 1559 clavium
1301 1506 1497 1572 opinabantur

250 1592 316 1629 esse
340 1577 513 1640 potestatem
537 1574 705 1627 remittendi
729 1579 849 1642 peccata
868 1590 924 1627 non
943 1576 1054 1629 ratione
1074 1576 1224 1629 cuiusdam
1244 1575 1354 1629 inditae
1378 1575 1495 1629 virtutis

251 1644 490 1710 instrumentalis,
517 1645 568 1697 sed
594 1646 683 1697 solius
708 1645 874 1698 comitantis
898 1644 1074 1711 operationis
1099 1645 1222 1711 Spiritus
1246 1645 1359 1712 sancti;
1386 1647 1415 1697 et
1439 1645 1495 1697 hoc

163 1738 171 1753 ι
250 1716 346 1783 ipsum
357 1718 420 1767 rata
433 1714 578 1766 sententia
596 1714 716 1767 minime
734 1713 929 1781 affirmabant,
949 1716 1000 1767 sed
1013 1714 1115 1767 timide
1134 1718 1161 1767 et
1173 1729 1369 1782 moreeorum,
1389 1714 1494 1781 quibus

250 1784 323 1837 nihil
343 1784 447 1836 melius
466 1784 581 1836 interim
600 1783 756 1837 dicendum
775 1784 924 1836 occurrit“.

355 1852 435 1921 Quod
454 1853 666 1906 dubitationem
685 1853 830 1905 exterma
849 1853 1047 1919 deprecatoria
1065 1852 1255 1905 absolutionis
1274 1856 1367 1905 ortam
1381 1853 1494 1917 attinet,

251 1922 360 1989 optime
378 1926 461 1975 notat
479 1922 654 1986 Chardon,
673 1923 746 1975 llist.
758 1922 809 1973 des
829 1925 1016 1983 sacramente,
1036 1923 1136 1986 Periit,
1155 1922 1180 1975 S.
1193 1921 1219 1988 4,
1237 1923 1281 1974 ch.
1295 1922 1323 1974 l:
1342 1923 1391 1975 S’il
1409 1939 1427 1988 y
1446 1924 1495 1975 eut

249 1991 358 2075 jmais
382 2007 420 2043 un
439 1995 503 2044 acte
523 1992 670 2059 juridique
689 1992 762 2044 dans
782 1980 908 2059 l'Eglise,
937 1995 965 2045 et
990 1992 1038 2057 qui
1056 1994 1152 2057 reqult
1170 2008 1225 2057 que
1245 1993 1374 2045 l’enonct
1398 2007 1434 2045 en
1453 1991 1496 2044 lut

251 2061 391 2127 mdicatii,
419 2065 488 2114 c’est
507 2062 689 2113 l'absolution
710 2061 746 2113 de
764 2060 1073 2128 l'excommunication,
1103 2062 1149 2126 qui
1171 2061 1295 2114 consiste
1322 2062 1495 2129 principale·

250 2135 331 2184 ment.
342 2131 416 2183 dans
435 2132 463 2183 le
480 2131 715 2183 retablissement
733 2131 818 2183 d'une
837 2146 979 2197 personne
998 2132 1072 2183 dans
1090 2137 1155 2183 tous
1174 2132 1216 2183 les
1236 2130 1495 2184 droitsexterieurs

250 2201 382 2253 attaches
401 2202 418 2251 ri
436 2202 465 2252 la
483 2201 666 2253 communion
685 2201 737 2253 des
756 2199 870 2267 fideles;
889 2200 992 2266 depuis
1011 2202 1175 2269 longtemps
1188 2204 1291 2267 meme,
1310 2201 1495 2252 l'excommu-

250 2270 376 2322 nication
396 2274 497 2321 estun
516 2273 580 2322 acte
596 2270 750 2337 judiciaire
769 2270 808 2321 du
826 2270 871 2322 for
888 2276 1006 2323 externe
1025 2272 1126 2335 separe
1145 2269 1181 2322 de
1200 2270 1373 2336 l’interieur3
1392 2284 1495 2337 cepen-

212 2401 214 2404 ,
250 2340 321 2392 dant
346 2339 528 2391 l'absolution
553 2354 589 2391 ou
615 2340 643 2391 la
670 2340 835 2392 revocation
860 2340 897 2391 de
922 2340 950 2393 la
969 2341 1104 2392 sentence
1129 2339 1438 2391 d’excemrnunication
1462 2355 1493 2393 se

247 2408 346 2461 faisait
364 2408 502 2460 autrefois
521 2424 573 2474 par
592 2409 644 2461 des
663 2408 771 2474 prieres
789 2424 826 2460 ou
845 2424 880 2461 en
901 2410 991 2462 forme
1010 2409 1215 2477 deprecatoire,
1234 2408 1359 2474 quoique
1377 2409 1413 2461 de
1432 2412 1495 2461 tout

246 2480 343 2543 temps
361 2479 390 2529 la
409 2481 544 2530 sentence
564 2478 599 2529 de
619 2478 917 2531 l’excommnnicaticn
936 2479 978 2531 ait
997 2480 1042 2530 ete
1061 2480 1186 2531 enoncee
1205 2493 1240 2530 en
1258 2482 1366 2531 termes
1385 2478 1494 2530 indica-

245 2548 306 2613 tlls,
325 2562 437 2599 comme
455 2547 474 2599 il
494 2549 588 2613 paralt
607 2563 661 2613 par
678 2548 749 2599 celle
769 2548 816 2613 qui
836 2548 878 2600 lut
897 2548 1035 2601 fulminea
1054 2563 1090 2599 au
1110 2547 1218 2600 concile
1235 2548 1377 2613 d'Ephese
1396 2550 1493 2599 contre

247 2616 405 2682 Nestorius,
433 2616 507 2668 dans
531 2616 603 2667 celui
629 2617 665 2667 de
684 2616 856 2669 flalcedolne
882 2620 980 2669 contre
999 2617 1134 2669 Dioscore
1154 2617 1367 2683 d'hlexandrie,
1395 2619 1424 2669 et
1443 2632 1493 2685 par

249 2688 278 2738 la
302 2685 424 2737 formule
442 2686 753 2738 d'excommunic-ation
772 2702 827 2752 que
846 2687 995 2739 Burchard
1021 2689 1049 2738 et
1068 2687 1206 2752 quelques
1225 2688 1323 2739 autres
1348 2702 1421 2740 nous
1443 2688 1493 2739 ont

249 2756 403 2807 conservae
422 2770 493 2820 pour
511 2755 602 2807 servir
623 2756 659 2807 de
671 2756 785 2808 modele
803 2757 877 2807 daus
897 2757 939 2808 les
952 2756 1101 2809 occasions
1115 2796 1141 2809 ..
1161 2796 1167 2809 .
1187 2796 1193 2807 .
1213 2757 1267 2809 Les
1285 2755 1372 2809 Grecs
1391 2771 1493 2809 encore

248 2823 429 2890 aujourd'hui
458 2829 509 2876 ont
533 2840 589 2877 une
607 2824 728 2877 formula
753 2826 945 2878 d'absolution
966 2825 1162 2891 deprecatoire
1188 2840 1259 2891 pour
1277 2826 1491 2879 l'excommuni-

250 2893 371 2945 catien‘.
390 2893 441 2948 (Cf.
467 2895 568 2956 Goar,
588 2894 705 2947 Euchel.
724 2910 751 2961 p.
769 2893 840 2960 666).

352 2962 459 3029 Quodsi
470 2964 629 3016 secundum
642 2964 783 3016 Bedam
796 2967 910 3016 tantum
921 2966 1057 3030 quattuor
1070 2966 1189 3029 peccata
1198 2964 1335 3031 potestati
1354 2964 1493 3017 ecclesiae

249 3031 398 3084 subiacere
408 3032 550 3092 videntur,
565 3033 773 3100 respondemus
783 3050 848 3085 cum
861 3033 978 3086 (lodef
983 3034 1064 3085 ride
1080 3035 1097 3085 l.
1108 3033 1132 3086 3.
1149 3049 1192 3099 ep.
1204 3033 1244 3086 16.
1261 3033 1299 3085 ad
1306 3034 1493 3087 Guilelmum:

249 3101 443 3166 „Proposuisti
454 3103 529 3167 quod
540 3103 719 3155 solummodo
732 3108 867 3168 quattuor
881 3108 999 3169 peccata
1013 3102 1192 3156 confessione
1206 3103 1385 3170 indigebant,
1398 3107 1493 3156 cetera

249 3172 346 3223 autem
365 3186 383 3223 a
399 3172 521 3223 Domino
540 3172 602 3223 sine
622 3172 801 3225 confessione
820 3175 1011 3236 sanabantur;
1030 3172 1105 3237 quod
1125 3176 1154 3225 te
1174 3172 1320 3225 invenisse
1337 3172 1444 3225 asseris
1463 3173 1492 3225 in

248 3240 429 3305 expositione
446 3242 543 3293 Bedae
569 3242 604 3293 de
622 3242 783 3309 evangelio,
811 3242 860 3293 ubi
880 3242 981 3295 decem
1007 3242 1110 3307 leprosi
1137 3242 1232 3294 sanati
1256 3257 1273 3293 a
1293 3242 1416 3295 Domino
1434 3257 1493 3294 me·

249 3315 405 3363 morantur.
443 3312 499 3363 Sed
524 3311 579 3363 hcc
604 3311 645 3363 ita
670 3310 891 3378 intelligendum
918 3312 1038 3364 minime
1065 3326 1225 3379 censemus,
1253 3313 1282 3364 et
1301 3312 1381 3363 iuxta
1405 3310 1492 3363 fidem

247 3380 437 3432 christianam
448 3381 489 3433 sic
500 3380 662 3448 intelligere
673 3396 726 3433 nec
737 3396 891 3446 possumus
902 3397 955 3433 nec
968 3382 1115 3434 debemus.
1127 3380 1406 3451 Determinandaest
1415 3380 1491 3432 enim

246 3450 304 3501 ista
323 3451 468 3503 sententia
487 3451 641 3517 sapienter,
669 3454 751 3502 ut..
778 3450 853 3502 .illa
873 3454 1008 3515 quattuor
1025 3454 1153 3517 peccata,
1172 3466 1230 3502 non
1250 3450 1307 3502 iam
1328 3450 1381 3501 soli
1401 3464 1493 3502 sacer-

247 3518 316 3577 doti.
345 3520 420 3571 sicut
444 3520 474 3571 in
493 3520 596 3572 ceteris
615 3519 719 3587 agitur,
749 3520 800 3571 sed
818 3520 972 3572 universae
997 3520 1137 3572 ecclesiae
1161 3519 1370 3572 confiteantur:
1398 3524 1493 3573 cetera

247 3602 315 3640 vero
334 3589 413 3654 vitia,
441 3590 515 3641 sicut
535 3589 614 3655 dicit,
642 3604 693 3655 per
711 3605 743 3641 se
762 3589 856 3655 ipsum
883 3590 1023 3643 [lominus
1048 3593 1133 3642 sanat
1156 3630 1161 3641 .
1188 3630 1193 3641 .
1219 3630 1225 3641 .
1249 3588 1395 3655 videlicet,
1420 3604 1493 3654 quae

250 3656 305 3709 sibi
325 3659 439 3723 privata
457 3659 486 3710 in
506 3658 686 3711 confessione
705 3660 876 3712 revelantur.
906 3658 965 3711 Sibi
985 3660 1057 3726 dico,
1077 3660 1144 3724 quia
1164 3658 1215 3724 illi,
1234 3658 1282 3725 qui
1302 3658 1330 3709 in
1350 3658 1412 3711 eius
1431 3660 1493 3711 loco

250 3741 314 3778 esse
340 3727 544 3794 dignoscitur‘.
582 3730 713 3780 Ceterum
740 3728 774 3779 ci.
794 3728 919 3781 similem
946 3730 1040 3780 locum
1066 3728 1247 3781 difficultatis
1274 3730 1422 3793 expertem
1447 3743 1491 3795 ap.

250 3795 422 3847 Hericum
442 3797 471 3848 in
490 3798 572 3849 Hom.
592 3798 673 3849 Pauli
693 3798 812 3849 Diaconi
832 3797 890 3849 176.

353 3865 437 3931 Apud
448 3866 583 3919 Goarium
603 3868 681 3919 leves
700 3869 802 3932 culpae
820 3870 1003 3932 opponuntur
1022 3867 1073 3933 eis,
1093 3882 1166 3933 quae
1185 3866 1315 3919 censuris
1334 3866 1493 3933 subiacent,

251 3949 325 3999 quae
343 3936 440 3987 tamen
460 3936 639 3988 confessione
658 3937 716 3988 iam
735 3937 869 4002 expiatae
889 3940 962 3989 sunt.
1268 3935 1302 3987 A.
1321 3920 1457 4000 Spatdek.

679 4107 1063 4185 MISCELLANEA.

249 4330 317 4384 1906
353 4260 454 4318 Berua
473 4260 710 4319 intercedentis
729 4261 766 4319 lla
785 4261 949 4331 theologia.
983 4261 1074 4316 XlVe
1093 4276 1162 4315 ann.
1197 4260 1243 4315 No
1262 4262 1373 4317 53-54.
1395 4262 1494 4317 Berua

353 4398 394 4453 Hi
413 4398 560 4463 fasciculi,
614 4399 645 4453 ui
664 4415 681 4453 a
701 4398 854 4467 theologis
881 4398 1146 4453 veterocatholicis
1167 4399 1304 4454 eduntur
1328 4402 1493 4471 atquibus

249 4468 379 4523 edendis
392 4472 516 4537 praeest
531 4468 564 4522 E.
579 4416 732 4534 iffichaud,
743 4468 775 4522 in
788 4468 993 4523 universitate
1008 4468 1158 4523 Bernensi
1177 4468 1354 4539 theologiae
1367 4471 1493 4541 dogma-

249 4536 326 4591 ticae
350 4543 379 4591 et
398 4536 547 4592 historiae
570 4537 793 4593 ecclesiasticae
812 4538 983 4606 professor,
1014 4538 1126 4592 inultas
1147 4537 1333 4607 procedente
1352 4546 1494 4610 tempore

249 4607 422 4661 attulerunt
440 4608 726 4671 commentationes,
754 4622 834 4675 quae
853 4612 883 4661 et
902 4606 940 4660 ad
961 4606 1146 4676 theologiam
1169 4606 1315 4661 slevicam
1339 4610 1426 4665 etad
1446 4626 1495 4665 co·

249 4682 342 4729 natus
373 4676 517 4730 ecclesias
550 4676 677 4730 uniendi
708 4675 847 4731 attinent.
886 4675 1028 4744 Exempli
1065 4690 1158 4730 causa
1195 4676 1397 4734 nominentur
1427 4680 1492 4737 hic:
