3450 5342
670 493 838 544 ..gi5..

122 682 258 737 visurum
275 699 391 757 sperare
408 682 523 757 potest'?
540 679 677 737 hliranda
693 700 764 739 sane
781 682 846 739 res!
867 714 903 723 -
923 680 1093 738 Fasciculus
1110 678 1257 739 clauditur
1273 680 1379 739 biblio·
1428 714 1431 721 ·

121 765 415 844 graphicisnetitiis
442 777 503 824 tum
527 765 564 823 de
594 770 726 825 externis
756 777 818 825 tum
841 766 878 825 dc
902 767 1046 845 polonicis
1075 766 1158 825 libris
1181 766 1378 845 ephemeridi-

120 850 240 930 busqne
256 852 438 929 theologicis.
462 852 558 911 l'alde
573 853 742 919 delendum,
765 852 844 932 quod
859 854 946 911 unica
963 852 1036 911 haec
1051 853 1202 931 periodica
1218 853 1377 931 publicatio

126 939 334 1017 ¹‚theologica
362 942 393 997 in
417 960 508 1013 regno
530 940 674 999 l'oloniae
692 943 785 1018 ipsam
804 940 983 1015 theologiam
1002 943 1054 998 vix
1070 950 1119 999 ant
1137 960 1174 999 ne
1190 942 1242 999 vix
1259 941 1378 1019 quidem

122 1028 258 1099 attingit.

242 1133 284 1199 W
280 1130 494 1200 iadomos‘ci
518 1133 728 1200 PaSleerie
744 1140 870 1215 singulis
884 1137 1035 1197 mensibus
1051 1137 1177 1198 eduntur
1192 1140 1378 1199 I’etricoriae

121 1224 281 1301 redigente
303 1226 338 1283 ll.
372 1226 406 1284 P.
441 1226 576 1283 Mariano
599 1226 736 1285 Fulmen.
771 1224 903 1284 Pretium
929 1229 947 1283 4
972 1223 1033 1283 rub.
1069 1228 1175 1284 Annus
1202 1229 1292 1297 1905,
1327 1230 1376 1305 qui

121 1325 187 1369 erat
224 1312 311 1370 huius
334 1312 541 1390 publicationis
576 1316 694 1391 primus.
729 1312 828 1371 attulit
862 1324 972 1371 tomum
998 1315 1059 1371 812
1084 1334 1150 1391 pag.
1184 1300 1387 1373 constemens

121 1398 425 1457 Wiadomesici
459 1418 579 1477 scopum
620 1401 772 1458 exclusive
814 1402 974 1477 practicum
1007 1410 1231 1477 persequuntur:
1260 1403 1376 1459 articuli

122 1487 278 1563 pertinent
301 1484 339 1543 ad
362 1488 557 1554 casuistieam
581 1486 757 1562 liturgicum,
781 1486 960 1553 catecheses,
978 1505 1038 1545 rem
1055 1486 1256 1559 acstheticam,
1272 1508 1377 1567 quaeis-

122 1574 222 1630 tiones
246 1572 379 1631 seciales.
404 1572 533 1631 Notandi
558 1584 625 1631 sunt
646 1584 745 1633 tamen
769 1574 883 1651 aliquot
899 1574 1023 1645 articuli,
1047 1576 1097 1651 qui
1114 1572 1151 1631 ad
1169 1572 1266 1633 studia
1285 1578 1377 1653 scrip·

121 1660 262 1717 turistica
284 1662 442 1737 pertinent,
479 1658 549 1717 licet
571 1681 630 1718 non
653 1662 714 1718 sint
736 1662 794 1719 nisi
818 1660 1039 1738 compendiaria
1062 1660 1208 1739 quaedam
1231 1665 1376 1739 expositio

122 1745 333 1803 nonnullamm
350 1749 589 1824 propositionum,
605 1750 727 1825 quaein
745 1756 871 1805 tractatu
886 1746 1053 1823 dogmatico
1070 1747 1107 1805 de
1125 1750 1276 1825 b'criptura
1287 1752 1377 1807 Sacra

122 1834 245 1890 tractari
271 1832 374 1891 solent.

231 1918 508 1978 Abclh'ahbi
543 1918 689 1997 (pseud.):
714 1921 753 1975 W
788 1923 976 1998 sprawie
1011 1924 1278 1979 crzeczenia
1313 1924 1377 1979 So-

123 2004 229 2063 bcru
253 2005 602 2085 'l'rydenclriego
630 2007 1126 2085 onatchnieniuksiag
1149 2008 1215 2079 s'w.,
1240 2028 1266 2086 p.
1291 2012 1372 2065 iti-

123 2093 174 2149 ae.
209 2091 366 2172 (Quaestio
388 2092 570 2152 delinitionis
593 2093 721 2152 Concilii
750 2094 834 2153 Trid.
868 2092 905 2151 de
928 2096 1121 2172 inspiratione
1145 2116 1181 2153 ss.
1212 2092 1374 2175 libromm).

124 2180 296 2257 Exponitur
318 2183 480 2239 eommunis
504 2182 584 2239 notio
599 2182 811 2258 inspirationis.
835 2182 1000 2241 refutantur
1018 2181 1094 2239 aliae
1112 2184 1254 2253 notiones,
1277 2182 1376 2241 decla-

123 2278 214 2325 ratur.
231 2266 303 2344 quid
319 2270 438 2326 nemine
466 2270 630 2345 „partium“
658 2268 786 2345 intelligi
802 2267 918 2337 debeat,
932 2270 1050 2327 reicitur
1068 2270 1222 2347 inspiratio
1239 2268 1376 2329 verbalis.

231 2371 286 2430 Ka.
321 2372 357 2429 A.
392 2371 526 2450 Syslri
562 2372 693 2451 (videtur
716 2370 794 2431 idem
817 2393 882 2431 esse
906 2393 940 2431 ac
963 2376 1083 2452 supral:
1113 2372 1151 2429 W
1187 2394 1200 2431 s
1214 2375 1375 2451 prawie

123 2456 437 2535 sprawdzianu
466 2458 767 2518 uatchnienia
788 2458 862 2517 dla
885 2459 1017 2537 ksiag
1039 2460 1220 2537 Newcge
1243 2460 1375 2519 'Festa-

122 2559 271 2602 mentn
294 2544 448 2621 (Quaestio
470 2548 579 2603 criterii
604 2548 807 2623 inspirationis
830 2546 971 2605 librorum
995 2547 1031 2607 N.
1054 2544 1112 2625 ¹12),
1139 2568 1166 2625 p.
1190 2548 1374 2607 asra-501:

123 2634 316 2690 resuscitatur
338 2632 460 2701 theoria,
483 2632 644 2691 secundum
666 2654 753 2711 quam
777 2635 926 2691 criterium
950 2635 1152 2713 inspirationis
1174 2632 1315 2693 librcmm
1339 2636 1374 2693 h'.

122 2718 159 2775 T.
182 2732 229 2776 est
245 2719 407 2796 apostolica
421 2721 502 2797 erige
518 2718 676 2777 eorundem
693 2720 832 2778 libromm
849 2717 908 2796 (Of.
924 2720 958 2778 P.
975 2720 1074 2779 Jouon
1091 2722 1121 2777 in
1137 2720 1250 2779 Etudes
1269 2722 1317 2778 19(
1324 2722 1375 2799 ti).

124 2804 342 2863 Difficultatem
365 2827 403 2864 ex
425 2807 526 2865 Marco
548 2818 577 2864 et
600 2807 682 2865 Luca
704 2809 746 2865 sic
771 2817 871 2864 auctor
894 2807 982 2865 solvit
1005 2828 1032 2885 p.
1057 2810 1141 2865 eoo:
1181 2810 1226 2879 ‚a
1258 2808 1375 2866 Marcus

124 2901 154 2948 et
172 2892 269 2949 Lucas
285 2894 478 2969 personaliter
494 2892 614 2971 quidem
630 2896 764 2971 inspirati
782 2904 874 2962 crant,
895 2894 1087 2952 nihilominus
1104 2914 1203 2951 corum
1221 2896 1374 2973 inspiratio

124 2978 291 3038 subiectis-e
325 2991 387 3037 erat
418 2978 625 3038 condicionata
654 2992 683 3038 ct
705 2980 886 3059 dependens.
922 2982 982 3059 lpsi
1015 2981 1085 3039 facti
1121 2992 1187 3039 sunt
1216 2984 1374 3059 participes

124 3065 331 3143 inspirationis
353 3067 503 3131 relativae,
526 3070 546 3127 i.
568 3088 593 3124 e.
617 3066 784 3126 huiusmodi
807 3078 836 3125 ct
858 3080 989 3137 eatenus,
1013 3078 1157 3145 quatenus
1180 3067 1301 3127 tradunt
1317 3069 1374 3133 rel,

24 3209 25 3215 χ
87 3217 92 3223 ,
124 3163 155 3209 ut
178 3155 313 3211 exactius
336 3152 476 3220 dicamus,
509 3152 712 3232 reprodncunt‚
745 3153 911 3213 doctrinam
939 3154 1143 3233 apostolorum,
1178 3163 1207 3211 et
1230 3166 1374 3233 quatenus

126 3326 336 3403 Apostolorum
362 3329 515 3404 inspiratio
538 3348 602 3385 cum
633 3348 732 3387 eornm
756 3328 927 3387 charactere
950 3328 1110 3406 apostolico
1133 3330 1289 3386 coniuncta
1321 3340 1373 3395 est,

126 3412 281 3489 inspiratio
305 3426 403 3471 autem
426 3414 520 3471 Marci
542 3426 569 3472 et
593 3415 691 3473 Lucae
705 3415 823 3493 profluit
839 3436 876 3473 ex
893 3435 991 3473 eorum
1008 3414 1223 3492 apostolicitate
1240 3415 1373 3478 relativa,

126 3498 265 3570 mediata
288 3507 449 3559 mutuata“.

233 3585 349 3644 Idem.
387 3588 559 3665 I'ou'aga
601 3586 726 3645 biblii
760 3609 786 3643 w
822 3588 1010 3646 raeczach
1049 3587 1373 3666 historycznych

126 3666 310 3747 (Auctoritas
334 3676 500 3752 Scripturas
525 3677 553 3735 S.
576 3677 609 3732 in
631 3674 717 3733 rebus
741 3674 901 3744 historicis)
924 3696 952 3753 p.
976 3676 1155 3741 tas-763,
1186 3673 1237 3733 ubi
1259 3674 1374 3731 theoria

127 3776 154 3833 p.
175 3758 335 3837 Lagrange
358 3760 483 3819 habetur
506 3761 613 3819 infesta
635 3760 786 3820 doctrinae
809 3760 846 3820 de
870 3764 1072 3839 inspiratione.

231 3872 372 3949 Magnam
386 3876 580 3933 attentionem
590 3883 718 3932 meretur
726 3876 935 3932 commentatio
945 3875 984 3931 M.
1001 3875 1025 3932 F
1036 3874 1073 3932 ul
1083 3895 1111 3932 m
1121 3895 1138 3931 a
1147 3896 1166 3932 n
1179 3896 1184 3933 :
1209 3874 1238 3931 K
1248 3874 1310 3952 apl
1321 3896 1337 3932 a
1347 3896 1374 3946 u,

126 3955 306 4033 lasiailra
338 3962 349 4017 i
383 3963 498 4039 pidre
529 3960 693 4035 (Sacerdos,
723 3958 807 4031 liber,
830 3960 973 4035 calamus)
996 3982 1023 4039 p.
1048 3962 1227 4032 357-383,
1262 3963 1292 4019 in
1316 3982 1374 4039 quo

128 4043 160 4100 lt.
183 4055 286 4104 auctor
314 4048 437 4126 inquirit
460 4050 491 4106 in
514 4068 618 4107 causas
652 4050 793 4125 penuriae
815 4046 947 4106 laborum
972 4049 1003 4106 in
1027 4067 1130 4126 campo
1153 4048 1318 4125 theologico
1342 4049 1372 4106 iu

127 4129 259 4190 Polcnia.
282 4133 467 4193 Describitur
484 4136 577 4194 tristis
593 4133 750 4193 admodum
766 4144 860 4193 status
875 4133 1059 4193 educationis
1078 4134 1216 4193 catholici
1233 4134 1303 4192 cleri
1320 4133 1374 4193 snb

128 4214 243 4277 dicione
267 4222 403 4281 rossiaea.
427 4224 592 4280 Seminaria
606 4220 798 4293 dioecesana,
820 4220 858 4279 ob
881 4219 1111 4281 indifferentiam
1123 4242 1160 4279 ex
1176 4230 1258 4299 parte
1275 4241 1375 4279 saecu-

128 4302 229 4363 larium
249 4317 277 4363 et
293 4306 513 4386 depressionem
525 4329 563 4367 cx
579 4317 662 4386 parte
677 4307 812 4385 gubernii
828 4305 862 4387 ¹),
879 4310 1054 4367 necessariis
1070 4318 1170 4366 carent
1186 4307 1375 4370 adiumentis.

190 4491 212 4548 1ι
233 4490 279 4545 ad
298 4494 532 4548 sustentationem
551 4492 671 4548 omnium
690 4492 863 4561 clericerum,
888 4492 1087 4563 pantanorum,
1111 4491 1300 4547 bibliothecae
1320 4498 1373 4545 etc.

228 4560 395 4630 gubernium
407 4563 535 4686 assipnat
553 4562 704 4631 quotannis
715 4562 891 4619 aceo-4000
909 4560 968 4616 rub.
982 4578 1034 4631 pro
1052 4576 1107 4643 uno
1122 4561 1280 4625 seminario,
1299 4560 1373 4615 unde

229 4631 334 4699 evenit,
362 4637 394 4685 nt
410 4648 463 4701 pro
476 4647 585 4687 asseres
603 4650 631 4686 r.
650 4648 673 4686 c.
692 4632 833 4701 accipiant
858 4646 981 4687 annuum
1000 4632 1133 4687 salarium
1157 4631 1296 4687 loo-asc
1314 4629 1374 4685 rub.

229 4704 258 4754 et
274 4700 303 4755 in
330 4699 519 4757 bibliothecas
536 4701 604 4755 uuili
629 4701 696 4757 nori
714 4706 842 4755 emautur
860 4700 933 4756 libri.
971 4700 1070 4757 Omnia
1088 4701 1164 4757 bona
1181 4699 1375 4756 ecclesiastica

228 4767 297 4824 fisce
315 4777 381 4825 suut
398 4770 519 4827 adiecta
544 4770 646 4825 licta
663 4770 733 4825 res.
