<?xml version="1.0" encoding="UTF-8"?>
<!DOCTYPE html PUBLIC "-//W3C//DTD XHTML 1.0 Transitional//EN"
    "http://www.w3.org/TR/xhtml1/DTD/xhtml1-transitional.dtd">
<html xmlns="http://www.w3.org/1999/xhtml" xml:lang="en" lang="en">
 <head>
  <title>
</title>
<meta http-equiv="Content-Type" content="text/html;charset=utf-8" />
  <meta name='ocr-system' content='tesseract 3.04.00' />
  <meta name='ocr-capabilities' content='ocr_page ocr_carea ocr_par ocr_line ocrx_word'/>
</head>
<body>
  <div class='ocr_page' id='page_1' title='image "./slavorumlittera00unkngoog_0514.png"; bbox 0 0 3450 5342; ppageno 0'>
   <div class='ocr_carea' id='block_1_1' title="bbox 887 373 1081 428">
    <p class='ocr_par' dir='ltr' id='par_1_1' title="bbox 887 373 1081 428">
     <span class='ocr_line' id='line_1_1' title="bbox 887 373 1081 428; baseline 0 0"><span class='ocrx_word' id='word_1_1' title='bbox 887 373 1081 428; x_wconf 75' lang='lat'>-144-</span> 
     </span>
    </p>
   </div>
   <div class='ocr_carea' id='block_1_2' title="bbox 360 553 1615 1146">
    <p class='ocr_par' dir='ltr' id='par_1_2' title="bbox 360 553 1615 1146">
     <span class='ocr_line' id='line_1_2' title="bbox 362 553 1612 632; baseline -0.006 -16"><span class='ocrx_word' id='word_1_2' title='bbox 362 558 564 632; x_wconf 89' lang='lat' dir='ltr'>perceptione</span> <span class='ocrx_word' id='word_1_3' title='bbox 583 557 689 614; x_wconf 77' lang='lat' dir='ltr'>sensili</span> <span class='ocrx_word' id='word_1_4' title='bbox 709 563 852 626; x_wconf 77' lang='lat' dir='ltr'>possunt,</span> <span class='ocrx_word' id='word_1_5' title='bbox 880 555 911 611; x_wconf 92' lang='lat' dir='ltr'>id</span> <span class='ocrx_word' id='word_1_6' title='bbox 930 556 1016 626; x_wconf 89' lang='lat' dir='ltr'>quod</span> <span class='ocrx_word' id='word_1_7' title='bbox 1035 558 1051 612; x_wconf 89' lang='grc'><strong>7</strong></span> <span class='ocrx_word' id='word_1_8' title='bbox 1070 554 1226 625; x_wconf 75' lang='lat' dir='ltr'><strong>capitibus</strong></span> <span class='ocrx_word' id='word_1_9' title='bbox 1246 560 1394 625; x_wconf 77' lang='lat' dir='ltr'><strong>praestat,</strong></span> <span class='ocrx_word' id='word_1_10' title='bbox 1423 553 1532 609; x_wconf 86' lang='lat' dir='ltr'>allatis</span> <span class='ocrx_word' id='word_1_11' title='bbox 1551 569 1612 622; x_wconf 89' lang='lat' dir='ltr'>per·</span> 
     </span>
     <span class='ocr_line' id='line_1_3' title="bbox 362 639 1610 716; baseline -0.007 -13"><span class='ocrx_word' id='word_1_12' title='bbox 362 645 468 703; x_wconf 87' lang='lat' dir='ltr'>multis</span> <span class='ocrx_word' id='word_1_13' title='bbox 496 645 756 716; x_wconf 82' lang='lat' dir='ltr'>physiologorum</span> <span class='ocrx_word' id='word_1_14' title='bbox 786 649 817 700; x_wconf 93' lang='lat' dir='ltr'>et</span> <span class='ocrx_word' id='word_1_15' title='bbox 845 642 1111 714; x_wconf 80' lang='lat' dir='ltr'>psycbologorum</span> <span class='ocrx_word' id='word_1_16' title='bbox 1150 641 1372 698; x_wconf 87' lang='lat' dir='ltr'>modernorum</span> <span class='ocrx_word' id='word_1_17' title='bbox 1411 639 1610 695; x_wconf 76' lang='lat' dir='ltr'>testimoniis</span> 
     </span>
     <span class='ocr_line' id='line_1_4' title="bbox 362 725 1612 802; baseline -0.007 -12"><span class='ocrx_word' id='word_1_18' title='bbox 362 732 470 802; x_wconf 85' lang='lat' dir='ltr'>Capite</span> <span class='ocrx_word' id='word_1_19' title='bbox 487 739 599 786; x_wconf 84' lang='lat' dir='ltr'>octavo</span> <span class='ocrx_word' id='word_1_20' title='bbox 612 729 761 784; x_wconf 76' lang='lat' dir='ltr'><strong>sensibus</strong></span> <span class='ocrx_word' id='word_1_21' title='bbox 779 728 913 784; x_wconf 87' lang='lat' dir='ltr'>internis</span> <span class='ocrx_word' id='word_1_22' title='bbox 926 727 1052 796; x_wconf 75' lang='lat' dir='ltr'>insistit,</span> <span class='ocrx_word' id='word_1_23' title='bbox 1070 741 1244 798; x_wconf 88' lang='lat' dir='ltr'>eorumque</span> <span class='ocrx_word' id='word_1_24' title='bbox 1258 725 1441 783; x_wconf 82' lang='lat' dir='ltr'>iunctiones</span> <span class='ocrx_word' id='word_1_25' title='bbox 1461 727 1498 782; x_wconf 92' lang='lat' dir='ltr'>in</span> <span class='ocrx_word' id='word_1_26' title='bbox 1514 741 1612 782; x_wconf 67' lang='lat' dir='ltr'>seun-</span> 
     </span>
     <span class='ocr_line' id='line_1_5' title="bbox 361 813 1613 886; baseline -0.005 -12"><span class='ocrx_word' id='word_1_27' title='bbox 361 819 509 885; x_wconf 89' lang='lat' dir='ltr'>tionibus,</span> <span class='ocrx_word' id='word_1_28' title='bbox 526 818 567 873; x_wconf 91' lang='lat' dir='ltr'>ab</span> <span class='ocrx_word' id='word_1_29' title='bbox 585 823 674 872; x_wconf 82' lang='lat' dir='ltr'>extra</span> <span class='ocrx_word' id='word_1_30' title='bbox 695 814 836 886; x_wconf 75' lang='lat' dir='ltr'>receptis,</span> <span class='ocrx_word' id='word_1_31' title='bbox 864 815 903 870; x_wconf 94' lang='lat' dir='ltr'>ad</span> <span class='ocrx_word' id='word_1_32' title='bbox 923 813 1073 871; x_wconf 89' lang='lat' dir='ltr'>unitatem</span> <span class='ocrx_word' id='word_1_33' title='bbox 1093 813 1252 884; x_wconf 91' lang='lat' dir='ltr'>quandam</span> <span class='ocrx_word' id='word_1_34' title='bbox 1272 813 1474 884; x_wconf 73' lang='lat' dir='ltr'>redigendis,</span> <span class='ocrx_word' id='word_1_35' title='bbox 1494 829 1613 868; x_wconf 73' lang='lat' dir='ltr'>muser-</span> 
     </span>
     <span class='ocr_line' id='line_1_6' title="bbox 361 900 1614 974; baseline -0.006 -12"><span class='ocrx_word' id='word_1_36' title='bbox 361 906 482 974; x_wconf 87' lang='lat' dir='ltr'>vandis,</span> <span class='ocrx_word' id='word_1_37' title='bbox 502 903 752 974; x_wconf 89' lang='lat' dir='ltr'>reproducendis</span> <span class='ocrx_word' id='word_1_38' title='bbox 770 901 917 974; x_wconf 81' lang='lat' dir='ltr'>exponit:</span> <span class='ocrx_word' id='word_1_39' title='bbox 936 903 1021 958; x_wconf 90' lang='lat' dir='ltr'>unde</span> <span class='ocrx_word' id='word_1_40' title='bbox 1040 903 1099 957; x_wconf 91' lang='lat' dir='ltr'>hoc</span> <span class='ocrx_word' id='word_1_41' title='bbox 1117 902 1184 958; x_wconf 89' lang='lat' dir='ltr'>ioco</span> <span class='ocrx_word' id='word_1_42' title='bbox 1202 901 1241 957; x_wconf 95' lang='lat' dir='ltr'>de</span> <span class='ocrx_word' id='word_1_43' title='bbox 1260 915 1357 958; x_wconf 87' lang='lat' dir='ltr'>sensu</span> <span class='ocrx_word' id='word_1_44' title='bbox 1376 900 1557 963; x_wconf 89' lang='lat' dir='ltr'>communi,</span> <span class='ocrx_word' id='word_1_45' title='bbox 1579 900 1614 954; x_wconf 85' lang='lat' dir='ltr'>de</span> 
     </span>
     <span class='ocr_line' id='line_1_7' title="bbox 366 987 1615 1064; baseline -0.006 -15"><span class='ocrx_word' id='word_1_46' title='bbox 366 992 531 1064; x_wconf 70' lang='lat' dir='ltr'>phantasia</span> <span class='ocrx_word' id='word_1_47' title='bbox 549 997 581 1047; x_wconf 93' lang='lat' dir='ltr'>et</span> <span class='ocrx_word' id='word_1_48' title='bbox 599 989 759 1056; x_wconf 86' lang='lat' dir='ltr'>memoria,</span> <span class='ocrx_word' id='word_1_49' title='bbox 777 1005 950 1060; x_wconf 89' lang='lat' dir='ltr'>earumque</span> <span class='ocrx_word' id='word_1_50' title='bbox 970 989 1214 1058; x_wconf 84' lang='lat' dir='ltr'>perturbatione,</span> <span class='ocrx_word' id='word_1_51' title='bbox 1233 1003 1290 1044; x_wconf 88' lang='lat' dir='ltr'>nec</span> <span class='ocrx_word' id='word_1_52' title='bbox 1309 1003 1371 1043; x_wconf 91' lang='lat' dir='ltr'>non</span> <span class='ocrx_word' id='word_1_53' title='bbox 1392 991 1512 1058; x_wconf 83' lang='lat' dir='ltr'>paucis</span> <span class='ocrx_word' id='word_1_54' title='bbox 1531 989 1570 1042; x_wconf 86' lang='lat' dir='ltr'>de</span> <span class='ocrx_word' id='word_1_55' title='bbox 1589 987 1615 1041; x_wconf 78' lang='lat' dir='ltr'>ri</span> 
     </span>
     <span class='ocr_line' id='line_1_8' title="bbox 360 1073 1615 1146; baseline -0.006 -11"><span class='ocrx_word' id='word_1_56' title='bbox 360 1079 558 1135; x_wconf 78' lang='lat' dir='ltr'>aestimativa</span> <span class='ocrx_word' id='word_1_57' title='bbox 582 1076 779 1133; x_wconf 82' lang='lat' dir='ltr'>instruimur.</span> <span class='ocrx_word' id='word_1_58' title='bbox 812 1076 918 1131; x_wconf 82' lang='lat' dir='ltr'>Prima</span> <span class='ocrx_word' id='word_1_59' title='bbox 939 1077 1014 1132; x_wconf 84' lang='lat' dir='ltr'>haec</span> <span class='ocrx_word' id='word_1_60' title='bbox 1037 1091 1111 1146; x_wconf 88' lang='lat' dir='ltr'>pars</span> <span class='ocrx_word' id='word_1_61' title='bbox 1136 1074 1301 1132; x_wconf 87' lang='lat' dir='ltr'>dimidium</span> <span class='ocrx_word' id='word_1_62' title='bbox 1321 1073 1388 1130; x_wconf 87' lang='lat' dir='ltr'>iere</span> <span class='ocrx_word' id='word_1_63' title='bbox 1416 1075 1524 1132; x_wconf 87' lang='lat' dir='ltr'>totius</span> <span class='ocrx_word' id='word_1_64' title='bbox 1548 1073 1615 1128; x_wconf 82' lang='lat' dir='ltr'>libri</span> 
     </span>
    </p>
   </div>
   <div class='ocr_carea' id='block_1_3' title="bbox 363 1166 1618 1323">
    <p class='ocr_par' dir='ltr' id='par_1_3' title="bbox 363 1166 1618 1323">
     <span class='ocr_line' id='line_1_9' title="bbox 363 1166 1618 1323; baseline 0.008 -30"><span class='ocrx_word' id='word_1_65' title='bbox 363 1166 623 1323; x_wconf 43' lang='lat' dir='ltr'>expletgequimr</span> <span class='ocrx_word' id='word_1_66' title='bbox 642 1255 792 1306; x_wconf 85' lang='lat' dir='ltr'>tractatus</span> <span class='ocrx_word' id='word_1_67' title='bbox 806 1249 845 1304; x_wconf 92' lang='lat' dir='ltr'>de</span> <span class='ocrx_word' id='word_1_68' title='bbox 858 1248 1036 1320; x_wconf 80' lang='lat' dir='ltr'>cognitione</span> <span class='ocrx_word' id='word_1_69' title='bbox 1049 1247 1255 1306; x_wconf 80' lang='lat' dir='ltr'>intellectuali:</span> <span class='ocrx_word' id='word_1_70' title='bbox 1277 1248 1431 1304; x_wconf 86' lang='lat' dir='ltr'>statuitur</span> <span class='ocrx_word' id='word_1_71' title='bbox 1445 1249 1618 1304; x_wconf 87' lang='lat' dir='ltr'>discrimen</span> 
     </span>
    </p>
   </div>
   <div class='ocr_carea' id='block_1_4' title="bbox 362 1333 1617 1583">
    <p class='ocr_par' dir='ltr' id='par_1_4' title="bbox 362 1333 1617 1583">
     <span class='ocr_line' id='line_1_10' title="bbox 363 1333 1617 1409; baseline -0.002 -13"><span class='ocrx_word' id='word_1_72' title='bbox 363 1341 446 1396; x_wconf 90' lang='lat' dir='ltr'>inter</span> <span class='ocrx_word' id='word_1_73' title='bbox 471 1339 656 1409; x_wconf 84' lang='lat' dir='ltr'>phantasma</span> <span class='ocrx_word' id='word_1_74' title='bbox 678 1347 708 1392; x_wconf 90' lang='lat' dir='ltr'>et</span> <span class='ocrx_word' id='word_1_75' title='bbox 727 1337 837 1405; x_wconf 85' lang='lat' dir='ltr'>ideam,</span> <span class='ocrx_word' id='word_1_76' title='bbox 862 1342 1065 1406; x_wconf 79' lang='lat' dir='ltr'>exponuntur</span> <span class='ocrx_word' id='word_1_77' title='bbox 1089 1336 1227 1393; x_wconf 89' lang='lat' dir='ltr'>theoriae</span> <span class='ocrx_word' id='word_1_78' title='bbox 1251 1336 1290 1391; x_wconf 88' lang='lat' dir='ltr'>de</span> <span class='ocrx_word' id='word_1_79' title='bbox 1314 1335 1442 1406; x_wconf 87' lang='lat' dir='ltr'>origine</span> <span class='ocrx_word' id='word_1_80' title='bbox 1462 1333 1617 1394; x_wconf 72' lang='lat' dir='ltr'>idearum.</span> 
     </span>
     <span class='ocr_line' id='line_1_11' title="bbox 362 1422 1616 1497; baseline -0.005 -15"><span class='ocrx_word' id='word_1_81' title='bbox 362 1427 444 1482; x_wconf 88' lang='lat' dir='ltr'>inter</span> <span class='ocrx_word' id='word_1_82' title='bbox 461 1441 542 1497; x_wconf 91' lang='lat' dir='ltr'>quas</span> <span class='ocrx_word' id='word_1_83' title='bbox 561 1431 702 1496; x_wconf 81' lang='lat' dir='ltr'>systema</span> <span class='ocrx_word' id='word_1_84' title='bbox 733 1423 1169 1494; x_wconf 88' lang='lat' dir='ltr'>peripatetico-scholasticum</span> <span class='ocrx_word' id='word_1_85' title='bbox 1189 1423 1316 1494; x_wconf 83' lang='lat' dir='ltr'>eligitur</span> <span class='ocrx_word' id='word_1_86' title='bbox 1340 1427 1501 1492; x_wconf 87' lang='lat' dir='ltr'>tauquam</span> <span class='ocrx_word' id='word_1_87' title='bbox 1531 1422 1616 1477; x_wconf 84' lang='lat' dir='ltr'>unice</span> 
     </span>
     <span class='ocr_line' id='line_1_12' title="bbox 362 1507 1617 1583; baseline -0.004 -15"><span class='ocrx_word' id='word_1_88' title='bbox 362 1528 483 1579; x_wconf 84' lang='lat' dir='ltr'>verum,</span> <span class='ocrx_word' id='word_1_89' title='bbox 507 1511 583 1583; x_wconf 91' lang='lat' dir='ltr'>quin</span> <span class='ocrx_word' id='word_1_90' title='bbox 609 1520 712 1567; x_wconf 88' lang='lat' dir='ltr'>tamen</span> <span class='ocrx_word' id='word_1_91' title='bbox 739 1510 922 1566; x_wconf 91' lang='lat' dir='ltr'>subtiliores</span> <span class='ocrx_word' id='word_1_92' title='bbox 940 1509 1099 1580; x_wconf 81' lang='lat' dir='ltr'>agitentur</span> <span class='ocrx_word' id='word_1_93' title='bbox 1116 1509 1317 1581; x_wconf 86' lang='lat' dir='ltr'>quaestiones</span> <span class='ocrx_word' id='word_1_94' title='bbox 1344 1508 1383 1564; x_wconf 94' lang='lat' dir='ltr'>de</span> <span class='ocrx_word' id='word_1_95' title='bbox 1407 1507 1617 1564; x_wconf 84' lang='lat' dir='ltr'>distinctione</span> 
     </span>
    </p>
   </div>
   <div class='ocr_carea' id='block_1_5' title="bbox 358 1595 1619 4013">
    <p class='ocr_par' dir='ltr' id='par_1_5' title="bbox 361 1595 1618 1840">
     <span class='ocr_line' id='line_1_13' title="bbox 364 1595 1618 1668; baseline -0.007 -14"><span class='ocrx_word' id='word_1_96' title='bbox 364 1600 447 1656; x_wconf 90' lang='lat' dir='ltr'>inter</span> <span class='ocrx_word' id='word_1_97' title='bbox 466 1599 654 1656; x_wconf 86' lang='lat' dir='ltr'>intellectum</span> <span class='ocrx_word' id='word_1_98' title='bbox 668 1601 812 1668; x_wconf 70' lang='lat' dir='ltr'>agentmn</span> <span class='ocrx_word' id='word_1_99' title='bbox 826 1603 858 1652; x_wconf 89' lang='lat' dir='ltr'>et</span> <span class='ocrx_word' id='word_1_100' title='bbox 871 1595 1063 1667; x_wconf 89' lang='lat' dir='ltr'>possibilem,</span> <span class='ocrx_word' id='word_1_101' title='bbox 1082 1603 1112 1652; x_wconf 92' lang='lat' dir='ltr'>et</span> <span class='ocrx_word' id='word_1_102' title='bbox 1131 1596 1297 1667; x_wconf 85' lang='lat' dir='ltr'>utriusque</span> <span class='ocrx_word' id='word_1_103' title='bbox 1315 1595 1492 1650; x_wconf 86' lang='lat' dir='ltr'>iunctione.</span> <span class='ocrx_word' id='word_1_104' title='bbox 1519 1595 1618 1665; x_wconf 80' lang='lat' dir='ltr'>Expo</span> 
     </span>
     <span class='ocr_line' id='line_1_14' title="bbox 361 1679 1617 1754; baseline -0.003 -12"><span class='ocrx_word' id='word_1_105' title='bbox 361 1693 481 1743; x_wconf 89' lang='lat' dir='ltr'>nuntur</span> <span class='ocrx_word' id='word_1_106' title='bbox 507 1686 599 1742; x_wconf 89' lang='lat' dir='ltr'>etiarn</span> <span class='ocrx_word' id='word_1_107' title='bbox 628 1691 717 1740; x_wconf 91' lang='lat' dir='ltr'>actus</span> <span class='ocrx_word' id='word_1_108' title='bbox 744 1683 933 1748; x_wconf 89' lang='lat' dir='ltr'>intellectivi,</span> <span class='ocrx_word' id='word_1_109' title='bbox 962 1683 1179 1754; x_wconf 84' lang='lat' dir='ltr'>apprehensio,</span> <span class='ocrx_word' id='word_1_110' title='bbox 1210 1683 1369 1749; x_wconf 89' lang='lat' dir='ltr'>iudicium,</span> <span class='ocrx_word' id='word_1_111' title='bbox 1399 1679 1617 1746; x_wconf 75' lang='lat' dir='ltr'>ratiocinium,</span> 
     </span>
     <span class='ocr_line' id='line_1_15' title="bbox 361 1769 1390 1840; baseline -0.003 -11"><span class='ocrx_word' id='word_1_112' title='bbox 361 1789 480 1830; x_wconf 85' lang='lat' dir='ltr'>necnon</span> <span class='ocrx_word' id='word_1_113' title='bbox 501 1771 609 1828; x_wconf 92' lang='lat' dir='ltr'>relatio</span> <span class='ocrx_word' id='word_1_114' title='bbox 627 1769 847 1840; x_wconf 83' lang='lat' dir='ltr'>cogitationem</span> <span class='ocrx_word' id='word_1_115' title='bbox 868 1769 950 1826; x_wconf 87' lang='lat' dir='ltr'>inter</span> <span class='ocrx_word' id='word_1_116' title='bbox 967 1776 998 1826; x_wconf 89' lang='lat' dir='ltr'>et</span> <span class='ocrx_word' id='word_1_117' title='bbox 1017 1785 1194 1826; x_wconf 86' lang='lat' dir='ltr'>sermonem</span> <span class='ocrx_word' id='word_1_118' title='bbox 1216 1775 1390 1826; x_wconf 88' lang='lat' dir='ltr'>externum.</span> 
     </span>
    </p>

    <p class='ocr_par' dir='ltr' id='par_1_6' title="bbox 361 1855 1618 2016">
     <span class='ocr_line' id='line_1_16' title="bbox 465 1855 1618 1928; baseline -0.003 -14"><span class='ocrx_word' id='word_1_119' title='bbox 465 1857 569 1914; x_wconf 85' lang='lat' dir='ltr'>Tertia</span> <span class='ocrx_word' id='word_1_120' title='bbox 582 1872 658 1928; x_wconf 88' lang='lat' dir='ltr'>pars</span> <span class='ocrx_word' id='word_1_121' title='bbox 670 1855 736 1928; x_wconf 85' lang='lat' dir='ltr'>agit</span> <span class='ocrx_word' id='word_1_122' title='bbox 753 1857 793 1911; x_wconf 91' lang='lat' dir='ltr'>de</span> <span class='ocrx_word' id='word_1_123' title='bbox 802 1857 943 1927; x_wconf 88' lang='lat' dir='ltr'>appetitu</span> <span class='ocrx_word' id='word_1_124' title='bbox 960 1856 1113 1912; x_wconf 84' lang='lat' dir='ltr'>sensitivo</span> <span class='ocrx_word' id='word_1_125' title='bbox 1125 1863 1156 1912; x_wconf 88' lang='lat' dir='ltr'>et</span> <span class='ocrx_word' id='word_1_126' title='bbox 1170 1857 1338 1924; x_wconf 84' lang='lat' dir='ltr'>voluntate,</span> <span class='ocrx_word' id='word_1_127' title='bbox 1357 1857 1481 1928; x_wconf 87' lang='lat' dir='ltr'>quibus</span> <span class='ocrx_word' id='word_1_128' title='bbox 1498 1858 1618 1914; x_wconf 87' lang='lat' dir='ltr'>accedit</span> 
     </span>
     <span class='ocr_line' id='line_1_17' title="bbox 361 1942 806 2016; baseline -0.013 -13"><span class='ocrx_word' id='word_1_129' title='bbox 361 1952 455 2016; x_wconf 87' lang='lat' dir='ltr'>caput</span> <span class='ocrx_word' id='word_1_130' title='bbox 470 1944 554 2000; x_wconf 75' lang='lat' dir='ltr'>XIV.</span> <span class='ocrx_word' id='word_1_131' title='bbox 572 1945 611 2000; x_wconf 90' lang='lat' dir='ltr'>de</span> <span class='ocrx_word' id='word_1_132' title='bbox 630 1942 806 1999; x_wconf 75' lang='lat' dir='ltr'>aflectibus.</span> 
     </span>
    </p>

    <p class='ocr_par' dir='ltr' id='par_1_7' title="bbox 359 2025 1619 3046">
     <span class='ocr_line' id='line_1_18' title="bbox 465 2025 1618 2102; baseline -0.001 -13"><span class='ocrx_word' id='word_1_133' title='bbox 465 2032 589 2098; x_wconf 88' lang='lat' dir='ltr'>Quibus</span> <span class='ocrx_word' id='word_1_134' title='bbox 613 2029 776 2087; x_wconf 89' lang='lat' dir='ltr'>delineatis</span> <span class='ocrx_word' id='word_1_135' title='bbox 800 2025 910 2086; x_wconf 65' lang='lat' dir='ltr'>auctor</span> <span class='ocrx_word' id='word_1_136' title='bbox 935 2046 992 2100; x_wconf 88' lang='lat' dir='ltr'>per</span> <span class='ocrx_word' id='word_1_137' title='bbox 1014 2031 1200 2102; x_wconf 67' lang='lat' dir='ltr'>superinos</span> <span class='ocrx_word' id='word_1_138' title='bbox 1219 2031 1345 2087; x_wconf 87' lang='lat' dir='ltr'>deducit</span> <span class='ocrx_word' id='word_1_139' title='bbox 1371 2031 1618 2102; x_wconf 83' lang='lat' dir='ltr'>philosophicas</span> 
     </span>
     <span class='ocr_line' id='line_1_19' title="bbox 360 2117 1616 2188; baseline 0.001 -14"><span class='ocrx_word' id='word_1_140' title='bbox 360 2119 576 2176; x_wconf 85' lang='lat' dir='ltr'>conclusiones</span> <span class='ocrx_word' id='word_1_141' title='bbox 595 2118 634 2174; x_wconf 93' lang='lat' dir='ltr'>de</span> <span class='ocrx_word' id='word_1_142' title='bbox 653 2125 765 2174; x_wconf 90' lang='lat' dir='ltr'>natura</span> <span class='ocrx_word' id='word_1_143' title='bbox 792 2117 922 2184; x_wconf 90' lang='lat' dir='ltr'>animae,</span> <span class='ocrx_word' id='word_1_144' title='bbox 942 2117 1009 2174; x_wconf 89' lang='lat' dir='ltr'>eius</span> <span class='ocrx_word' id='word_1_145' title='bbox 1030 2117 1081 2174; x_wconf 87' lang='lat' dir='ltr'>sel.</span> <span class='ocrx_word' id='word_1_146' title='bbox 1102 2117 1367 2174; x_wconf 87' lang='lat' dir='ltr'>substantialitate</span> <span class='ocrx_word' id='word_1_147' title='bbox 1386 2125 1417 2174; x_wconf 90' lang='lat' dir='ltr'>et</span> <span class='ocrx_word' id='word_1_148' title='bbox 1438 2119 1616 2188; x_wconf 81' lang='lat' dir='ltr'>spirituali</span> 
     </span>
     <span class='ocr_line' id='line_1_20' title="bbox 362 2203 1617 2276; baseline -0.002 -14"><span class='ocrx_word' id='word_1_149' title='bbox 362 2215 431 2274; x_wconf 88' lang='lat' dir='ltr'>tate,</span> <span class='ocrx_word' id='word_1_150' title='bbox 456 2222 553 2276; x_wconf 88' lang='lat' dir='ltr'>porro</span> <span class='ocrx_word' id='word_1_151' title='bbox 579 2205 721 2276; x_wconf 91' lang='lat' dir='ltr'>disputat</span> <span class='ocrx_word' id='word_1_152' title='bbox 738 2204 778 2260; x_wconf 94' lang='lat' dir='ltr'>de</span> <span class='ocrx_word' id='word_1_153' title='bbox 796 2203 918 2274; x_wconf 89' lang='lat' dir='ltr'>origine</span> <span class='ocrx_word' id='word_1_154' title='bbox 943 2204 1065 2262; x_wconf 82' lang='lat' dir='ltr'>animae</span> <span class='ocrx_word' id='word_1_155' title='bbox 1083 2205 1216 2276; x_wconf 84' lang='lat' dir='ltr'>eiusque</span> <span class='ocrx_word' id='word_1_156' title='bbox 1234 2203 1481 2272; x_wconf 89' lang='lat' dir='ltr'>immortalitate,</span> <span class='ocrx_word' id='word_1_157' title='bbox 1511 2205 1617 2276; x_wconf 86' lang='lat' dir='ltr'>deque</span> 
     </span>
     <span class='ocr_line' id='line_1_21' title="bbox 361 2290 1617 2362; baseline -0.001 -13"><span class='ocrx_word' id='word_1_158' title='bbox 361 2293 475 2349; x_wconf 89' lang='lat' dir='ltr'>unione</span> <span class='ocrx_word' id='word_1_159' title='bbox 493 2297 629 2348; x_wconf 89' lang='lat' dir='ltr'>animam</span> <span class='ocrx_word' id='word_1_160' title='bbox 648 2292 779 2348; x_wconf 85' lang='lat' dir='ltr'>lateret</span> <span class='ocrx_word' id='word_1_161' title='bbox 797 2306 922 2362; x_wconf 87' lang='lat' dir='ltr'>corpus.</span> <span class='ocrx_word' id='word_1_162' title='bbox 950 2291 1103 2348; x_wconf 85' lang='lat' dir='ltr'>Relutatis</span> <span class='ocrx_word' id='word_1_163' title='bbox 1123 2298 1188 2348; x_wconf 91' lang='lat' dir='ltr'>tum</span> <span class='ocrx_word' id='word_1_164' title='bbox 1211 2292 1367 2348; x_wconf 90' lang='lat' dir='ltr'>monismo</span> <span class='ocrx_word' id='word_1_165' title='bbox 1395 2290 1466 2347; x_wconf 84' lang='lat' dir='ltr'>sive</span> <span class='ocrx_word' id='word_1_166' title='bbox 1487 2293 1617 2348; x_wconf 77' lang='lat' dir='ltr'>mater-i</span> 
     </span>
     <span class='ocr_line' id='line_1_22' title="bbox 360 2377 1616 2450; baseline -0.001 -15"><span class='ocrx_word' id='word_1_167' title='bbox 360 2379 481 2435; x_wconf 91' lang='lat' dir='ltr'>alistico</span> <span class='ocrx_word' id='word_1_168' title='bbox 500 2378 740 2450; x_wconf 70' lang='lat' dir='ltr'>(parallelismus</span> <span class='ocrx_word' id='word_1_169' title='bbox 760 2377 1046 2448; x_wconf 82' lang='lat' dir='ltr'>psychophysicus)</span> <span class='ocrx_word' id='word_1_170' title='bbox 1066 2379 1133 2434; x_wconf 86' lang='lat' dir='ltr'>sive</span> <span class='ocrx_word' id='word_1_171' title='bbox 1151 2377 1330 2448; x_wconf 86' lang='lat' dir='ltr'>idealistico,</span> <span class='ocrx_word' id='word_1_172' title='bbox 1350 2383 1417 2434; x_wconf 91' lang='lat' dir='ltr'>tum</span> <span class='ocrx_word' id='word_1_173' title='bbox 1437 2378 1616 2444; x_wconf 88' lang='lat' dir='ltr'>dualismo,</span> 
     </span>
     <span class='ocr_line' id='line_1_23' title="bbox 359 2464 1619 2538; baseline -0.002 -16"><span class='ocrx_word' id='word_1_174' title='bbox 359 2467 482 2538; x_wconf 91' lang='lat' dir='ltr'>qualem</span> <span class='ocrx_word' id='word_1_175' title='bbox 498 2466 679 2521; x_wconf 88' lang='lat' dir='ltr'>statuebant</span> <span class='ocrx_word' id='word_1_176' title='bbox 692 2465 788 2533; x_wconf 90' lang='lat' dir='ltr'>Plato,</span> <span class='ocrx_word' id='word_1_177' title='bbox 802 2464 972 2534; x_wconf 73' lang='lat' dir='ltr'>canosina,</span> <span class='ocrx_word' id='word_1_178' title='bbox 988 2465 1138 2536; x_wconf 86' lang='lat' dir='ltr'>Leibnitz,</span> <span class='ocrx_word' id='word_1_179' title='bbox 1158 2467 1384 2534; x_wconf 84' lang='lat' dir='ltr'>lialebranche,</span> <span class='ocrx_word' id='word_1_180' title='bbox 1400 2465 1519 2532; x_wconf 86' lang='lat' dir='ltr'>Locire,</span> <span class='ocrx_word' id='word_1_181' title='bbox 1539 2465 1619 2522; x_wconf 85' lang='lat' dir='ltr'>Her-</span> 
     </span>
     <span class='ocr_line' id='line_1_24' title="bbox 360 2551 1614 2623; baseline -0.002 -12"><span class='ocrx_word' id='word_1_182' title='bbox 360 2556 439 2622; x_wconf 91' lang='lat' dir='ltr'>bart,</span> <span class='ocrx_word' id='word_1_183' title='bbox 459 2553 509 2610; x_wconf 89' lang='lat' dir='ltr'>alii</span> <span class='ocrx_word' id='word_1_184' title='bbox 528 2552 706 2608; x_wconf 88' lang='lat' dir='ltr'>admittitur</span> <span class='ocrx_word' id='word_1_185' title='bbox 724 2551 890 2622; x_wconf 86' lang='lat' dir='ltr'>explicatio</span> <span class='ocrx_word' id='word_1_186' title='bbox 908 2551 1104 2608; x_wconf 68' lang='lat' dir='ltr'>aristotelica</span> <span class='ocrx_word' id='word_1_187' title='bbox 1123 2554 1163 2608; x_wconf 94' lang='lat' dir='ltr'>de</span> <span class='ocrx_word' id='word_1_188' title='bbox 1182 2553 1312 2609; x_wconf 89' lang='lat' dir='ltr'>materia</span> <span class='ocrx_word' id='word_1_189' title='bbox 1330 2553 1432 2623; x_wconf 89' lang='lat' dir='ltr'>prima</span> <span class='ocrx_word' id='word_1_190' title='bbox 1452 2557 1485 2608; x_wconf 93' lang='lat' dir='ltr'>et</span> <span class='ocrx_word' id='word_1_191' title='bbox 1505 2553 1614 2608; x_wconf 79' lang='lat' dir='ltr'>torma</span> 
     </span>
     <span class='ocr_line' id='line_1_25' title="bbox 359 2637 1613 2709; baseline -0.002 -11"><span class='ocrx_word' id='word_1_192' title='bbox 359 2640 569 2705; x_wconf 90' lang='lat' dir='ltr'>substantiali,</span> <span class='ocrx_word' id='word_1_193' title='bbox 598 2655 660 2694; x_wconf 92' lang='lat' dir='ltr'>non</span> <span class='ocrx_word' id='word_1_194' title='bbox 690 2638 838 2696; x_wconf 89' lang='lat' dir='ltr'>intrando</span> <span class='ocrx_word' id='word_1_195' title='bbox 865 2637 898 2693; x_wconf 91' lang='lat' dir='ltr'>in</span> <span class='ocrx_word' id='word_1_196' title='bbox 921 2638 1121 2709; x_wconf 87' lang='lat' dir='ltr'>quaestiones</span> <span class='ocrx_word' id='word_1_197' title='bbox 1147 2639 1328 2696; x_wconf 83' lang='lat' dir='ltr'>subtiliores</span> <span class='ocrx_word' id='word_1_198' title='bbox 1355 2655 1374 2696; x_wconf 96' lang='lat' dir='ltr'>a</span> <span class='ocrx_word' id='word_1_199' title='bbox 1401 2639 1613 2698; x_wconf 84' lang='lat' dir='ltr'>Scholasticis</span> 
     </span>
     <span class='ocr_line' id='line_1_26' title="bbox 359 2724 1614 2800; baseline 0 -16"><span class='ocrx_word' id='word_1_200' title='bbox 359 2729 502 2800; x_wconf 84' lang='lat' dir='ltr'>agitatas.</span> <span class='ocrx_word' id='word_1_201' title='bbox 522 2726 660 2784; x_wconf 87' lang='lat' dir='ltr'>Reicitur</span> <span class='ocrx_word' id='word_1_202' title='bbox 683 2725 775 2781; x_wconf 89' lang='lat' dir='ltr'>etiam</span> <span class='ocrx_word' id='word_1_203' title='bbox 796 2724 950 2781; x_wconf 90' lang='lat' dir='ltr'>sententia</span> <span class='ocrx_word' id='word_1_204' title='bbox 969 2725 1122 2782; x_wconf 78' lang='lat' dir='ltr'>Giintheri</span> <span class='ocrx_word' id='word_1_205' title='bbox 1142 2732 1173 2782; x_wconf 93' lang='lat' dir='ltr'>et</span> <span class='ocrx_word' id='word_1_206' title='bbox 1186 2727 1327 2796; x_wconf 86' lang='lat' dir='ltr'>Baltzeri,</span> <span class='ocrx_word' id='word_1_207' title='bbox 1346 2743 1468 2784; x_wconf 89' lang='lat' dir='ltr'>necnon</span> <span class='ocrx_word' id='word_1_208' title='bbox 1485 2730 1614 2786; x_wconf 87' lang='lat' dir='ltr'>theoria</span> 
     </span>
     <span class='ocr_line' id='line_1_27' title="bbox 361 2811 1617 2884; baseline 0.002 -12"><span class='ocrx_word' id='word_1_209' title='bbox 361 2817 396 2872; x_wconf 87' lang='lat' dir='ltr'>D.</span> <span class='ocrx_word' id='word_1_210' title='bbox 417 2814 571 2881; x_wconf 85' lang='lat' dir='ltr'>Palmieri,</span> <span class='ocrx_word' id='word_1_211' title='bbox 595 2814 762 2884; x_wconf 90' lang='lat' dir='ltr'>adquam,</span> <span class='ocrx_word' id='word_1_212' title='bbox 787 2811 892 2868; x_wconf 88' lang='lat' dir='ltr'>nescio</span> <span class='ocrx_word' id='word_1_213' title='bbox 911 2829 974 2883; x_wconf 92' lang='lat' dir='ltr'>quo</span> <span class='ocrx_word' id='word_1_214' title='bbox 993 2813 1066 2884; x_wconf 82' lang='lat' dir='ltr'>iure,</span> <span class='ocrx_word' id='word_1_215' title='bbox 1092 2814 1144 2870; x_wconf 89' lang='lat' dir='ltr'>Dr.</span> <span class='ocrx_word' id='word_1_216' title='bbox 1170 2813 1289 2884; x_wconf 86' lang='lat' dir='ltr'>Gabryl</span> <span class='ocrx_word' id='word_1_217' title='bbox 1313 2817 1455 2873; x_wconf 86' lang='lat' dir='ltr'>extendit</span> <span class='ocrx_word' id='word_1_218' title='bbox 1480 2818 1617 2874; x_wconf 90' lang='lat' dir='ltr'>damna·</span> 
     </span>
     <span class='ocr_line' id='line_1_28' title="bbox 361 2899 1610 2971; baseline 0.002 -13"><span class='ocrx_word' id='word_1_219' title='bbox 361 2904 476 2959; x_wconf 88' lang='lat' dir='ltr'>tionem</span> <span class='ocrx_word' id='word_1_220' title='bbox 499 2901 544 2958; x_wconf 89' lang='lat' dir='ltr'>Pii</span> <span class='ocrx_word' id='word_1_221' title='bbox 564 2901 627 2971; x_wconf 85' lang='lat' dir='ltr'>IX,</span> <span class='ocrx_word' id='word_1_222' title='bbox 652 2900 684 2956; x_wconf 89' lang='lat' dir='ltr'>in</span> <span class='ocrx_word' id='word_1_223' title='bbox 703 2899 844 2971; x_wconf 90' lang='lat' dir='ltr'>epistolis</span> <span class='ocrx_word' id='word_1_224' title='bbox 862 2901 902 2956; x_wconf 90' lang='lat' dir='ltr'>ad</span> <span class='ocrx_word' id='word_1_225' title='bbox 921 2915 1020 2971; x_wconf 90' lang='lat' dir='ltr'>eppos</span> <span class='ocrx_word' id='word_1_226' title='bbox 1040 2899 1256 2959; x_wconf 75' lang='lat' dir='ltr'>coloniensem</span> <span class='ocrx_word' id='word_1_227' title='bbox 1276 2909 1306 2958; x_wconf 93' lang='lat' dir='ltr'>et</span> <span class='ocrx_word' id='word_1_228' title='bbox 1325 2903 1610 2962; x_wconf 81' lang='lat' dir='ltr'>vratislaviensem</span> 
     </span>
     <span class='ocr_line' id='line_1_29' title="bbox 361 2990 464 3046; baseline 0.019 -2"><span class='ocrx_word' id='word_1_229' title='bbox 361 2990 464 3046; x_wconf 90' lang='lat' dir='ltr'>latam.</span> 
     </span>
    </p>

    <p class='ocr_par' dir='ltr' id='par_1_8' title="bbox 358 3073 1613 4013">
     <span class='ocr_line' id='line_1_30' title="bbox 465 3073 1611 3146; baseline 0.003 -14"><span class='ocrx_word' id='word_1_230' title='bbox 465 3076 567 3132; x_wconf 89' lang='lat' dir='ltr'>Placet</span> <span class='ocrx_word' id='word_1_231' title='bbox 591 3075 731 3132; x_wconf 86' lang='lat' dir='ltr'>breviter</span> <span class='ocrx_word' id='word_1_232' title='bbox 748 3073 907 3142; x_wconf 88' lang='lat' dir='ltr'>adnotare,</span> <span class='ocrx_word' id='word_1_233' title='bbox 932 3073 1008 3144; x_wconf 91' lang='lat' dir='ltr'>quid</span> <span class='ocrx_word' id='word_1_234' title='bbox 1033 3075 1073 3130; x_wconf 89' lang='lat' dir='ltr'>de</span> <span class='ocrx_word' id='word_1_235' title='bbox 1091 3080 1156 3132; x_wconf 89' lang='lat' dir='ltr'>toto</span> <span class='ocrx_word' id='word_1_236' title='bbox 1175 3091 1270 3146; x_wconf 89' lang='lat' dir='ltr'>opere</span> <span class='ocrx_word' id='word_1_237' title='bbox 1295 3077 1478 3134; x_wconf 87' lang='lat' dir='ltr'>sentiamus.</span> <span class='ocrx_word' id='word_1_238' title='bbox 1519 3081 1611 3145; x_wconf 88' lang='lat' dir='ltr'>Quae</span> 
     </span>
     <span class='ocr_line' id='line_1_31' title="bbox 359 3159 1610 3234; baseline 0.002 -14"><span class='ocrx_word' id='word_1_239' title='bbox 359 3171 467 3220; x_wconf 89' lang='lat' dir='ltr'>auctor</span> <span class='ocrx_word' id='word_1_240' title='bbox 486 3165 547 3220; x_wconf 88' lang='lat' dir='ltr'>sub</span> <span class='ocrx_word' id='word_1_241' title='bbox 565 3162 653 3220; x_wconf 91' lang='lat' dir='ltr'>initio</span> <span class='ocrx_word' id='word_1_242' title='bbox 677 3162 716 3219; x_wconf 93' lang='lat' dir='ltr'>de</span> <span class='ocrx_word' id='word_1_243' title='bbox 736 3159 883 3218; x_wconf 90' lang='lat' dir='ltr'>methodo</span> <span class='ocrx_word' id='word_1_244' title='bbox 902 3160 934 3217; x_wconf 93' lang='lat' dir='ltr'>in</span> <span class='ocrx_word' id='word_1_245' title='bbox 953 3162 1115 3217; x_wconf 90' lang='lat' dir='ltr'>tractanda</span> <span class='ocrx_word' id='word_1_246' title='bbox 1139 3163 1343 3234; x_wconf 79' lang='lat' dir='ltr'>psychologls</span> <span class='ocrx_word' id='word_1_247' title='bbox 1367 3164 1610 3233; x_wconf 81' lang='lat' dir='ltr'>animadvertit</span> 
     </span>
     <span class='ocr_line' id='line_1_32' title="bbox 359 3247 1612 3321; baseline 0.002 -14"><span class='ocrx_word' id='word_1_248' title='bbox 359 3251 484 3307; x_wconf 91' lang='lat' dir='ltr'>nonnisi</span> <span class='ocrx_word' id='word_1_249' title='bbox 504 3252 631 3307; x_wconf 91' lang='lat' dir='ltr'>laudare</span> <span class='ocrx_word' id='word_1_250' title='bbox 651 3256 832 3321; x_wconf 89' lang='lat' dir='ltr'>possumus:</span> <span class='ocrx_word' id='word_1_251' title='bbox 860 3247 986 3303; x_wconf 88' lang='lat' dir='ltr'>videtur</span> <span class='ocrx_word' id='word_1_252' title='bbox 1004 3253 1107 3304; x_wconf 89' lang='lat' dir='ltr'>autem</span> <span class='ocrx_word' id='word_1_253' title='bbox 1128 3249 1195 3318; x_wconf 91' lang='lat' dir='ltr'>ipse</span> <span class='ocrx_word' id='word_1_254' title='bbox 1214 3254 1323 3306; x_wconf 90' lang='lat' dir='ltr'>auctor</span> <span class='ocrx_word' id='word_1_255' title='bbox 1342 3250 1373 3306; x_wconf 93' lang='lat' dir='ltr'>in</span> <span class='ocrx_word' id='word_1_256' title='bbox 1392 3265 1429 3307; x_wconf 87' lang='lat' dir='ltr'>eo</span> <span class='ocrx_word' id='word_1_257' title='bbox 1446 3251 1612 3309; x_wconf 83' lang='lat' dir='ltr'>deiecisse</span> 
     </span>
     <span class='ocr_line' id='line_1_33' title="bbox 358 3334 1612 3408; baseline 0 -12"><span class='ocrx_word' id='word_1_258' title='bbox 358 3340 520 3396; x_wconf 89' lang='lat' dir='ltr'>alaudata</span> <span class='ocrx_word' id='word_1_259' title='bbox 539 3337 695 3406; x_wconf 91' lang='lat' dir='ltr'>methodo,</span> <span class='ocrx_word' id='word_1_260' title='bbox 713 3336 798 3407; x_wconf 90' lang='lat' dir='ltr'>quod</span> <span class='ocrx_word' id='word_1_261' title='bbox 812 3334 1048 3406; x_wconf 89' lang='lat' dir='ltr'>explicationem</span> <span class='ocrx_word' id='word_1_262' title='bbox 1069 3335 1285 3393; x_wconf 88' lang='lat' dir='ltr'>condicionum</span> <span class='ocrx_word' id='word_1_263' title='bbox 1306 3337 1388 3394; x_wconf 86' lang='lat' dir='ltr'>vitae</span> <span class='ocrx_word' id='word_1_264' title='bbox 1407 3340 1612 3408; x_wconf 81' lang='lat' dir='ltr'>vegetativae</span> 
     </span>
     <span class='ocr_line' id='line_1_34' title="bbox 359 3422 1609 3496; baseline 0 -14"><span class='ocrx_word' id='word_1_265' title='bbox 359 3427 485 3496; x_wconf 90' lang='lat' dir='ltr'>penitus</span> <span class='ocrx_word' id='word_1_266' title='bbox 509 3423 764 3496; x_wconf 87' lang='lat' dir='ltr'>praetermiserit.</span> <span class='ocrx_word' id='word_1_267' title='bbox 794 3422 873 3479; x_wconf 87' lang='lat' dir='ltr'>Cum</span> <span class='ocrx_word' id='word_1_268' title='bbox 899 3423 981 3478; x_wconf 88' lang='lat' dir='ltr'>enim</span> <span class='ocrx_word' id='word_1_269' title='bbox 1008 3423 1039 3478; x_wconf 91' lang='lat' dir='ltr'>in</span> <span class='ocrx_word' id='word_1_270' title='bbox 1064 3429 1173 3493; x_wconf 89' lang='lat' dir='ltr'>quarta</span> <span class='ocrx_word' id='word_1_271' title='bbox 1198 3430 1288 3494; x_wconf 92' lang='lat' dir='ltr'>parte</span> <span class='ocrx_word' id='word_1_272' title='bbox 1311 3423 1416 3495; x_wconf 89' lang='lat' dir='ltr'>operis</span> <span class='ocrx_word' id='word_1_273' title='bbox 1442 3431 1609 3482; x_wconf 86' lang='lat' dir='ltr'>statuatur</span> 
     </span>
     <span class='ocr_line' id='line_1_35' title="bbox 359 3508 1610 3583; baseline 0 -14"><span class='ocrx_word' id='word_1_274' title='bbox 359 3513 450 3570; x_wconf 90' lang='lat' dir='ltr'>unica</span> <span class='ocrx_word' id='word_1_275' title='bbox 469 3513 582 3580; x_wconf 83' lang='lat' dir='ltr'>anima,</span> <span class='ocrx_word' id='word_1_276' title='bbox 607 3511 723 3581; x_wconf 86' lang='lat' dir='ltr'>triplici</span> <span class='ocrx_word' id='word_1_277' title='bbox 747 3509 830 3566; x_wconf 84' lang='lat' dir='ltr'>vitae</span> <span class='ocrx_word' id='word_1_278' title='bbox 849 3508 964 3581; x_wconf 87' lang='lat' dir='ltr'>gradui</span> <span class='ocrx_word' id='word_1_279' title='bbox 982 3509 1014 3565; x_wconf 93' lang='lat' dir='ltr'>in</span> <span class='ocrx_word' id='word_1_280' title='bbox 1034 3509 1160 3566; x_wconf 89' lang='lat' dir='ltr'>homine</span> <span class='ocrx_word' id='word_1_281' title='bbox 1178 3525 1313 3581; x_wconf 89' lang='lat' dir='ltr'>compar,</span> <span class='ocrx_word' id='word_1_282' title='bbox 1338 3511 1369 3566; x_wconf 93' lang='lat' dir='ltr'>in</span> <span class='ocrx_word' id='word_1_283' title='bbox 1389 3515 1480 3582; x_wconf 87' lang='lat' dir='ltr'>parte</span> <span class='ocrx_word' id='word_1_284' title='bbox 1499 3513 1610 3583; x_wconf 74' lang='lat' dir='ltr'>analy-</span> 
     </span>
     <span class='ocr_line' id='line_1_36' title="bbox 358 3595 1613 3670; baseline 0.002 -16"><span class='ocrx_word' id='word_1_285' title='bbox 358 3599 418 3655; x_wconf 88' lang='lat' dir='ltr'>tica</span> <span class='ocrx_word' id='word_1_286' title='bbox 437 3597 567 3656; x_wconf 82' lang='lat' dir='ltr'>materia</span> <span class='ocrx_word' id='word_1_287' title='bbox 591 3597 846 3669; x_wconf 88' lang='lat' dir='ltr'>experimentalis</span> <span class='ocrx_word' id='word_1_288' title='bbox 866 3611 924 3667; x_wconf 89' lang='lat' dir='ltr'>pro</span> <span class='ocrx_word' id='word_1_289' title='bbox 942 3597 1046 3666; x_wconf 89' lang='lat' dir='ltr'>primo</span> <span class='ocrx_word' id='word_1_290' title='bbox 1070 3603 1101 3652; x_wconf 91' lang='lat' dir='ltr'>et</span> <span class='ocrx_word' id='word_1_291' title='bbox 1118 3595 1229 3652; x_wconf 81' lang='lat' dir='ltr'>infimo</span> <span class='ocrx_word' id='word_1_292' title='bbox 1256 3598 1358 3670; x_wconf 89' lang='lat' dir='ltr'>gradu</span> <span class='ocrx_word' id='word_1_293' title='bbox 1384 3598 1467 3654; x_wconf 83' lang='lat' dir='ltr'>vitae</span> <span class='ocrx_word' id='word_1_294' title='bbox 1487 3598 1613 3656; x_wconf 76' lang='lat' dir='ltr'>deside</span> 
     </span>
     <span class='ocr_line' id='line_1_37' title="bbox 359 3684 1611 3756; baseline 0.002 -15"><span class='ocrx_word' id='word_1_295' title='bbox 359 3693 457 3743; x_wconf 88' lang='lat' dir='ltr'>ratur.</span> <span class='ocrx_word' id='word_1_296' title='bbox 494 3686 646 3750; x_wconf 87' lang='lat' dir='ltr'>Quamvis</span> <span class='ocrx_word' id='word_1_297' title='bbox 683 3687 863 3756; x_wconf 89' lang='lat' dir='ltr'>negandum</span> <span class='ocrx_word' id='word_1_298' title='bbox 899 3700 960 3740; x_wconf 89' lang='lat' dir='ltr'>uon</span> <span class='ocrx_word' id='word_1_299' title='bbox 993 3685 1034 3740; x_wconf 88' lang='lat' dir='ltr'>sit</span> <span class='ocrx_word' id='word_1_300' title='bbox 1070 3685 1151 3741; x_wconf 87' lang='lat' dir='ltr'>vitae</span> <span class='ocrx_word' id='word_1_301' title='bbox 1182 3684 1347 3755; x_wconf 83' lang='lat' dir='ltr'>psychicae</span> <span class='ocrx_word' id='word_1_302' title='bbox 1389 3686 1611 3756; x_wconf 87' lang='lat' dir='ltr'>phaenomena</span> 
     </span>
     <span class='ocr_line' id='line_1_38' title="bbox 361 3771 1610 3844; baseline 0.002 -16"><span class='ocrx_word' id='word_1_303' title='bbox 361 3772 489 3828; x_wconf 89' lang='lat' dir='ltr'>maioris</span> <span class='ocrx_word' id='word_1_304' title='bbox 513 3788 584 3828; x_wconf 91' lang='lat' dir='ltr'>esse</span> <span class='ocrx_word' id='word_1_305' title='bbox 609 3772 758 3828; x_wconf 91' lang='lat' dir='ltr'>momenti</span> <span class='ocrx_word' id='word_1_306' title='bbox 789 3787 848 3844; x_wconf 91' lang='lat' dir='ltr'>pro</span> <span class='ocrx_word' id='word_1_307' title='bbox 876 3771 1089 3843; x_wconf 86' lang='lat' dir='ltr'>psychologia,</span> <span class='ocrx_word' id='word_1_308' title='bbox 1116 3772 1347 3844; x_wconf 90' lang='lat' dir='ltr'>modernasque</span> <span class='ocrx_word' id='word_1_309' title='bbox 1372 3775 1610 3830; x_wconf 81' lang='lat' dir='ltr'>controversias</span> 
     </span>
     <span class='ocr_line' id='line_1_39' title="bbox 359 3857 1611 3930; baseline 0.003 -18"><span class='ocrx_word' id='word_1_310' title='bbox 359 3860 398 3913; x_wconf 91' lang='lat' dir='ltr'>de</span> <span class='ocrx_word' id='word_1_311' title='bbox 417 3858 467 3912; x_wconf 90' lang='lat' dir='ltr'>his</span> <span class='ocrx_word' id='word_1_312' title='bbox 485 3860 651 3930; x_wconf 89' lang='lat' dir='ltr'>praecipue</span> <span class='ocrx_word' id='word_1_313' title='bbox 670 3859 798 3927; x_wconf 82' lang='lat' dir='ltr'>moveri,</span> <span class='ocrx_word' id='word_1_314' title='bbox 819 3864 923 3914; x_wconf 90' lang='lat' dir='ltr'>tamen</span> <span class='ocrx_word' id='word_1_315' title='bbox 942 3857 973 3914; x_wconf 93' lang='lat' dir='ltr'>in</span> <span class='ocrx_word' id='word_1_316' title='bbox 987 3857 1111 3928; x_wconf 85' lang='lat' dir='ltr'>integro</span> <span class='ocrx_word' id='word_1_317' title='bbox 1133 3857 1389 3930; x_wconf 85' lang='lat' dir='ltr'>»Psychologiae‹</span> <span class='ocrx_word' id='word_1_318' title='bbox 1413 3863 1551 3916; x_wconf 88' lang='lat' dir='ltr'>tractatu</span> <span class='ocrx_word' id='word_1_319' title='bbox 1573 3861 1611 3916; x_wconf 92' lang='lat' dir='ltr'>de</span> 
     </span>
     <span class='ocr_line' id='line_1_40' title="bbox 360 3944 1142 4013; baseline 0.001 -13"><span class='ocrx_word' id='word_1_320' title='bbox 360 3944 424 4000; x_wconf 80' lang='lat' dir='ltr'>rita</span> <span class='ocrx_word' id='word_1_321' title='bbox 444 3944 617 4013; x_wconf 78' lang='lat' dir='ltr'>vegetativa</span> <span class='ocrx_word' id='word_1_322' title='bbox 635 3945 764 4000; x_wconf 89' lang='lat' dir='ltr'>omnino</span> <span class='ocrx_word' id='word_1_323' title='bbox 783 3950 884 4000; x_wconf 90' lang='lat' dir='ltr'>tacere</span> <span class='ocrx_word' id='word_1_324' title='bbox 903 3960 968 4000; x_wconf 91' lang='lat' dir='ltr'>non</span> <span class='ocrx_word' id='word_1_325' title='bbox 987 3946 1142 4001; x_wconf 86' lang='lat' dir='ltr'>convenit.</span> 
     </span>
    </p>
   </div>
   <div class='ocr_carea' id='block_1_6' title="bbox 466 4048 1609 4122">
    <p class='ocr_par' dir='ltr' id='par_1_9' title="bbox 466 4048 1609 4122">
     <span class='ocr_line' id='line_1_41' title="bbox 466 4048 1609 4122; baseline 0.005 -20"><span class='ocrx_word' id='word_1_326' title='bbox 466 4048 685 4120; x_wconf 82' lang='lat' dir='ltr'>Physiologiae</span> <span class='ocrx_word' id='word_1_327' title='bbox 694 4056 726 4105; x_wconf 89' lang='lat' dir='ltr'>et</span> <span class='ocrx_word' id='word_1_328' title='bbox 735 4049 910 4106; x_wconf 89' lang='lat' dir='ltr'>anatomiae</span> <span class='ocrx_word' id='word_1_329' title='bbox 922 4051 1131 4106; x_wconf 90' lang='lat' dir='ltr'>emolumenta</span> <span class='ocrx_word' id='word_1_330' title='bbox 1144 4049 1176 4105; x_wconf 89' lang='lat' dir='ltr'>in</span> <span class='ocrx_word' id='word_1_331' title='bbox 1190 4066 1226 4105; x_wconf 92' lang='lat' dir='ltr'>re</span> <span class='ocrx_word' id='word_1_332' title='bbox 1237 4049 1458 4122; x_wconf 78' lang='lat' dir='ltr'>psycholugica</span> <span class='ocrx_word' id='word_1_333' title='bbox 1469 4051 1609 4108; x_wconf 82' lang='lat' dir='ltr'>maxima</span> 
     </span>
    </p>
   </div>
   <div class='ocr_carea' id='block_1_7' title="bbox 360 4134 1697 4208">
    <p class='ocr_par' dir='ltr' id='par_1_10' title="bbox 360 4134 1697 4208">
     <span class='ocr_line' id='line_1_42' title="bbox 360 4134 1697 4208; baseline 0.005 -18"><span class='ocrx_word' id='word_1_334' title='bbox 360 4134 469 4205; x_wconf 91' lang='lat' dir='ltr'>ntique</span> <span class='ocrx_word' id='word_1_335' title='bbox 487 4142 569 4203; x_wconf 89' lang='lat' dir='ltr'>sunt,</span> <span class='ocrx_word' id='word_1_336' title='bbox 582 4140 719 4192; x_wconf 88' lang='lat' dir='ltr'>attamen</span> <span class='ocrx_word' id='word_1_337' title='bbox 738 4137 775 4192; x_wconf 90' lang='lat' dir='ltr'>cl.</span> <span class='ocrx_word' id='word_1_338' title='bbox 787 4140 897 4192; x_wconf 84' lang='lat' dir='ltr'>auctor</span> <span class='ocrx_word' id='word_1_339' title='bbox 915 4135 1042 4194; x_wconf 88' lang='lat' dir='ltr'>videtur</span> <span class='ocrx_word' id='word_1_340' title='bbox 1060 4136 1131 4208; x_wconf 91' lang='lat' dir='ltr'>plus</span> <span class='ocrx_word' id='word_1_341' title='bbox 1144 4151 1245 4208; x_wconf 91' lang='lat' dir='ltr'>aequo</span> <span class='ocrx_word' id='word_1_342' title='bbox 1264 4135 1443 4207; x_wconf 85' lang='lat' dir='ltr'>respexisse</span> <span class='ocrx_word' id='word_1_343' title='bbox 1462 4139 1607 4197; x_wconf 80' lang='lat' dir='ltr'>contines</span> <span class='ocrx_word' id='word_1_344' title='bbox 1696 4173 1697 4180; x_wconf 68' lang='lat'>.</span> 
     </span>
    </p>
   </div>
   <div class='ocr_carea' id='block_1_8' title="bbox 358 4221 1607 4728">
    <p class='ocr_par' dir='ltr' id='par_1_11' title="bbox 358 4221 1607 4728">
     <span class='ocr_line' id='line_1_43' title="bbox 360 4221 1604 4296; baseline 0.005 -19"><span class='ocrx_word' id='word_1_345' title='bbox 360 4221 585 4294; x_wconf 83' lang='lat' dir='ltr'>psychoiogiae</span> <span class='ocrx_word' id='word_1_346' title='bbox 613 4221 804 4294; x_wconf 89' lang='lat' dir='ltr'>disciplinas,</span> <span class='ocrx_word' id='word_1_347' title='bbox 830 4225 913 4279; x_wconf 92' lang='lat' dir='ltr'>unde</span> <span class='ocrx_word' id='word_1_348' title='bbox 931 4228 962 4279; x_wconf 93' lang='lat' dir='ltr'>et</span> <span class='ocrx_word' id='word_1_349' title='bbox 980 4223 1092 4292; x_wconf 80' lang='lat' dir='ltr'>evenit,</span> <span class='ocrx_word' id='word_1_350' title='bbox 1117 4228 1152 4280; x_wconf 93' lang='lat' dir='ltr'>ut</span> <span class='ocrx_word' id='word_1_351' title='bbox 1170 4223 1251 4279; x_wconf 90' lang='lat' dir='ltr'>inter</span> <span class='ocrx_word' id='word_1_352' title='bbox 1275 4229 1396 4295; x_wconf 85' lang='lat' dir='ltr'>partem</span> <span class='ocrx_word' id='word_1_353' title='bbox 1420 4225 1604 4296; x_wconf 89' lang='lat' dir='ltr'>empiricam</span> 
     </span>
     <span class='ocr_line' id='line_1_44' title="bbox 359 4307 952 4380; baseline 0 -16"><span class='ocrx_word' id='word_1_354' title='bbox 359 4315 391 4365; x_wconf 89' lang='lat' dir='ltr'>et</span> <span class='ocrx_word' id='word_1_355' title='bbox 410 4309 591 4366; x_wconf 89' lang='lat' dir='ltr'>rationalem</span> <span class='ocrx_word' id='word_1_356' title='bbox 612 4307 762 4364; x_wconf 83' lang='lat' dir='ltr'>deiiceret</span> <span class='ocrx_word' id='word_1_357' title='bbox 780 4309 952 4380; x_wconf 88' lang='lat' dir='ltr'>proportio.</span> 
     </span>
     <span class='ocr_line' id='line_1_45' title="bbox 464 4395 1605 4472; baseline 0.004 -21"><span class='ocrx_word' id='word_1_358' title='bbox 464 4395 688 4461; x_wconf 89' lang='lat' dir='ltr'>Quaestionem</span> <span class='ocrx_word' id='word_1_359' title='bbox 717 4396 757 4451; x_wconf 93' lang='lat' dir='ltr'>de</span> <span class='ocrx_word' id='word_1_360' title='bbox 781 4396 903 4467; x_wconf 89' lang='lat' dir='ltr'>origine</span> <span class='ocrx_word' id='word_1_361' title='bbox 931 4397 1050 4466; x_wconf 90' lang='lat' dir='ltr'>primae</span> <span class='ocrx_word' id='word_1_362' title='bbox 1077 4395 1199 4452; x_wconf 72' lang='lat' dir='ltr'>animm</span> <span class='ocrx_word' id='word_1_363' title='bbox 1227 4397 1384 4454; x_wconf 90' lang='lat' dir='ltr'>humanae</span> <span class='ocrx_word' id='word_1_364' title='bbox 1411 4397 1463 4472; x_wconf 87' lang='lat' dir='ltr'>Dr.</span> <span class='ocrx_word' id='word_1_365' title='bbox 1484 4399 1605 4470; x_wconf 76' lang='lat' dir='ltr'>Gabryl</span> 
     </span>
     <span class='ocr_line' id='line_1_46' title="bbox 358 4482 1487 4554; baseline 0 -14"><span class='ocrx_word' id='word_1_366' title='bbox 358 4483 502 4540; x_wconf 88' lang='lat' dir='ltr'>consulto</span> <span class='ocrx_word' id='word_1_367' title='bbox 520 4482 636 4540; x_wconf 89' lang='lat' dir='ltr'>omittit</span> <span class='ocrx_word' id='word_1_368' title='bbox 653 4482 786 4554; x_wconf 91' lang='lat' dir='ltr'>ideoque</span> <span class='ocrx_word' id='word_1_369' title='bbox 804 4483 844 4538; x_wconf 93' lang='lat' dir='ltr'>de</span> <span class='ocrx_word' id='word_1_370' title='bbox 863 4483 984 4539; x_wconf 90' lang='lat' dir='ltr'>theoria</span> <span class='ocrx_word' id='word_1_371' title='bbox 1003 4483 1247 4539; x_wconf 87' lang='lat' dir='ltr'>transiermiemi</span> <span class='ocrx_word' id='word_1_372' title='bbox 1266 4499 1329 4540; x_wconf 92' lang='lat' dir='ltr'>non</span> <span class='ocrx_word' id='word_1_373' title='bbox 1351 4483 1487 4542; x_wconf 83' lang='lat' dir='ltr'>disserit</span> 
     </span>
     <span class='ocr_line' id='line_1_47' title="bbox 463 4569 1607 4641; baseline 0.003 -17"><span class='ocrx_word' id='word_1_374' title='bbox 463 4569 606 4641; x_wconf 76' lang='lat' dir='ltr'>amplam</span> <span class='ocrx_word' id='word_1_375' title='bbox 626 4569 839 4640; x_wconf 85' lang='lat' dir='ltr'>litteraturam,</span> <span class='ocrx_word' id='word_1_376' title='bbox 870 4586 933 4641; x_wconf 92' lang='lat' dir='ltr'>qua</span> <span class='ocrx_word' id='word_1_377' title='bbox 957 4569 1101 4627; x_wconf 88' lang='lat' dir='ltr'>eruditus</span> <span class='ocrx_word' id='word_1_378' title='bbox 1132 4576 1241 4628; x_wconf 88' lang='lat' dir='ltr'>auctor</span> <span class='ocrx_word' id='word_1_379' title='bbox 1265 4585 1344 4628; x_wconf 89' lang='lat' dir='ltr'>usus</span> <span class='ocrx_word' id='word_1_380' title='bbox 1372 4577 1427 4638; x_wconf 87' lang='lat' dir='ltr'>cat,</span> <span class='ocrx_word' id='word_1_381' title='bbox 1458 4571 1491 4628; x_wconf 88' lang='lat' dir='ltr'>in</span> <span class='ocrx_word' id='word_1_382' title='bbox 1524 4575 1607 4630; x_wconf 73' lang='lat' dir='ltr'>nobs</span> 
     </span>
     <span class='ocr_line' id='line_1_48' title="bbox 361 4656 1605 4728; baseline 0.003 -16"><span class='ocrx_word' id='word_1_383' title='bbox 361 4656 551 4726; x_wconf 87' lang='lat' dir='ltr'>assignatam</span> <span class='ocrx_word' id='word_1_384' title='bbox 581 4656 732 4728; x_wconf 89' lang='lat' dir='ltr'>invenies,</span> <span class='ocrx_word' id='word_1_385' title='bbox 761 4663 791 4713; x_wconf 91' lang='lat' dir='ltr'>et</span> <span class='ocrx_word' id='word_1_386' title='bbox 819 4657 886 4714; x_wconf 90' lang='lat' dir='ltr'>sine</span> <span class='ocrx_word' id='word_1_387' title='bbox 904 4657 1001 4714; x_wconf 92' lang='lat' dir='ltr'>dubio</span> <span class='ocrx_word' id='word_1_388' title='bbox 1027 4671 1176 4728; x_wconf 86' lang='lat' dir='ltr'>magnum</span> <span class='ocrx_word' id='word_1_389' title='bbox 1205 4658 1451 4715; x_wconf 86' lang='lat' dir='ltr'>emolumentum</span> <span class='ocrx_word' id='word_1_390' title='bbox 1479 4674 1521 4716; x_wconf 85' lang='lat' dir='ltr'>ex</span> <span class='ocrx_word' id='word_1_391' title='bbox 1550 4661 1605 4716; x_wconf 90' lang='lat' dir='ltr'>hoc</span> 
     </span>
    </p>
   </div>
   <div class='ocr_carea' id='block_1_9' title="bbox 0 0 1730 5342">
    <p class='ocr_par' dir='ltr' id='par_1_12' title="bbox 0 0 1730 5342">
     <span class='ocr_line' id='line_1_49' title="bbox 0 0 1730 5342; baseline 0 1"><span class='ocrx_word' id='word_1_392' title='bbox 0 0 1730 5342; x_wconf 95' lang='lat' dir='ltr'> </span> 
     </span>
    </p>
   </div>
  </div>
 </body>
</html>
