3450 5342
660 415 854 472 -aor-

122 595 349 651 occidentalem
369 611 393 650 s.
413 596 590 652 unctionem
610 613 673 654 non
690 597 912 653 administrare
932 595 993 652 nisi
1008 597 1222 664 morientibus
1243 613 1281 652 ex
1300 599 1377 653 abu·

126 665 218 720 sibus
238 665 286 732 (cf.
306 665 546 737 Innokentij,
567 666 779 722 Oblicitel'noe
791 667 915 737 Bogosl.
935 666 986 734 ΙΙ,
1005 668 1067 732 378)
1087 667 1291 734 concluditur,
1310 683 1373 722 non

123 750 167 788 ex
194 735 328 789 decretis
355 735 556 791 conciliorum
585 742 640 791 aut
667 752 706 791 ex
733 737 917 806 approbatis
946 736 1152 791 catechismis,
1190 737 1375 792 Differentia

129 813 235 858 tamen
254 803 352 858 estin
372 804 514 860 doctrina
532 805 571 860 de
590 805 653 860 fine
672 806 766 862 buius
786 805 951 872 unctionis
979 820 1073 886 quam
1102 805 1162 860 iam
1185 805 1373 873 notavimus,

127 880 161 927 et
179 873 218 928 de
235 873 374 997 Bericulo
393 875 456 939 (vel
474 874 599 943 timore)
621 875 732 930 mortis
745 875 826 930 sitne
841 889 1053 930 necessarium
1069 873 1100 930 in
1114 874 1254 930 subiecto
1269 890 1374 931 necne.

262 984 268 996 .
287 944 428 998 297-800
448 943 480 1000 Κ.
499 944 649 1000 00000110
667 945 867 1014 particularia
880 945 1068 1000 determinat
1097 943 1185 999 Inter
1203 945 1261 1000 alia
1275 945 1365 1000 docet

128 1009 164 1066 Si
184 1012 314 1067 morbus
334 1012 478 1068 videatur
502 1013 611 1084 gravis
630 1019 660 1069 et
679 1014 874 1084 periculosus
894 1029 972 1081 esse,
1002 1029 1111 1068 revera
1130 1019 1234 1068 autem
1254 1015 1375 1070 nullum

127 1081 213 1135 adsit
231 1081 399 1137 discrimen
419 1082 510 1150 vitae,
537 1087 620 1138 certe
639 1084 740 1139 valide
759 1089 789 1139 et
807 1083 888 1138 licite
908 1083 1105 1138 ministratur
1124 1087 1374 1144 sacramentum:

129 1151 158 1204 si
178 1149 315 1205 vicissim
336 1151 484 1206 infirmus
509 1153 651 1222 graviter
674 1152 828 1221 affligitur
852 1169 909 1222 per
934 1153 1088 1218 morbum,
1114 1152 1168 1222 qui
1188 1164 1299 1208 natura
1319 1168 1376 1208 sua

127 1225 179 1274 est
197 1219 323 1289 quidem
350 1220 554 1290 periculosus,
582 1223 637 1276 sed
667 1223 805 1277 nondum
826 1222 953 1276 videtur
978 1236 1083 1277 secum
1102 1221 1187 1276 ferre
1205 1222 1374 1278 discrimen

129 1289 220 1354 vitae,
249 1291 368 1359 pariter
385 1290 487 1345 valide
505 1297 535 1346 et
559 1291 640 1346 licite
665 1293 834 1361 praebetur
858 1308 883 1346 s.
903 1290 1016 1346 unctio,
1054 1290 1085 1345 Si
1113 1292 1243 1346 morbus
1269 1306 1374 1347 secum

124 1359 221 1413 ducat
234 1358 405 1428 periculum
420 1366 539 1416 certum
555 1362 675 1428 mortis,
689 1362 744 1416 sed
759 1369 904 1427 remotae,
920 1359 1023 1415 valide
1036 1359 1130 1414 datur
1144 1365 1373 1416 sacramentum

129 1427 261 1496 (phthisi
280 1445 309 1482 v.
323 1445 351 1498 g.
365 1429 605 1493 laborantibus).
624 1431 656 1486 Si
671 1432 802 1486 morbus
813 1431 923 1485 leviter
938 1434 1059 1484 tantum
1073 1427 1188 1499 affligit
1200 1436 1374 1498 aegrotum,

125 1496 332 1566 coniungitur
356 1504 459 1553 autem
485 1514 555 1554 cum
604 1501 720 1555 ericulo
747 1500 857 1554 mortis
883 1499 1038 1566 instantis,
1067 1505 1097 1552 et
1122 1498 1224 1554 valide
1244 1505 1275 1554 et
1294 1499 1373 1554 licite

126 1571 360 1622 sacramentum
380 1569 558 1637 praebetur.
582 1516 763 1625 1111001100
789 1567 1088 1638 Arbangel‘skij
1116 1568 1145 1636 (l.
1165 1584 1197 1636 0.,
1217 1585 1245 1638 p.
1258 1571 1303 1634 89)
1325 1569 1376 1624 (10·

126 1635 229 1690 fendit
247 1636 340 1691 etiam
359 1637 407 1702 iis,
458 1639 489 1692 ui
509 1653 585 1708 prae
613 1639 724 1694 senio
757 1639 824 1694 sine
843 1638 903 1693 alia
921 1637 1104 1692 infirmitate
1123 1637 1273 1692 deficiunt
1292 1643 1322 1693 et
1341 1638 1374 1692 in

124 1704 210 1758 diem
233 1705 376 1761 morituri
396 1654 552 1773 vitientur,
573 1716 803 1764 sacramentum
823 1723 894 1764 esse
913 1707 1136 1777 praebendum.
1175 1708 1274 1778 Negat
1293 1707 1375 1763 euim

128 1788 237 1829 senem
257 1775 348 1830 talem
368 1791 431 1831 non
451 1791 521 1832 esse
540 1777 680 1847 graviter
698 1782 878 1848 aegrotum
902 1792 972 1831 cum
993 1777 1042 1831 ille
1061 1783 1207 1846 opponat,
1236 1777 1375 1832 medicos

128 1858 243 1898 sanare
262 1846 391 1900 morbos
410 1861 473 1901 non
493 1847 624 1913 senium,
653 1847 689 1902 K.
709 1847 879 1916 respondet
904 1846 975 1900 hinc
1001 1846 1101 1900 solum
1123 1846 1221 1928 sequi,
1250 1845 1373 1901 senium

129 1927 194 1967 non
213 1913 371 1970 includere
392 1930 512 1972 merum
533 1916 706 1985 periculum
728 1917 846 1982 mortis,
867 1915 921 1971 sed
942 1915 1009 1970 cius
1028 1915 1257 1980 certitudinem
1277 1931 1372 1996 quam

129 1997 202 2036 esse
219 1983 477 2052 impedimentum
499 1985 669 2054 praebendi
695 1986 889 2050 euchelaeon,
913 2000 969 2040 noc
988 1984 1214 2054 Arbangel‘slrij
1237 1984 1375 2040 affirma·

130 2051 220 2106 verit.
241 2053 342 2107 Etiam
362 2061 583 2124 argumentum
603 2055 670 2110 eius
689 2071 728 2110 ex
746 2070 808 2110 usu
827 2053 1039 2124 precationum
1055 2054 1142 2108 senio
1156 2053 1375 2110 deficientibus

129 2135 194 2175 non
213 2123 464 2178 convenientium
485 2126 633 2194 probaret
650 2125 682 2179 id
696 2130 925 2179 sacramentum
938 2123 1116 2193 negandum
1134 2139 1204 2178 esse
1219 2123 1375 2191 0111011100,

126 2191 185 2260 qui
203 2191 338 2246 naturali
357 2194 451 2247 modo
470 2201 602 2249 mortem
622 2193 832 2318 proginquam
852 2193 993 2262 effugere
1013 2207 1074 2247 non
1095 2197 1237 2261 possunt.

235 2260 351 2316 Contra
362 2263 511 2318 Graecam
526 2270 676 2318 consuetu
700 2263 783 2317 inem
797 2279 832 2317 00
841 2264 1015 2318 doctrinam
1026 2277 1197 2331 ——quacum
1213 2265 1243 2316 et
1251 2261 1373 2317 Russus

126 2329 309 2399 discrepare
330 2333 438 2387 statuit
456 2338 586 2402 excepto
605 2349 651 2402 ep.
672 2332 872 2402 Stephano
891 2331 921 2398 (l.
941 2347 963 2385 0.
977 2347 1004 2400 p.
1020 2333 1052 2385 18
1072 2333 1126 2399 ss.)
1154 2337 1182 2386 6.
1194 2331 1373 2386 1000100010

128 2399 306 2454 unctionem
327 2416 351 2454 s.
371 2402 584 2457 administrari
605 2417 667 2456 non
686 2417 788 2472 posse.
808 2401 900 2466 Quod
921 2401 1042 2456 Russos
1062 2400 1179 2470 attinet,
1199 2401 1372 2456 notandum

125 2475 184 2533 cst,
204 2469 354 2539 allegatos
379 2471 543 2540 theologos
571 2471 733 2543 (Ignatij
764 2473 818 2526 l.c
846 2473 907 2538 265,
937 2469 1103 2540 Makarij
1135 2470 1152 2524 l.
1171 2485 1195 2524 c.
1215 2486 1243 2538 p,
1272 2472 1324 2525 470
1342 2487 1375 2536 0.,

129 2539 300 2606 Mal‘cev,
321 2540 376 2595 Die
396 2541 716 2611 80010000100151)
737 2557 801 2595 non
821 2555 936 2610 negare
956 2555 1105 2608 expresse
1126 2538 1301 2594 valorem
1322 2556 1378 2595 un-

127 2607 241 2662 ationis
261 2609 347 2664 sanis
366 2609 610 2677 administratae,
629 2611 917 2680 Arbangelskij
938 2624 1000 2664 non
1015 2609 1115 2663 solum
1132 2609 1270 2663 valorem
1291 2609 1376 2663 affir-

132 2677 308 2744 10010110.
350 2681 430 2746 ,91)
459 2681 513 2734 000
539 2680 630 2735 etiam
658 2685 760 2734 mente
779 2680 883 2747 aegris
903 2695 969 2733 eam
990 2679 1159 2732 concedere
1178 2682 1218 2747 (p.
1237 2681 1282 2743 69)
1303 2693 1373 2732 0010

132 2745 313 2802 Simeone
364 2748 681 2804 bessalonicensi
707 2754 851 2816 (ἀρρωστία
869 2752 1021 2815 000001ςῆ
1040 2755 1087 2800 aar.
1104 2753 1190 2815 ψυχῆς
1209 2751 1305 2815 μόνον),
1324 2747 1374 2801 dc·

131 2815 227 2884 nique
245 2817 322 2871 alios
344 2818 464 2873 Russos
484 2835 551 2874 eam
571 2820 662 2874 etiam
683 2818 737 2885 eis,
762 2818 874 2887 quiex
894 2817 993 2886 capite
1012 2817 1163 2882 laborant,
1190 2817 1371 2886 permittere

133 2885 222 2949 (Nor.
249 2886 347 2942 Skrii.
368 2887 427 2954 lv,
455 2890 489 2943 69
513 2903 560 2957 ap.
582 2890 673 2957 11111),
693 2918 726 2928 -
750 2889 779 2941 ft.
806 2888 903 2952 docet,
932 2886 1114 2941 auctoritate
1140 2901 1163 2939 0.
1190 2886 1374 2966 scripturae,
1467 2939 1469 2942 ,

131 2956 261 3024 perenni
286 2956 453 3011 traditione
471 2965 502 3012 et
520 2959 640 3013 ratione
659 2956 831 3025 theologica
850 2963 1002 3022 constare,
1029 2955 1130 3010 solum
1151 2971 1241 3026 gravi
1262 2957 1373 3011 morbo

131 3025 310 3080 laborantes
334 3041 404 3080 esse
423 3042 551 3096 capaces
576 3032 734 3082 extremae
752 3025 909 3081 unctionis
929 3027 970 3094 (p.
990 3027 1060 3094 290).
1098 3025 1226 3080 Fatetur
1245 3025 1372 3095 quidem

131 3093 281 3150 usitatum
306 3102 528 3165 argumentum
548 3113 564 3151 0
584 3097 735 3151 vocabulo
754 3099 862 3150 1000101
881 3096 1009 3150 ductum
1029 3095 1157 3149 omnino
1175 3095 1277 3150 debile
1296 3110 1374 3162 esse,

131 3164 187 3218 sed
207 3179 224 3218 e
243 3166 413 3220 verborum
440 3173 586 3220 contextu
613 3167 726 3236 probat
745 3181 768 3220 s.
789 3164 939 3220 Iacobum
959 3163 1124 3219 excludere
1142 3179 1159 3218 a
1180 3171 1374 3220 sacramento

130 3249 194 3298 000,
213 3233 267 3303 qui
286 3235 427 3304 graviter
444 3235 564 3289 infirmi
584 3242 666 3291 sunt.
697 3236 822 3303 Tamen,
842 3250 912 3289 cunr
934 3250 957 3287 s.
977 3233 1110 3288 Iacobus
1130 3234 1169 3288 de
1189 3233 1375 3288 sacramenti

129 3309 242 3358 natura
261 3318 323 3358 non
343 3310 416 3373 agat
434 3320 472 3358 ex
491 3305 646 3373 professo,
680 3306 734 3359 sed
754 3305 793 3359 de
812 3320 873 3359 usu
893 3303 960 3358 eius
979 3303 1011 3358 10
1031 3303 1177 3370 aegrotis,
1206 3305 1265 3359 hoc
1283 3319 1375 3374 argu·

130 3378 234 3427 mento
254 3389 315 3428 non
336 3373 463 3429 videtur
481 3390 573 3428 omne
593 3374 723 3430 dubium
743 3373 866 3429 excludi
886 3373 937 3440 (cf.
952 3373 1104 3428 Museum.
1122 3373 1205 3427 Brno
1227 3375 1301 3439 1905,
1321 3375 1376 3439 81).

129 3441 319 3497 Τ1001110010
348 3443 534 3509 testimonia,
563 3459 581 3498 a
605 3443 762 3498 catholicis
787 3444 836 3498 hic
863 3441 964 3512 pluris
992 3443 1143 3509 habenda,
1176 3442 1252 3496 satis
1280 3457 1374 3510 parce

127 3511 314 3567 afferuntur.
355 3513 439 3568 Usus
460 3513 632 3582 Coptorum
660 3518 689 3567 et
708 3513 928 3580 Iacobitarum,
948 3511 987 3566 de
1006 3527 1069 3580 quo
1088 3511 1125 3565 ci.
1146 3511 1373 3581 Katanskij,

129 3579 233 3635 000111
263 3581 364 3636 1010111
394 3583 580 3654 obrjadoroj
615 3588 745 3650 storony
774 3584 911 3636 tainstva
937 3580 1195 3650 eleosvjabcenija
1220 3579 1252 3633 111
1278 3580 1376 3649 111101.

133 3639 239 3705 Ctenie
259 3653 327 3707 1880
345 3650 396 3721 ΙΙ,
425 3669 454 3721 p.
474 3656 538 3718 118;
565 3654 717 3716 Petrov,
747 3651 831 3705 Vnst.
851 3650 991 3718 01101100.
1012 3650 1179 3704 01100001νο
1199 3648 1272 3716 Spb.
1295 3651 1373 3714 1869,

132 3736 160 3788 p.
179 3721 220 3786 34,
240 3736 302 3775 non
324 3721 379 3787 bic,
400 3722 455 3776 sed
468 3723 540 3776 alibi
551 3727 670 3776 tantum
683 3720 824 3790 tangitur
842 3721 885 3786 (in
899 3727 969 3772 nota
986 3735 1015 3796 p.¹
1027 3721 1097 3784 135),
1117 3733 1217 3798 00000
1231 3733 1274 3782 00,
1294 3733 1374 3787 quae

132 3792 170 3843 ad
198 3796 385 3846 vetustatem
411 3807 489 3846 usus
515 3807 609 3846 sanos
636 3792 851 3859 (paenitentes)
879 3787 1016 3857 ungendi
1045 3788 1127 3840 »oleo
1153 3786 1369 3841 infirmorum«

132 3862 203 3924 (vet.
229 3860 335 3915 versio
360 3863 452 3920 Arai).
477 3877 541 3915 can.
562 3861 683 3915 Nicaea.
703 3864 771 3926 010.)
791 3859 830 3912 00
850 3856 1129 3912 consummandam
1153 3855 1373 3925 paenitentiam

131 3933 162 3981 et
175 3928 323 3998 reliquias
337 3939 533 3999 peccatorum
548 3930 701 3985 tollendas
720 3928 829 3983 afferri
850 3928 951 3982 solent
978 3925 1121 3994 (0181ον.
1141 3925 1159 3980 l.
1181 3926 1222 3980 th.
1243 3925 1275 3979 l..
1294 3927 1375 3992 8-0)

132 3997 192 4051 0101
216 3998 248 4051 10
274 4015 388 4068 genere
412 4001 527 4070 tquoad
548 4001 696 4063 Graecos)
716 3998 899 4052 auctoritate
921 3995 1027 4051 Goarii
1047 3995 1241 4061 refelluntur,
1273 4010 1373 4064 neque

131 4066 216 4134 illud,
236 4069 320 4136 quod
340 4070 449 4124 Graeci
465 4069 582 4123 Latinis
602 4069 778 4123 obiciebant
797 4069 835 4122 de
855 4065 999 4120 unctione
1013 4065 1236 4144 paenitentiam
1253 4063 1375 4119 010010-

130 4136 297 4190 firmorum
317 4138 356 4192 ad
375 4139 522 4194 effectum
549 4139 696 4207 baptismi
715 4136 921 4192 obtinendum
941 4135 1112 4203 explicatur
1132 4135 1180 4199 (cf.
1208 4135 1378 4214 Hergen·

131 4206 289 4270 rbther,
322 4207 523 4263 libramenta
547 4208 664 4262 Graeca
690 4207 729 4261 ad
757 4206 904 4260 Plrotium
931 4205 1062 4273 eiusque
1094 4204 1255 4259 historiam
1282 4209 1377 4272 pertr-

130 4276 242 4330 nentia.
264 4275 381 4333 Ratisb.
402 4280 476 4342 1869,
496 4293 525 4345 p.
544 4279 657 4343 fta-713
678 4276 709 4331 Sl
738 4276 755 4330 l.
776 4277 817 4331 th.
838 4275 872 4342 1.,
894 4277 964 4340 164),
985 4274 1086 4328 solnm
1107 4273 1280 4352 secu-ndum
1301 4271 1377 4340 Arb-

129 4344 291 4415 angel‘skij
319 4362 411 4402 usum
434 4347 593 4400 sollemnis
621 4346 777 4400 unctionis
798 4345 877 4399 feria
896 4344 929 4398 V.
948 4344 980 4398 in
1001 4359 1074 4397 cena
1095 4343 1220 4397 Domini
1240 4341 1373 4410 (dequo

131 4415 279 4469 cleliam
299 4417 334 4470 Α.
354 4416 534 4486 Uspenskij,
564 4416 683 4470 000000
709 4415 859 4484 eleopom.
886 4431 904 4467 v
927 4413 983 4468 vel.
1004 4412 1112 4466 00101
1132 4411 1251 4465 subin
1273 4409 1374 4462 llosk.

135 4484 222 4540 Cerk.
246 4483 428 4540 vedomosti
453 4489 519 4540 1901
543 4487 600 4555 (36)
628 4485 663 4541 N.
690 4487 730 4549 12,
759 4500 786 4553 p.
814 4486 926 4547 153-7)
945 4487 1090 4562 negatur
1118 4485 1189 4534 ante
1218 4477 1376 4532 saeculum

135 4554 213 4610 XVI.
232 4552 333 4609 fuisse
352 4571 486 4625 eumque
510 4571 547 4608 ex
567 4569 627 4609 000
653 4569 715 4609 000
736 4550 953 4607 sacramentalr
973 4567 996 4604 0.
1016 4550 1073 4603 olei
1093 4555 1197 4628 0110111
1218 4562 1288 4602 0000
1307 4563 1377 4602 con·

131 4622 270 4680 10110101
290 4625 464 4693 generatim
488 4631 596 4678 contra
620 4623 734 4678 000010
755 4627 888 4691 negatur
912 4625 953 4688 (p.
973 4621 1036 4682 296)
1057 4633 1179 4686 praxim
1207 4632 1301 4697 suanos
1321 4632 1375 4670 00-

133 4693 227 4762 gendi
247 4695 331 4764 apud
351 4693 488 4750 Graecos
507 4692 680 4762 antiquitus
699 4693 805 4746 fuisse.
826 4691 872 4744 Ad
894 4689 1043 4744 rationem
1064 4689 1320 4742 adversariorum
1339 4701 1378 4740 ex
