3450 5342
746 406 920 458 -stt-

198 613 273 668 opus
297 609 349 661 ost,
374 607 452 650 recte
475 592 662 670 appellantur
683 591 782 650 media
805 595 982 666 necessaria,
1015 613 1109 670 neque
1133 615 1203 652 sane
1234 595 1297 652 sine
1322 594 1373 651 illa
1397 615 1448 650 vo·

201 679 314 736 lentate
345 681 479 737 remissio
509 678 613 737 haberi
642 687 746 758 potest,
778 699 874 758 neque
897 681 1082 738 necessitatis
1110 679 1195 738 huius
1218 681 1386 756 ignorantia
1408 702 1446 738 ex

198 776 290 836 cusat,
322 787 416 843 neque
449 769 595 824 concurrit
626 764 730 824 eadem
754 766 890 824 voluntas
914 767 1007 824 solum
1032 767 1170 844 negative
1193 787 1244 824 seu
1267 765 1446 826 removendo

199 851 360 929 prohibens
382 861 544 930 peccatum.
576 851 664 911 Adde
685 852 764 932 qnod
787 854 877 910 etiam
901 854 966 930 ipsa
988 855 1124 911 contritio
1149 851 1196 910 vel
1219 855 1339 926 attritio,
1370 871 1446 932 qnae

198 941 231 996 in
254 959 307 996 usa
330 939 458 998 clavium
483 942 647 1016 requiritur,
669 941 696 996 si
718 937 757 998 ad
779 948 878 1016 partes
900 939 1073 998 essentiales
1096 942 1273 998 sacramenti
1288 943 1444 1018 pertineat,

201 1047 254 1104 per
276 1034 373 1084 actum
395 1025 557 1084 voluntatis
580 1025 670 1104 dirigi
692 1024 781 1084 debet
804 1024 842 1085 ad
864 1025 1079 1084 absolutionem
1103 1025 1319 1104 accipiendam
1343 1037 1372 1086 et
1395 1047 1446 1084 va-

200 1113 314 1171 luntate
348 1113 454 1171 saltem
489 1113 634 1191 implicita
667 1115 699 1171 iu
732 1123 799 1172 acta
832 1111 942 1172 doloris
976 1113 1150 1172 sufficientis
1183 1113 1230 1172 vel
1253 1113 1446 1193 hypothetica

199 1198 365 1257 subduntur
395 1200 485 1257 etiam
516 1200 569 1257 illa
599 1201 704 1278 gravia
731 1208 853 1278 peccata
883 1199 1017 1258 clavibus
1044 1219 1110 1258 cum
1141 1199 1236 1258 fructu
1259 1199 1445 1274 adhibendis,

198 1307 275 1363 (puae
306 1286 355 1343 hic
384 1295 414 1344 et
446 1306 524 1344 nunc
554 1288 713 1346 memoriae
743 1307 801 1344 nun
829 1295 985 1346 occurrunt
1006 1285 1056 1344 vel
1079 1289 1183 1364 gravia
1207 1308 1265 1346 nen
1288 1295 1445 1346 censentur

200 1374 247 1429 vel
271 1373 341 1430 olim
365 1376 419 1430 rite
441 1372 575 1431 subiecta
597 1375 812 1432 existimantur.
835 1369 896 1454 (Of.
919 1373 966 1431 De
989 1375 1100 1452 Lago,
1125 1373 1170 1430 Ile
1193 1393 1277 1452 poen.
1302 1375 1376 1450 disp.
1403 1377 1442 1432 14

200 1483 222 1516 s.
250 1465 275 1518 l.
298 1481 326 1518 n.
350 1459 391 1534 4).
414 1493 456 1502 —-
479 1461 561 1518 Sicut
584 1459 640 1518 hoc
662 1458 791 1518 medium
815 1481 883 1518 usus
906 1461 1042 1532 clavium,
1071 1463 1164 1518 itaet
1187 1461 1300 1538 reliqua
1323 1481 1442 1520 enume·

202 1557 273 1616 rata,
303 1556 335 1604 nt
365 1567 432 1605 eum
461 1547 558 1604 fructu
590 1545 795 1618 adhibeantur,
826 1549 993 1606 neeessaric
1025 1545 1178 1606 includunt
1205 1557 1255 1606 aut
1278 1556 1446 1626 supponunt

203 1643 302 1691 votum
326 1635 488 1710 peccatoris
510 1631 657 1693 subdendi
678 1653 712 1692 ae
734 1631 876 1695 clavibus.
899 1635 963 1692 sive
985 1633 1158 1711 explicitum
1175 1635 1238 1692 sire
1258 1634 1442 1712 implicitum.

200 1719 235 1776 ld
259 1729 341 1796 patet
363 1740 401 1778 ex
423 1720 453 1777 Ιἃ
487 1729 571 1798 parte
593 1720 681 1778 huius
702 1719 804 1778 thesis.

303 1806 410 1864 Votum
439 1808 529 1885 igitur
562 1805 664 1865 utendi
692 1805 826 1865 clavibus
848 1817 893 1864 est
916 1809 1114 1864 necessarium
1138 1810 1312 1866 necessitate
1336 1807 1436 1866 medii,

201 1895 263 1950 laur
293 1913 362 1952 vero
392 1893 447 1952 hoc
476 1903 585 1963 votum,
614 1903 716 1972 utpote
737 1896 854 1962 aeriam,
885 1895 944 1952 line
967 1902 1087 1964 careret,
1111 1896 1135 1950 si
1161 1915 1205 1951 res
1230 1897 1293 1972 ipsa
1316 1915 1374 1952 non
1398 1898 1437 1952 si-

196 1981 308 2039 militer
330 1982 505 2057 exigeretur,
528 2000 594 2038 cum
615 2001 669 2058 per
690 1991 878 2058 praeceptum
901 1981 981 2058 exigi
1006 1980 1136 2039 nondum
1160 1989 1348 2059 supponatur.
1376 1981 1439 2040 Nec

198 2088 270 2124 sane
293 2069 448 2146 quisquam
472 2066 599 2145 prudeus
621 2067 717 2144 legem
741 2067 838 2126 ferens
861 2069 1003 2138 societati,
1026 2071 1172 2126 sinceram
1204 2071 1244 2124 rei
1280 2067 1440 2145 aliquando

196 2152 396 2230 capessendae
427 2154 609 2212 veluntatem
638 2163 671 2212 ut
701 2157 897 2212 neeessariam
929 2156 1096 2232 praestituit
1128 2157 1176 2217 ita.
1210 2165 1239 2212 ut
1263 2175 1324 2214 rem
1349 2157 1441 2233 ipsam

198 2255 297 2298 tamen
320 2242 486 2299 ammittere
509 2239 634 2300 liberum
655 2252 787 2314 maneat,
814 2241 911 2313 ,unde
934 2243 1124 2300 necessitates
1156 2241 1223 2300 illas
1254 2241 1327 2300 duas
1354 2261 1438 2320 sepa-

198 2347 263 2383 rari·
295 2327 411 2385 videtur
440 2347 557 2406 prorsus
587 2325 665 2386 idem
687 2337 776 2406 atque
799 2325 1015 2386 intolerandam
1038 2327 1188 2406 quandam
1211 2331 1437 2407 repugnantiam

196 2414 331 2472 consiliis
353 2413 474 2472 divinae
497 2415 660 2492 sapientiae
684 2415 826 2487 inferre“3
854 2435 924 2492 ergo
947 2417 1108 2474 necessitas
1131 2415 1280 2473 obiectiva
1303 2418 1363 2473 voti
1387 2416 1440 2473 eli·

196 2499 297 2558 ciendi
318 2503 383 2559 sinc
406 2504 599 2560 neccessitate
622 2504 663 2560 rai
687 2522 834 2560 essenon
856 2509 960 2580 potest.
994 2501 1153 2560 Praeterea
1177 2523 1235 2561 non
1258 2511 1354 2580 potest
1377 2523 1440 2560 esse

198 2589 335 2646 voluntas
358 2589 435 2647 seria
457 2599 486 2646 et
508 2597 656 2649 conamus.
678 2589 751 2667 quin
773 2591 850 2646 actio
873 2597 1004 2660 esterna,
1028 2609 1103 2666 quae
1120 2589 1279 2648 voluntatis
1295 2588 1441 2648 obiectum

195 2685 251 2743 est,
267 2683 400 2753 ponatur.
421 2675 502 2752 Ergo
524 2677 685 2734 necessitas
707 2675 831 2733 actualis
854 2695 923 2733 usus
945 2675 1072 2732 clavium
1098 2678 1126 2732 vi
1144 2678 1235 2754 ipsius
1248 2678 1441 2734 institutionis

196 2763 359 2820 mediorum
383 2760 422 2819 ad
444 2761 621 2820 remittenda
643 2771 764 2840 peccata
786 2761 909 2820 inducta
931 2769 984 2822 est.

305 2847 390 2923 Quae
412 2850 573 2907 necessitas
594 2869 654 2907 non
677 2856 722 2906 est
744 2869 825 2906 mara
847 2851 1008 2906 necessitas
1031 2851 1180 2925 praecepti
1206 2869 1256 2906 seu
1281 2852 1440 2908 necessitas

197 2937 347 3012 praecepti
383 2933 420 2992 ad
454 2937 669 2994 institutionem
703 2933 865 2994 mediorum
899 2933 1093 3012 superadditi,
1129 2954 1196 2992 narn
1231 2957 1282 3012 per·
1315 2935 1440 2994 eandem

199 3022 414 3080 institutionem
437 3024 497 3080 ianr
518 3023 634 3096 existit,
658 3043 754 3100 neque
775 3030 871 3100 potest
896 3024 988 3100 primo
1011 3031 1041 3078 et
1062 3042 1115 3100 per
1137 3041 1168 3078 sc
1192 3043 1256 3080 esse
1280 3025 1440 3082 necessitas

197 3109 356 3186 praecepti.
390 3107 450 3166 Sed
487 3105 574 3179 ,inde
607 3116 652 3166 est
686 3111 718 3167 in
751 3119 906 3186 praecepto
944 3109 1014 3187 quia
1051 3106 1179 3166 medium
1222 3111 1435 3168 neeessarinm“

199 3194 314 3266 Cano,
336 3194 447 3255 Reiect.
471 3194 509 3252 de
525 3215 610 3273 poen.
631 3215 659 3274 p.
684 3197 712 3254 5.
727 3196 951 3273 Praeciperetur
965 3197 1045 3254 eninr
1069 3196 1117 3254 vel
1140 3195 1203 3254 sola
1225 3195 1368 3254 subiectio
1391 3197 1439 3254 vel

196 3282 262 3356 ipsa
284 3280 437 3340 absolutio.
470 3281 530 3340 Sed
563 3291 708 3360 repugnat
736 3282 826 3341 alicui
852 3283 983 3360 praecipi
1018 3281 1101 3350 illud,
1135 3280 1214 3360 quod
1242 3281 1279 3340 ab
1312 3304 1347 3342 eo
1381 3303 1440 3342 uon

197 3366 376 3445 dependeat,
407 3371 489 3446 atqui
520 3368 666 3428 absolutio
687 3372 718 3427 vi
741 3369 878 3430 clavium.
901 3371 959 3428 sita
974 3371 1006 3427 in
1021 3368 1114 3426 libero
1130 3368 1251 3428 arbitrio
1271 3367 1440 3440 sacerdotia,

196 3453 235 3511 ab
258 3475 293 3513 eo
315 3474 375 3512 non
398 3453 564 3533 dependet3
587 3477 643 3514 nec
664 3457 728 3514 sola
750 3446 881 3514 subiecto
898 3456 1020 3514 actualis
1037 3457 1101 3514 sine
1125 3455 1308 3514 absolutione
1331 3455 1438 3513 sufficit

196 3549 227 3596 ut
251 3550 332 3618 patet
353 3561 393 3599 ex
414 3551 497 3619 parte
520 3543 561 3600 1³.

300 3628 405 3706 Neque
438 3639 483 3686 est
517 3632 676 3688 necessitas
706 3629 928 3688 medii·stricte
952 3627 1039 3686 dicta
1063 3629 1209 3687 llemissio
1233 3632 1313 3686 eninr
1337 3649 1439 3706 peeca-

191 3724 289 3771 torum
321 3724 418 3792 potest
450 3718 539 3773 etiam
575 3735 626 3794 per
658 3716 721 3774 sola
754 3714 854 3773 media
877 3713 1053 3774 secundaria
1075 3715 1210 3786 obtineri,
1233 3723 1263 3772 et
1286 3717 1310 3774 si
1334 3715 1434 3774 claves

195 3799 272 3857 adiri
319 3822 378 3859 nou
412 3813 541 3880 possunt,
586 3804 651 3880 ipsa
683 3802 770 3868 salas,
805 3812 836 3859 at
870 3804 901 3859 in
936 3802 1127 3880 sequentibus
1158 3799 1290 3860 thesibus
1333 3805 1438 3880 partim

195 3887 391 3946 ostendemus.

299 3975 377 4034 Usus
400 3977 552 4053 potestatis
575 3975 703 4034 clavium
725 3987 770 4034 est
792 3978 883 4052 igitur
900 3975 1027 4034 medium
1045 3978 1241 4034 necessarium
1258 3978 1438 4052 primariam,

192 4072 222 4202 (ιι
252 4071 367 4204 ιιιιιιιιιιι
399 4064 574 4120 necessitate
597 4063 786 4140 privilegiata
810 4064 1000 4120 necessarius.
1028 4097 1064 4103 -
1089 4061 1136 4122 (tf.
1160 4063 1263 4120 Dans
1296 4065 1439 4131 dectus,

212 4168 230 4202 n
254 4148 272 4209 l.
296 4150 324 4217 4,
369 4150 415 4208 ist.
443 4151 478 4204 17
504 4169 531 4208 n.
558 4151 606 4209 13.

296 4265 343 4318 Ad
364 4267 385 4316 l.
409 4267 518 4318 Votuin
538 4265 583 4318 rei
601 4270 722 4319 tantum
744 4273 928 4333 praeceptae
943 4270 991 4318 est
1006 4271 1113 4319 voturn
1129 4281 1185 4345 per
1200 4280 1232 4318 se
1251 4269 1338 4320 actus
1354 4265 1437 4318 sub-

192 4334 332 4390 iectivi
360 4334 495 4402 ponendi
514 4348 532 4388 a
551 4339 701 4398 vovente,
729 4339 837 4388 votum
871 4349 946 4388 vero
976 4335 1162 4389 sacramenti
1186 4339 1234 4388 est
1254 4339 1361 4390 votum
1381 4349 1438 4402 per

192 4403 349 4482 aceperis
369 4401 562 4458 obieetivi
579 4374 746 4471 reeipiehdi
764 4418 783 4456 a
802 4407 947 4466 vovente,
941 4403 1065 4525 ,guod
1071 4417 1112 4458 sc.
1132 4419 1170 4458 ne
1189 4407 1293 4472 potest
1312 4402 1435 4472 quidem

125 4505 128 4511 ·
189 4470 250 4552 ipsi
276 4472 436 4553 imperari.
470 4473 610 4536 Quocum
638 4473 782 4526 cohaeret
807 4473 942 4526 alterurn
996 4487 1156 4538 lacrimem
1195 4488 1236 4526 se
1264 4477 1372 4527 vetram
1393 4473 1437 4526 rei

189 4539 363 4622 cuiuspiam
385 4549 576 4610 praeceptae,
593 4544 739 4611 quamvis
760 4543 865 4610 ipsum
886 4547 920 4596 nt
940 4543 1092 4625 propositi
1113 4541 1308 4611 proindeque
1327 4543 1439 4596 contri-

190 4609 284 4664 tionis
308 4611 495 4666 elementum
526 4610 666 4666 conferat
684 4611 723 4665 de
741 4625 884 4736 congrpo
903 4611 942 4666 ad
963 4613 1085 4665 veniam
1114 4611 1230 4680 culpae,
1258 4617 1305 4665 est
1331 4616 1434 4664 tamen

189 4685 297 4734 votum
325 4679 377 4746 rei,
406 4696 484 4748 quae
501 4681 578 4749 ipsa,
597 4681 624 4734 ai
643 4680 740 4735 libere
761 4686 905 4749 ponatur,
925 4681 964 4734 ad
984 4679 1202 4736 remissionem
1223 4695 1279 4735 seu
1299 4679 1434 4750 gratiam
