3450 5342
886 350 1078 406 —l'll-

358 539 439 598 ribus
463 540 570 599 creatis
592 540 744 617 finitisque
767 540 831 597 lieri
855 559 927 597 uon
959 542 1123 617 possint.
1155 534 1215 615 (Cf,
1240 542 1393 605 suarez,
1420 538 1468 595 De
1492 538 1603 615 opilieio

360 647 412 685 sex
435 624 509 685 dier.
533 626 550 682 l.
575 628 602 692 2,
625 646 649 683 c.
675 629 723 694 10,
747 646 775 685 n.
801 628 863 699 12).

462 716 505 771 At
527 722 639 771 certum
662 714 807 791 imprimis
830 726 875 771 est
891 712 1094 771 diversitatem
1114 714 1422 791 propinquitatemque
1446 710 1602 769 formamm

359 795 401 861 in
420 793 614 879 crystallis
636 800 692 859 hoo
714 799 801 859 modo
824 813 918 857 ortam
934 820 992 857 non
1016 820 1088 858 csse.
1113 802 1236 857 Atomos
1253 798 1300 857 vel
1323 798 1484 857 moleculas
1508 796 1603 855 condi-

361 886 496 945 cionibus
532 888 708 945 necessariis
742 888 846 965 positis
876 884 1000 945 eandem
1035 906 1150 964 semper
1179 887 1303 945 formam
1331 887 1541 945 coniunctione
1574 904 1603 941 ae

359 972 568 1032 distributione
591 974 707 1033 efficere
724 975 811 1031 aliter
833 994 892 1031 nou
916 974 1081 1051 explicatur
1096 985 1184 1053 atque
1208 972 1296 1031 ideali
1319 972 1405 1031 huius
1428 973 1543 1029 formae
1565 972 1603 1029 ri:

361 1062 495 1139 alioquin
519 1063 600 1118 euim
623 1082 660 1119 ex
684 1060 788 1119 eadem
811 1062 936 1119 materia
959 1058 1063 1119 eadem
1095 1060 1379 1139 semper'crystalla
1402 1061 1604 1117 formarentur.

361 1148 435 1206 Cum
461 1148 611 1225 simplices
627 1149 798 1227 primaeque
814 1148 925 1206 sonuae
949 1148 979 1205 iu
1003 1168 1060 1205 uno
1080 1148 1221 1227 crystallo
1245 1149 1322 1205 iuter
1337 1168 1368 1205 se
1392 1158 1604 1224 componuntnr

360 1247 449 1315 atque
475 1235 674 1313 implicantur,
704 1238 823 1313 propria
845 1236 1089 1311 consanguinitas
1120 1232 1338 1313 descensusque
1367 1244 1468 1292 tamen
1492 1232 1604 1291 absunt

465 1322 529 1381 Iam
561 1321 687 1380 cellulae
718 1342 736 1379 a
765 1321 914 1401 crystallis
937 1334 1015 1380 certe
1046 1343 1080 1379 eo
1107 1318 1253 1386 differunt.
1286 1319 1364 1399 quod
1394 1320 1604 1399 procreationis

361 1418 429 1467 suut
453 1411 773 1486 capaces301gauismi
797 1418 894 1467 autom
920 1408 1090 1466 cellularum
1122 1410 1307 1467 counexione
1330 1410 1532 1466 continentur.
1563 1406 1605 1463 Ita

361 1514 465 1573 reapse
494 1497 602 1572 origini
630 1498 762 1555 omnium
789 1497 985 1555 animantium
1015 1517 1053 1554 ex
1081 1496 1168 1554 unica
1199 1494 1305 1554 cellula
1336 1516 1374 1553 ex
1402 1495 1458 1553 hac
1489 1492 1604 1571 quidem

361 1593 444 1660 parte
467 1581 543 1639 nibil
566 1582 671 1641 obstat.
694 1581 791 1659 Quam
808 1581 1012 1643 condicionem
1037 1602 1095 1641 uon
1118 1594 1162 1641 est
1186 1602 1237 1641 cur
1256 1602 1404 1660 negemus
1427 1600 1603 1660 quamquam

362 1671 523 1747 portentosi
547 1669 661 1747 aliquid
683 1669 802 1728 videtur
824 1672 985 1727 continere.

466 1754 524 1813 e‘ed
548 1756 619 1815 iiiuc
653 1756 782 1815 nondum
813 1757 941 1815 allicitur
963 1757 1060 1815 Deum
1092 1776 1229 1814 revera
1257 1754 1401 1813 eiusmodi
1432 1754 1604 1813 facultatem

361 1841 551 1921 indolemque
575 1843 662 1901 rebus
678 1846 784 1902 creatis
800 1845 978 1915 inseruisse;
1002 1846 1091 1901 immo
1114 1864 1152 1901 ue
1169 1840 1242 1901 illud
1259 1840 1378 1920 quidem
1395 1851 1485 1919 patet,
1512 1841 1603 1899 Deum

360 1927 392 1986 id
414 1930 512 1986 lacere
534 1932 717 2009 potuisse,
748 1933 882 2009 potentia
909 1929 1073 2008 adaequate
1097 1940 1238 2009 spectata.
1272 1930 1402 1999 Etenim,
1432 1932 1458 1987 si
1483 1932 1605 2006 quaeras

358 2018 525 2094 potueritne
559 2017 638 2075 licus
676 2038 700 2075 e.
731 2039 759 2093 g.
789 2016 866 2075 hanc
897 2037 1044 2095 quereum,
1091 2038 1166 2094 quae
1197 2037 1229 2075 re
1260 2025 1365 2085 exstat,
1396 2036 1545 2080 creare,
1579 2034 1605 2071 re.

358 2114 495 2162 accurate
518 2104 706 2163 considerata
728 2106 832 2183 nequit
862 2106 926 2163 siue
950 2104 1140 2163 adiunctione
1164 2102 1343 2183 responderi,
1374 2123 1438 2161 eum
1465 2105 1605 2181 potuisse:

359 2210 431 2249 sane
454 2210 528 2259 earu,
552 2200 584 2248 ut
607 2212 682 2270 quae
704 2202 817 2269 partem
846 2190 930 2249 ideae
961 2193 1049 2249 totius
1073 2193 1220 2269 exprimat
1244 2200 1513 2269 repraesentatque,
1546 2191 1605 2246 nni-

361 2298 446 2336 verso
470 2279 600 2337 inserere
631 2280 738 2357 potnit,
771 2280 835 2336 siue
867 2278 922 2337 liae
946 2298 1041 2336 rernm
1065 2280 1258 2336 universitate
1288 2298 1354 2336 eam
1378 2279 1447 2335 oriri
1479 2278 1606 2355 potuisse

359 2385 414 2441 ego
437 2363 557 2443 quidem
589 2386 648 2424 non
679 2385 794 2423 censeo.
832 2366 979 2423 Nimirum
1011 2364 1092 2423 aliud
1123 2374 1168 2423 est
1198 2368 1239 2423 rei
1271 2362 1447 2423 efficiendae
1480 2385 1519 2421 ex
1551 2382 1605 2421 une

359 2462 443 2530 parte
466 2451 542 2509 nihil
565 2452 690 2521 obstare,
714 2450 795 2511 alind
818 2472 857 2509 ex
881 2453 970 2510 nulla.

464 2540 569 2617 Neque
592 2541 658 2618 ipsi,
689 2542 739 2618 qui
770 2541 965 2597 animantium
996 2560 1034 2596 ex
1064 2541 1209 2597 communi
1241 2548 1363 2617 parente
1392 2538 1539 2615 originem
1564 2536 1603 2592 illi

361 2627 468 2683 rationi
490 2628 582 2684 inuisi
605 2638 731 2694 tuentur,
759 2624 797 2684 ad
821 2626 971 2684 hominem
995 2626 1072 2685 banc
1095 2624 1293 2685 evolutionem
1318 2622 1478 2684 extendere
1503 2623 1605 2695 solent,

360 2712 522 2790 perfectum
545 2716 608 2771 eius
631 2733 734 2792 corpus
757 2712 794 2771 ab
817 2714 882 2791 ipso
906 2734 1001 2771 rerum
1025 2713 1129 2791 opitioe
1152 2711 1325 2790 productum
1348 2732 1413 2771 esse
1436 2720 1605 2771 statuentes.

363 2798 485 2857 fortasse
508 2798 545 2857 ob
568 2820 634 2858 sam
661 2800 820 2879 specialem
847 2802 1000 2870 rationem,
1032 2820 1069 2857 ne
1094 2798 1191 2857 Adam
1215 2798 1339 2857 bestiam
1364 2809 1476 2877 patrem
1499 2818 1605 2855 vocare

364 2884 506 2945 debuerit.

468 2973 580 3051 ltaque,
603 2993 669 3031 cum
692 2974 782 3045 Deus,
805 2975 830 3031 si
854 2974 945 3031 semol
969 2983 1104 3051 operatus
1127 2973 1174 3043 sit,
1204 2984 1282 3031 certo
1306 2983 1335 3031 et
1358 2972 1466 3030 millies
1488 2972 1602 3049 operari

362 3062 498 3137 potuerit,
528 3069 558 3117 et
581 3062 604 3118 si
629 3061 794 3138 simplicem
822 3060 960 3118 cellulam
983 3080 1049 3117 eum
1073 3058 1241 3119 condidisse
1272 3058 1441 3137 ponendum
1464 3068 1518 3128 est,
1549 3056 1605 3115 ele-

362 3146 506 3225 phantum
537 3166 652 3225 quoque
683 3149 809 3225 potuerit
838 3166 937 3205 creare
969 3143 1126 3227 (b'timmeu
1155 3166 1207 3205 ans
1230 3147 1270 3204 M.
1295 3146 1328 3204 L.
1352 3144 1512 3210 XXXIV„
1546 3144 1604 3215 43),

363 3233 440 3292 nihil
462 3246 515 3305 est,
546 3234 623 3311 quod
651 3254 716 3292 cum
740 3235 869 3314 Leroy
892 3237 928 3295 Ο.
953 3234 1010 3303 Pr,
1042 3232 1091 3291 Pl
1096 3233 1136 3289 af
1142 3233 1156 3289 f
1183 3233 1309 3313 aliisque
1339 3232 1604 3291 transformationis.

361 3320 506 3379 theoriam
537 3324 678 3379 creationi
711 3320 931 3379 accommodare
964 3319 1141 3379 studeamus.
1179 3319 1381 3379 Praefereuda
1411 3318 1530 3377 videtur
1560 3316 1604 3375 vel

362 3407 429 3467 ideo
452 3408 526 3467 haec
548 3411 696 3466 contraria
718 3410 874 3480 sententia,
898 3406 975 3485 quod
998 3410 1235 3466 constantia
1257 3408 1486 3486 specierum,
1509 3424 1604 3485 quae

364 3516 463 3553 nuuc
494 3504 685 3564 servatur,
717 3498 753 3553 ei
782 3497 907 3572 magis
939 3492 1165 3571 respondet,
1194 3504 1223 3552 ct
1246 3494 1324 3572 quod
1347 3496 1523 3552 contrariam
1547 3493 1604 3569 opi·

363 3583 483 3641 aionem
506 3582 611 3641 saltem
635 3581 673 3639 nd
700 3584 869 3640 omnium
897 3584 1059 3659 specierum
1087 3582 1230 3657 originem
1254 3579 1462 3660 explicandam
1486 3576 1603 3638 extendi

364 3690 423 3727 uon
454 3690 539 3746 posse
570 3668 733 3727 rationibus
764 3668 977 3748 physiologicis
1010 3666 1127 3745 probari
1158 3667 1282 3731 videtur.
1320 3664 1512 3747 (Wigand,
1547 3666 1605 3724 Der

364 3756 589 3826 Darvviuismus,
622 3757 654 3827 1,
683 3758 771 3830 236,
802 3757 848 3818 cf.
873 3757 909 3816 A.
933 3756 1088 3813 Keruer
1117 3776 1145 3812 v.
1169 3755 1218 3825 M,
1250 3752 1484 3814 Pllauaeuleben
1518 3756 1603 3817 1891,

364 3842 414 3908 ΙΙ,,
437 3862 464 3919 p.
489 3845 568 3916 5973
594 3841 686 3918 58L).

471 3931 607 3987 Ceterum
636 3932 742 3987 iterum
770 3938 921 3988 notemus:
952 3929 1099 3987 fuerintne
1130 3930 1244 4007 species
1275 3927 1312 3986 ab
1343 3930 1428 3986 initio
1458 3926 1603 3985 absolutae

365 4013 501 4073 conditae
524 4036 563 4074 an
585 4027 716 4093 tempore
738 4015 915 4094 procedente
938 4013 1122 4074 evolvendae
1145 4050 1187 4059 -
1210 4017 1260 4088 ita,
1293 4024 1326 4073 ut
1348 4036 1366 4073 a
1387 4012 1604 4073 condicionibus

365 4103 497 4160 externis
520 4102 593 4160 haec
616 4102 745 4161 evolutio
768 4124 804 4161 ac
829 4103 1008 4161 modificatio
1031 4101 1211 4180 pendeat,
1243 4122 1302 4160 uon
1332 4101 1545 4159 efficiatur
1565 4130 1603 4142 --

366 4187 885 4268 adresuostrasminuspertinet3
910 4190 1005 4261 idea,
1030 4209 1138 4267 quatu
1159 4186 1603 4268 oporibusDeisubesse

365 4274 544 4347 dicimus,
568 4277 711 4353 agitur.
1321 4270 1362 4336 A.
1386 4254 1564 4355 Spalddlt.

472 4424 525 4480 Dr.
544 4424 676 4479 Roacnek
696 4424 743 4480 (λι
763 4425 827 4485 rut
846 4425 990 4496 uentrem
1010 4439 1026 4484 a
1046 4425 1215 4496 prostituas
1234 4424 1290 4493 (lta
1303 4423 1458 4483 tortuosis
1477 4420 1603 4483 naturali

367 4497 398 4553 ti
417 4495 663 4565 presentiam).
683 4496 769 4550 Tem.
790 4496 813 4549 1.
832 4506 862 4550 et
883 4496 923 4550 11.
944 4512 971 4565 p.
990 4498 1084 4561 500†
1096 4498 1147 4551 300
1167 4495 1286 4565 Pragae
1306 4496 1381 4550 1905.

475 4564 616 4619 Primum
638 4580 717 4634 opus
744 4565 948 4620 scientificum
976 4566 1070 4620 huius
1096 4564 1221 4635 generis
1246 4564 1277 4619 in
1303 4564 1407 4633 lingna
1432 4560 1601 4639 bohernica;

367 4647 449 4702 opus
469 4633 617 4688 eximium
638 4641 669 4689 et
687 4633 953 4699 eruditissimum
981 4635 1035 4689 sed
1056 4636 1136 4703 quod
1158 4633 1258 4704 pluris
1278 4638 1341 4688 est:
1366 4648 1448 4702 opus
1473 4630 1603 4687 christia·
