3450 5342
905 373 1100 429 -342-

486 557 526 608 17.
547 553 663 610 Contra
682 569 726 618 ea,
745 569 826 622 ottae
845 554 1019 624 posuimus,
1039 561 1101 610 stat
1119 553 1260 610 doctrina
1281 555 1424 609 Patrum.
1444 559 1469 618 ιι)
1486 555 1587 617 Greci

380 623 465 678 rius
484 623 556 678 Nar.
575 623 665 678 docet
684 623 737 676 (ir.
763 627 798 678 ttt
816 623 847 678 in
868 639 892 678 s.
914 625 996 694 bapt
1016 639 1044 680 u.
1063 627 1106 678 23:
1137 629 1167 678 οι
1184 630 1213 678 tt
1239 629 1299 678 obet
1321 630 1390 678 atas
1415 629 1443 676 ta
1465 629 1589 690 mausz:

378 697 505 756 δέξασθαι
522 697 539 760 ἡ
556 698 759 760 clamavimus
782 699 870 760 τυχόν,
895 697 912 760 ἡ
931 711 988 747 τινα
1012 699 1111 760 ulto:
1130 699 1252 748 ἀκουσιον
1269 699 1447 762 περιπέτειαν,
1471 697 1496 756 ἐξ
1515 693 1540 760 ἧς
1553 700 1590 746 riti

379 765 603 829 βουλομένοις
622 767 711 826 αὐτοῖς
729 766 841 830 υιιιὶρχει
859 772 947 830 vaxati
968 771 1014 816 του
1031 771 1191 832 χαρίσματος
1208 807 1215 819 .
1235 803 1242 816 .
1262 804 1268 817 .
1288 767 1341 817 liat
1360 768 1476 833 ἡγοῦμαι
1492 800 1498 811 .
1514 803 1520 814 .
1536 805 1540 816 .
1554 781 1590 826 aa

378 835 407 884 at
425 837 490 899 μήτε
507 835 728 900 detectionem,
753 837 818 900 pist·
835 836 1056 900 κολασθήσεσθαι
1080 840 1153 900 παρὰ
1170 841 1215 887 τοῦ
1232 838 1334 888 δικαίου
1354 839 1457 899 spineo,
1478 835 1509 897 ὡς
1525 837 1591 896 ἰιοιι-

379 908 482 971 γίοτους
500 907 546 968 μὰν
565 907 711 970 darciaco(
728 906 766 966 at,
785 906 860 955 ἀλλὰ
876 906 1010 968 παθόντος
1029 907 1132 972 μᾶλλον
1150 909 1196 968 τὴν
1214 907 1308 970 ζημίαν
1325 907 1509 970 ἡδριὶσιιης.
1524 905 1591 968 buza:

379 975 448 1036 ὅστις
466 975 496 1024 οὐ
514 974 653 1036 κολάσεως
677 975 757 1035 ἄξιος,
781 976 831 1039 ἤδη
850 979 897 1024 καὶ
915 980 996 1039 τιμῆς·
1015 977 1100 1040 ὥςπερ
1125 977 1155 1026 οὐ
1173 977 1242 1037 tarta
1259 977 1289 1026 ab
1307 981 1394 1040 σιμῆς,
1419 976 1468 1038 ἢδη
1485 977 1525 1022 καὶ
1537 975 1593 1022 raiz-

379 1058 452 1106 σιιυς.
471 1045 566 1094 Σκοπῶ
583 1045 612 1092 δὲ
629 1045 749 1094 κάκεῖνο·
769 1045 799 1094 ll!
815 1047 912 1107 κρίνεις
930 1049 1010 1108 φόνου
1028 1047 1071 1096 ουν
1090 1048 1196 1108 φονικὸν
1215 1047 1247 1096 ἑκ
1265 1048 1344 1108 μόνου
1364 1049 1413 1096 ’.οὔ
1433 1043 1591 1105 βοὸλεσυιιιι

379 1116 441 1178 δίχα
457 1117 503 1162 τοῦ
521 1117 610 1177 φόνου,
635 1113 794 1176 putaminis»
812 1129 853 1164 σοι
871 1118 917 1164 καὶ
938 1115 953 1164 ὁ
971 1115 1091 1179 θελήσας
1109 1117 1138 1164 τὸ
1156 1116 1283 1178 &aaran
1307 1117 1371 1180 δίχα
1390 1119 1437 1164 τοι]
1455 1115 1588 1175 pampas:
1643 1127 1644 1130 ¹

380 1185 404 1233 rt
421 1184 449 1232 δὲ
467 1185 517 1233 οὐκ
535 1186 631 1241 ἐκεῖνο,
654 1187 710 1244 πῶς
728 1187 812 1244 abac,
836 1185 946 1234 cordata
965 1186 1014 1234 οὐκ
1032 1187 1095 1249 lxo.
1120 1181 1147 1244 tt
1174 1181 1436 1249 Augustinus
1462 1178 1538 1234 cont.
1553 1179 1592 1233 tt

380 1265 405 1303 c.
423 1252 448 1313 t,
467 1264 538 1302 cum
558 1256 648 1302 antea
667 1251 727 1304 cz).
745 1249 889 1304 dixisset:
913 1249 1143 1318 =Sagittaveras
1161 1266 1215 1304 cor
1234 1257 1381 1304 nostrum
1405 1248 1524 1303 caritate
1539 1255 1576 1300 tua

382 1319 455 1372 haec
468 1319 520 1372 ait:
545 1319 707 1373 ›Gaudens
727 1317 758 1372 in
769 1319 832 1384 tide
847 1319 972 1375 laudavi
983 1335 1096 1375 nomen
1111 1325 1209 1386 tuum,
1228 1327 1258 1374 et
1269 1335 1304 1374 aa
1322 1319 1408 1374 tides
1421 1334 1470 1372 me
1483 1333 1592 1371 securum

380 1403 450 1440 csse
469 1402 532 1441 uon
546 1387 668 1442 sinebat
682 1387 720 1440 de
732 1389 908 1456 praeteritis
950 1390 1061 1444 euntia
1073 1389 1158 1456 meis,
1178 1405 1257 1459 quac
1274 1389 1348 1444 mihi
1364 1404 1425 1457 per
1436 1386 1590 1454 haptisnmn

380 1463 468 1510 tuum
490 1457 622 1510 remissa
635 1457 774 1510 tiendum
785 1467 897 1512 erant*
924 1404 962 1512 ἓν
974 1473 998 1514 c.
1010 1462 1035 1514 s.
1059 1458 1221 1527 =Baptizati
1234 1473 1346 1513 sumus
1361 1464 1393 1512 et
1407 1456 1488 1525 sugit
1504 1455 1592 1532 anoth

381 1524 557 1579 sollicitudo
577 1526 657 1580 vitae
677 1527 886 1595 praeteritae.1
910 1559 940 1566 »-
963 1528 1019 1598 Ep.
1037 1531 1088 1582 228
1107 1529 1153 1596 (al.
1176 1529 1235 1594 180)
1254 1527 1292 1582 ad
1316 1527 1481 1582 Honorat:
1504 1524 1541 1578 »Si
1558 1540 1592 1576 m·

381 1594 472 1649 nistri
492 1595 604 1660 desint,
628 1603 781 1664 quantum
807 1597 936 1652 exitium
959 1598 1102 1668 sequitur
1120 1613 1182 1663 coe,
1208 1597 1262 1667 qui
1287 1597 1325 1651 de
1345 1597 1411 1650 isto
1432 1595 1542 1650 saeculo
1563 1591 1594 1644 ol

381 1680 443 1718 nou
465 1665 639 1732 regenerati
658 1672 782 1731 exeunt,
801 1667 849 1722 rel
871 1667 979 1732 ligati«
1002 1697 1032 1706 -
1064 1667 1162 1722 Tract
1183 1669 1223 1722 13.
1242 1667 1273 1720 in
1293 1667 1382 1721 loan.
1403 1681 1432 1719 n.
1451 1668 1476 1718 i:
1507 1663 1593 1726 :Qum
1644 1671 1645 1688 ²

380 1741 583 1803 tumcumque
607 1735 849 1790 catechumenus
879 1737 1029 1804 proficiat,
1055 1736 1156 1792 adhuc
1176 1737 1328 1792 sarcinam
1356 1733 1527 1804 iniquitatis
1543 1747 1593 1785 ιοιι

381 1808 500 1872 portat:
521 1819 582 1858 uon
603 1803 645 1858 illi
664 1804 841 1870 dimittitur,
861 1805 921 1860 nisi
942 1821 1010 1860 cum
1032 1807 1152 1860 venerit
1172 1804 1210 1860 ad
1231 1805 1438 1886 baptismum.
1463 1791 1592 1879 Quonol=3

382 1887 444 1926 mm
464 1873 563 1926 caruit
582 1872 718 1942 populus
738 1873 836 1928 lsrael
856 1875 973 1944 populo
992 1874 1228 1944 Aegyptiorum,
1254 1875 1314 1929 msi
1334 1890 1408 1929 cum
1430 1873 1591 1928 venissetis

383 1957 468 1996 mare
482 1943 624 2009 rubrum,
644 1942 688 1997 sic
697 1958 848 2012 pressura
862 1953 1058 2012 pcccatorum
1074 1960 1165 1998 nemo
1184 1951 1275 2010 caret,
1295 1944 1355 1998 nisi
1370 1959 1443 1998 cum
1461 1941 1497 1996 ad
1507 1941 1592 1994 fomcu

383 2011 530 2079 baptismi
550 2013 692 2066 venerit·
715 2042 749 2052 -
775 2013 867 2067 Tract
895 2019 920 2068 t:
954 2015 1080 2068 »Omnia
1107 2021 1229 2082 peccata
1253 2029 1349 2082 super
1376 2013 1464 2068 illum
1490 2017 1557 2070 suni.
1574 2018 1592 2084 tf

383 2081 442 2134 nisi
460 2081 580 2136 verterit
598 2081 637 2135 ad
650 2082 818 2136 salutarem
835 2083 1038 2152 baptismum,
1057 2082 1111 2138 ubi
1125 2093 1247 2152 peccata
1267 2083 1447 2148 solvuntur,
1466 2095 1526 2134 cum
1537 2091 1593 2131 omu

383 2165 439 2202 stra
458 2150 638 2204 excellentia
658 2167 719 2204 mm
740 2157 843 2219 potest
861 2153 979 2206 intrare
999 2151 1030 2208 in
1051 2168 1083 2206 re
1096 2168 1181 2207 ruum
1203 2153 1384 2208 caeliirum.=
1408 2183 1441 2189 —-
1468 2151 1553 2204 Tract.
1568 2151 1593 2223 lt.
1645 2155 1646 2234 ι

383 2219 413 2272 in
434 2219 520 2272 illud:
548 2219 639 2274 Iesus
660 2236 721 2274 non
743 2237 775 2275 sc
800 2221 947 2276 credebat
966 2221 1026 2276 eis·
1063 2252 1068 2268 ι
1099 2222 1163 2276 ales
1184 2226 1386 2276 suntomnes
1407 2219 1592 2296 catechurncm
1645 2237 1646 2246 ι

382 2288 391 2341 i
417 2287 442 2342 si
468 2288 528 2342 iam
556 2289 687 2343 credunt
712 2289 744 2344 in
765 2291 890 2345 nomine
911 2291 1037 2356 Christi,
1067 2292 1122 2345 sed
1143 2291 1233 2346 Iesus
1252 2306 1314 2345 non
1334 2305 1368 2344 se
1388 2289 1488 2344 credit
1503 2287 1592 2362 illis..-¹

411 2358 593 2426 esyurbolo
619 2359 658 2412 ad
678 2361 837 2414 catechum
875 2361 892 2414 l.
914 2365 935 2426 t,
955 2377 978 2414 c.
997 2365 1023 2414 8:
1056 2361 1156 2415 »Deus
1179 2377 1240 2416 non
1260 2359 1391 2415 dimittit
1410 2365 1533 2428 peccata,
1554 2369 1592 2433 ιιιξι

384 2427 558 2494 baptizatis,
586 2427 599 2481 1
626 2443 661 2482 sa
682 2436 805 2498 peccata
824 2447 831 2481 ι
847 2447 904 2484 uae
930 2430 1066 2499 primum
1088 2429 1224 2492 dimittit,
1253 2429 1378 2484 horruisi
1401 2425 1552 2498 baptizatis
1565 2438 1592 2475 ιιι-

383 2496 484 2550 mittit.
500 2444 659 2576 ,ttuanshre
681 2498 813 2561 Quando
834 2448 1034 2568 baptizamur
1052 2543 1057 2554 .
1078 2541 1085 2553 .
1105 2541 1111 2553 .
1132 2499 1351 2556 catechumeni
1371 2496 1519 2568 quamdiu
1536 2501 1593 2548 sunt.

383 2581 479 2632 stiircr
498 2566 567 2619 illos
582 2574 656 2620 sunt
674 2569 779 2622 tritinia
792 2576 916 2637 peccata
931 2585 1063 2624 eorum«
1085 2597 1120 2608 -
1140 2569 1182 2624 De
1196 2571 1272 2623 unit.
1291 2567 1361 2622 eccl.
1381 2585 1406 2622 c.
1421 2569 1465 2622 23:
1489 2565 1592 2620 ditmar-

382 2649 443 2704 true
468 2637 679 2690 necessarium
706 2647 754 2691 est
782 2637 821 2692 ad
843 2655 975 2706 regnum
997 2638 1050 2692 Dei
1071 2638 1315 2706 adipiscendum,
1345 2645 1374 2692 et
1402 2635 1592 2706 baptismusu

382 2704 522 2758 iustitia«
545 2736 579 2746 —
600 2706 643 2760 lie
658 2707 740 2776 bapt.
760 2706 777 2760 l.
797 2711 821 2772 t,
841 2725 864 2762 c.
880 2713 921 2761 21:
945 2709 1021 2762 ›Nec
1034 2707 1145 2763 dubito
1164 2709 1421 2762 catechumenum
1443 2703 1591 2760 catholicon

381 2774 488 2827 divina
516 2775 643 2829 caritate
671 2776 857 2842 flagrantem
889 2777 1041 2832 haeretico
1071 2777 1226 2846 baptizato
1245 2785 1460 2846 anteponere«
1490 2779 1589 2846 (tammo

384 2843 468 2903 boch
491 2873 522 2882 -
549 2845 592 2898 Dc
613 2852 725 2913 peccat.
746 2846 865 2900 meritis
891 2853 921 2900 et
947 2863 1021 2900 rem.
1041 2862 1064 2900 c.
1084 2849 1131 2902 26:
1162 2846 1385 2902 »sanctificatio
1406 2845 1592 2900 catechumeni.

383 2911 410 2965 si
430 2927 490 2965 non
511 2913 606 2967 fuerit
627 2915 812 2983 baptizatus,
838 2917 947 2970 eirico
968 2915 1048 2970 valet
1066 2915 1105 2970 ad
1125 2916 1305 2971 intrandum
1327 2915 1357 2970 in
1378 2929 1508 2984 regnum
1526 2908 1593 2964 caele
1646 2927 1647 2930 ¹

384 2997 454 3034 rum
479 2988 533 3036 aut
557 2984 596 3036 ad
622 2990 818 3052 peccatorum
847 2985 1088 3040 remissionem„
1111 3014 1144 3024 -
1171 2987 1214 3040 De
1239 2986 1343 3039 anima
1362 2985 1379 3038 l.
1402 2989 1426 3052 l,
1451 2999 1473 3037 c.
1490 2985 1512 3042 9.
1528 2996 1549 3032 11·
1566 2979 1591 3029 ¹⁰³

386 3051 499 3104 uerno
518 3051 555 3105 fit
575 3055 752 3108 membrum
770 3055 887 3109 Christi
907 3055 966 3110 nisi
982 3059 1036 3110 aut
1057 3055 1243 3134 baptismate
1262 3055 1292 3109 in
1308 3054 1437 3110 Christo
1456 3059 1506 3106 aut
1522 3057 1592 3102 more

383 3135 442 3190 pro
462 3119 616 3189 christoe
637 3123 667 3176 ct
694 3139 723 3178 n.
745 3127 783 3178 ti.
803 3154 835 3163 -
857 3123 903 3180 Cf.
922 3125 1171 3190 Ambrosius
1202 3125 1245 3178 De
1266 3124 1313 3190 iis,
1332 3123 1385 3192 qui
1408 3122 1557 3178 initiant(¹
1577 3119 1591 3166 l

384 3205 404 3244 ιι
434 3192 475 3255 19;
503 3192 547 3244 De
566 3192 639 3246 Abr.
659 3191 677 3245 l.
695 3196 720 3259 2,
739 3210 762 3248 c.
784 3196 823 3248 ll.
843 3224 875 3232 -
901 3210 927 3258 σι
949 3194 1197 3262 Fulgentius
1228 3193 1283 3263 Ep.
1305 3195 1336 3248 12
1361 3193 1399 3248 att
1422 3187 1590 3264 Ferrandutrt

384 3274 411 3313 ιι.
433 3261 474 3314 19:
499 3260 606 3314 »Illum
621 3261 729 3330 utique
748 3262 985 3325 adolescentem,
1005 3262 1078 3332 quia
1092 3263 1263 3318 credidisse
1283 3269 1312 3317 et
1331 3262 1507 3317 confessum
1521 3258 1591 3311 tuisse

383 3330 539 3389 novimus.
560 3331 629 3384 ideo
648 3345 705 3399 per
724 3339 954 3386 sairrmneutum
977 3333 1174 3400 baptismatis
1189 3333 1311 3387 salvum
1332 3331 1433 3386 luisse
1452 3331 1591 3384 firmanus.

383 3398 442 3462 Qui
463 3399 489 3452 si
508 3415 571 3453 non
592 3400 812 3468 baptizaretur,
836 3417 898 3456 non
920 3401 1019 3456 solmn
1041 3402 1192 3470 nesciens,
1212 3402 1266 3457 sed
1286 3401 1378 3456 etiam
1400 3402 1506 3462 sciens,
1523 3393 1590 3470 nulli·

382 3474 473 3522 tenus
494 3469 678 3524 salvaretur.
698 3471 752 3524 l'ia
771 3471 852 3524 cuitu
869 3471 979 3524 salutis
1000 3471 1058 3525 luit
1076 3471 1107 3525 in
1127 3471 1331 3538 confessione,
1352 3471 1440 3524 salus
1459 3471 1488 3524 in
1507 3469 1591 3540 bapti-'-

382 3544 472 3591 mate.
492 3539 569 3592 Nam
589 3539 621 3593 iu
641 3538 691 3593 illa
710 3545 809 3594 aetate
829 3556 890 3594 uou
907 3540 1007 3594 solum
1028 3541 1054 3594 ei
1074 3539 1231 3595 confessio
1254 3541 1320 3594 sine
1340 3539 1521 3608 baptismate
1537 3527 1588 3586 nihl

382 3608 555 3674 prodesset,
575 3609 629 3662 sed
641 3624 695 3662 ricc
715 3610 819 3678 ipsum
841 3609 996 3678 baptisma
1017 3625 1078 3664 uon
1093 3609 1264 3664 credentin
1308 3625 1346 3664 ue
1371 3605 1523 3664 confitenti
1539 3599 1589 3656 ulla·

382 3683 473 3730 tenus
493 3677 659 3746 proliceret
672 3679 711 3732 ad
726 3678 866 3733 salutem.
887 3679 962 3732 Ideo
976 3695 1051 3748 ergo
1071 3679 1113 3733 illi
1128 3679 1211 3734 Deus
1226 3625 1456 3734 coffessionem
1471 3673 1590 3746 prodesse

382 3746 488 3814 volarit,
517 3747 589 3838 quia
609 3763 679 3802 euin
705 3763 807 3818 usque
832 3750 870 3802 ad
892 3755 1028 3802 sanctam
1060 3749 1325 3818 regenerationem
1351 3748 1381 3802 iu
1402 3749 1460 3802 hac
1479 3746 1589 3800 vitasu-

382 3817 477 3872 vavit.
506 3817 551 3873 bt.
571 3817 609 3871 de
635 3817 697 3871 lide
725 3819 764 3872 ad
789 3818 916 3872 Petrum
948 3833 971 3871 c.
991 3819 1015 3872 3.
1045 3817 1089 3872 Cl.
1110 3818 1298 3884 Gennadius
1329 3819 1371 3872 Dc
1390 3817 1462 3873 eccl.
1485 3815 1588 3883 domiai.

381 3901 405 3939 c.
424 3888 454 3939 41
477 3886 589 3968 (alat).
609 3917 642 3926 -
661 3887 689 3954 d)
710 3887 782 3941 Leo
795 3887 842 3954 nl,
864 3887 919 3954 Ep.
939 3889 969 3942 tu
992 3885 1028 3940 ad
1050 3887 1202 3942 Theodor.
1215 3887 1358 3942 Foroiul:
1382 3832 1589 3960 ›Divination-

382 3955 454 4009 tatis
475 3956 639 4022 praesidiis
655 3956 833 4010 ordinatum
854 3963 910 4022 est,
931 3963 964 4010 ut
978 3956 1171 4026 indulgentia
1187 3957 1240 4011 Dei
1261 3955 1320 4011 nisi
1341 3949 1586 4025 supplicationibus

382 4027 579 4078 sacerdotum
592 4031 726 4094 nequeat
743 4025 901 4080 obducti«
925 4057 955 4063 --
975 4032 1000 4092 et
1022 4026 1258 4088 heruardus,
1279 4027 1306 4080 S⁴
1320 4025 1342 4079 1.
1362 4025 1393 4080 in
1411 4026 1504 4080 nativ.
1518 4029 1583 4094 sati*

383 4093 466 4145 l'ctri
479 4103 509 4146 et
520 4093 620 4147 Pauli:
641 4096 799 4150 Sententia
812 4095 895 4149 Petri
910 4095 1065 4163 praecedit
1080 4095 1264 4150 sententiam
1279 4095 1360 4150 caeli.
1375 4125 1408 4134 -
1421 4095 1467 4150 ct.
1481 4093 1588 4148 Reium.

383 4161 565 4228 Lugduu,
593 4165 637 4217 De
658 4166 790 4219 tenenda
810 4164 984 4232 scripturae
1004 4165 1134 4220 veritate
1153 4183 1176 4219 c.
1197 4168 1237 4219 14.

489 4234 574 4294 thiae
594 4233 643 4287 his
662 4234 858 4302 argumentis
880 4233 1066 4288 refutantur:
1150 4284 1156 4293 ,

487 4307 518 4364 l'.
545 4304 585 4370 1⁰,
624 4310 771 4386 lmprimis
802 4329 861 4365 ιιοιι
893 4311 1000 4386 requiri
1032 4308 1070 4366 ad
1102 4310 1303 4366 remissionem
1334 4321 1511 4387 pcccatorum
1532 4313 1586 4358 till]

382 4393 508 4451 clavium
534 4396 679 4453 actualem
703 4397 865 4452 revalatum
889 4416 953 4453 csse
977 4395 1115 4473 probatur

485 4479 535 4560 A)
559 4503 597 4540 ex
627 4483 751 4540 concilio
781 4481 967 4554 Tridentino,
1003 4483 1080 4542 Soss.
1114 4485 1161 4552 14,
1192 4501 1236 4560 cp.
1261 4483 1292 4540 l:
1331 4481 1443 4552 ‚Docet
1465 4487 1586 4559 practura·

381 4571 434 4625 etsi
460 4572 665 4627 contritionem
692 4569 768 4626 hanc
791 4569 951 4648 aliquando
977 4572 1099 4628 caritate
1122 4569 1282 4647 perfectam
1312 4589 1377 4626 esse
1399 4570 1536 4642 contingat
1554 4557 1586 4612 h

380 4659 549 4734 mincmque
573 4657 637 4713 Deo
661 4656 938 4724 reconciliare,
970 4659 1197 4733 priusquam
1227 4656 1283 4714 hoc
1313 4665 1518 4714 sacramentum
1543 4659 1587 4700 actu
