3450 5342
664 417 858 470 -rsl-

123 602 330 658 desererer?
375 602 413 658 llt
438 621 503 659 euin
528 602 660 660 Honorio
682 605 771 660 etiam
807 603 1080 661 occidentales
1111 604 1194 674 alii,
1229 615 1388 683 postquam

124 690 316 746 calumniam
338 697 442 745 contra
465 689 628 746 Henetiam
652 700 682 747 ut
705 689 938 748 Menetheletam
968 690 1111 767 prolatam
1145 690 1317 750 dissolutam
1341 694 1386 748 vi·

122 776 252 841 ‚derant
280 774 317 832 de
341 778 404 852 ipse
427 775 502 834 hene
525 774 701 833 sentiebant.
751 777 836 848 ,Neu
858 779 949 852 igitur
971 779 1158 835 temerarium
1182 787 1260 836 esset
1278 777 1385 848 dicere,

127 862 302 931 concilium,
337 863 360 918 si
392 864 423 918 in
447 861 599 920 occidente
628 863 806 921 celebratam
838 875 923 929 esset,
957 863 1233 922 condemnationem
1258 865 1384 923 Honorii

130 969 288 1026 nunquam
305 949 518 1027 preposituram
535 948 633 1020 fuisse,
656 951 712 1013 rel,
737 952 760 1008 si
777 949 885 1012 Graeci
902 965 966 1008 earn
991 953 1217 1030 proposuissent,
1241 953 1386 1010 immonsa

131 1050 272 1094 veterum
298 1037 463 1094 maieritate
486 1038 659 1094 reiecturum
684 1038 791 1094 fuissc“
805 1033 856 1114 8²),

242 1122 418 1181 Rationibus
441 1122 520 1181 haud
542 1123 717 1201 spernendis
751 1119 1034 1201 (folombiersst)
1065 1124 1219 1182 (estendere
1254 1135 1384 1195 certatur,

132 1210 328 1286 Agathonem
361 1209 486 1268 durante
520 1211 645 1268 concilio
679 1221 823 1268 mertuum
848 1233 921 1282 asse,
957 1213 1086 1269 tiraeces
1121 1214 1322 1289 quaestionem
1347 1209 1384 1269 de

134 1297 272 1354 Honorio
298 1298 429 1354 ltomaaa
453 1296 529 1354 Sede
552 1309 677 1354 vacante
700 1299 836 1367 movisse,
867 1319 932 1356 eum
956 1298 1069 1356 scilicet
1093 1297 1181 1374 legati
1209 1299 1383 1374 Agatheam,

134 1382 417 1460 exstincto'priore.
448 1383 577 1453 nendum
601 1384 695 1442 electo
726 1405 803 1442 reove
839 1385 986 1462 pontifico,
1021 1385 1180 1442 stifficienti
1201 1388 1384 1443 auctoritate

134 1470 264 1548 ideoque
280 1473 368 1528 etiam
384 1472 484 1528 anime
499 1470 537 1527 ad
553 1471 747 1529 resistendam
763 1481 904 1542 carerent,
929 1474 1046 1530 interim
1071 1492 1140 1529 vere
1162 1472 1328 1530 Leonem
1345 1471 1385 1532 ll.
1465 1463 1469 1472 ⁵

134 1559 191 1614 vix
215 1558 339 1614 electum
365 1559 528 1615 ltenrauum
551 1559 727 1634 pontificem,
756 1560 803 1636 qui
830 1559 964 1616 Honorio
985 1560 1104 1630 acutior,
1128 1569 1156 1616 et
1180 1559 1287 1617 Graeci
1311 1557 1385 1616 idie-

135 1647 229 1701 matis
252 1665 406 1720 rerumque
430 1643 608 1702 Graecarum
632 1663 741 1722 gnarus
764 1656 835 1710 erat,
858 1645 985 1706 Heaerii
1010 1665 1128 1704 eausam
1152 1667 1204 1724 pre
1220 1647 1386 1704 funestissi-

135 1734 195 1787 mis
213 1730 372 1790 attactibus.
392 1752 444 1808 per
459 1734 522 1789 eius
537 1733 677 1810 epistolas
699 1731 856 1809 productis.
880 1735 1000 1808 gravius
1023 1731 1201 1790 diiudicasse
1224 1733 1331 1810 legat
1344 1735 1386 1788 is-

135 1839 211 1896 que-
234 1820 315 1874 suis
340 1818 558 1876 facultates
583 1821 831 1878 necessarias
854 1821 1179 1878 communicasse.
1227 1819 1329 1890 Unica,
1354 1833 1384 1876 at

135 1909 216 1963 seria
240 1903 471 1962 difficultas
495 1915 597 1963 contra
613 1907 689 1963 hene
706 1905 892 1984 concipiendi
909 1905 1034 1978 niodum,
1051 1927 1197 1985 quamque
1214 1927 1267 1964 nec
1286 1917 1386 1964 auctor

136 1994 189 2050 ille
221 1992 401 2049 sufficienter
431 1992 544 2049 solvere
575 1991 700 2059 videtur,
733 1996 765 2050 in
788 2015 822 2050 ee
845 2001 897 2061 est,
933 1990 1010 2072 qued
1034 1994 1133 2052 omnia
1156 1993 1272 2051 concilii
1297 1992 1384 2050 doeti-

136 2091 242 2137 menta
273 2099 365 2156 usqne
399 2077 436 2135 ad
470 2078 604 2136 ultimum
639 2079 827 2154 Agathouenr
870 2077 1008 2138 videntur
1038 2099 1200 2158 supponere
1232 2079 1327 2137 adhuc
1353 2081 1383 2136 in

137 2169 218 2222 vivis
241 2165 397 2240 <legentem
409 2160 460 2240 ⁸⁴).
486 2164 693 2224 .lbstral1ende
710 2169 799 2241 igitur
814 2166 851 2224 ab
868 2166 923 2225 hac
940 2165 1107 2246 hypothesi,
1131 2175 1213 2245 putat
1237 2167 1383 2236 Hefele,

137 2254 253 2325 legates
277 2255 307 2310 in
323 2254 516 2310 instructione
540 2253 707 2330 Agathenis
730 2269 830 2312 secuta
852 2255 1007 2312 facultates
1030 2255 1212 2312 necessarias
1236 2253 1382 2312 hahuisse.

245 2344 415 2416 supponere
431 2341 520 2396 etiam
536 2361 696 2418 pessumus,
713 2342 869 2417 legates
892 2343 997 2419 ipses
1014 2361 1079 2398 cum
1096 2340 1384 2418 Constantinopolim

138 2429 354 2504 permisissent.
388 2424 488 2503 ibique
512 2440 651 2504 (quantum
679 2428 803 2486 lleuerii
826 2448 934 2486 nemen
958 2439 1056 2486 rectae
1078 2426 1146 2485 lidei
1171 2425 1313 2486 obfuisset
1336 2448 1383 2486 ce-

138 2514 322 2590 gnovisscnt.
347 2523 474 2570 mutasse
498 2516 657 2571 circaeam
675 2516 860 2583 sententiam,
885 2513 1007 2592 sibique,
1031 2517 1094 2572 sive
1117 2535 1155 2572 ex
1179 2517 1384 2593 supposita

139 2610 257 2678 propter
281 2599 333 2656 has
356 2601 591 2658 circumstantias
608 2600 717 2658 lleruac
735 2622 792 2658 nent
809 2603 943 2676 cognitas
967 2601 1135 2675 Agathenis
1159 2601 1286 2672 licentia,
1319 2604 1382 2658 sive

137 2709 177 2744 ex
202 2687 304 2746 eedem
334 2689 465 2764 petita
492 2689 655 2744 interim
679 2698 714 2744 et
738 2685 910 2758 obtenta,
945 2687 1124 2746 Graecorum
1148 2687 1302 2746 conatibus
1325 2708 1382 2746 neri

140 2775 198 2830 iam
229 2774 356 2852 anrplies
385 2772 586 2832 obsistendum
617 2769 784 2830 iudicasses
816 2773 902 2830 Hane
933 2786 1030 2832 autem
1055 2777 1085 2833 in
1109 2777 1293 2852 gravissimis
1324 2774 1384 2832 illis

140 2862 370 2918 circumstantiis
400 2859 551 2918 licentiam
583 2881 633 2918 ees
665 2859 701 2918 ab
732 2860 891 2937 Agathone
926 2882 1000 2918 non
1034 2863 1231 2918 immerito
1265 2881 1383 2939 sperare

140 2958 169 3004 et
185 2947 317 3006 obtinere
333 2950 470 3026 petuisse,
493 2967 530 3004 ex
547 2949 733 3005 sanctissimo
756 2947 903 3023 pontificis
918 2947 998 3006 illius
1015 2950 1113 3005 anime
1136 2951 1208 3026 ipsis
1231 2951 1384 3006 notissimo

142 3045 219 3093 recte
243 3035 423 3106 deducimus,
447 3036 496 3112 qai
520 3034 557 3091 de
573 3055 630 3092 ene
642 3033 711 3091 fidei
735 3033 1006 3092 etecclesiaebene
1026 3035 1182 3092 sollicitum
1207 3037 1237 3092 in
1261 3035 1386 3112 epistola

144 3142 196 3181 sua
219 3134 281 3180 teta
303 3143 334 3178 sc
358 3121 494 3179 ostendit.

248 3207 361 3284 Quodsi
394 3210 459 3286 quis
489 3228 548 3265 unit
577 3229 613 3264 cx
645 3216 727 3284 parte
758 3206 815 3263 sihi
843 3206 1027 3284 persuadeat,
1062 3227 1235 3264 consensum
1259 3207 1384 3264 Romani

146 3297 293 3376 pontificis
316 3295 441 3352 concilio
464 3296 584 3352 omnine
607 3294 697 3351 fuisse
721 3295 1003 3364 necessarium,
1027 3293 1120 3351 altera
1142 3314 1178 3351 ex
1196 3301 1278 3370 parte
1302 3291 1388 3349 huius

143 3403 303 3442 consensus
327 3381 389 3438 dati
419 3403 491 3439 rien
522 3401 663 3459 apparere
692 3388 927 3455 argumenta
958 3381 1029 3440 satis
1052 3380 1144 3443 firma,
1179 3382 1204 3437 is
1229 3377 1388 3436 concedere

145 3473 258 3549 poterit,
292 3481 343 3525 aut
376 3488 549 3526 collscnsum
582 3467 750 3541 Agathonis
784 3467 1012 3544 generalem
1046 3477 1148 3525 centra
1186 3466 1383 3538 „haereticos”

145 3553 322 3635 procedendi
353 3557 442 3612 etiarn
472 3555 509 3612 ad
541 3553 730 3612 iudicandum
768 3554 982 3612 haereticum·
1023 3553 1195 3624 Henetiam,
1228 3555 1276 3630 qui
1318 3552 1388 3613 ,fun

145 3643 311 3722 quesrdam‘
338 3663 415 3719 papa
432 3644 572 3719 antiquae
588 3643 707 3712 llemae,
724 3643 796 3699 satis
811 3641 911 3712 titisse,
936 3650 986 3698 aut
1003 3661 1147 3716 negare
1170 3649 1274 3718 potest,
1298 3639 1387 3696 fuisso

140 3749 318 3790 ,consensum
342 3731 553 3806 praevium,
577 3729 735 3786 concilium
760 3731 856 3806 petius
878 3749 931 3806 pec
950 3747 1060 3786 meram
1077 3731 1156 3786 viam
1181 3728 1251 3785 facti
1274 3747 1390 3804 prooes-

146 3820 225 3885 sisse,
249 3817 379 3873 Leonem
398 3816 436 3875 ll.
458 3824 560 3892 postea
583 3836 634 3892 per
657 3817 887 3874 cofirmationem
912 3825 941 3873 et
964 3835 1138 3873 consensum
1162 3813 1388 3892 subsequentem

144 3904 290 3962 defectam
322 3903 404 3960 illum
429 3904 500 3959 iuris
523 3923 643 3960 sanasse
666 3912 695 3959 et
725 3923 842 3960 sensura
867 3912 896 3960 et
919 3904 1122 3960 extensionem
1159 3901 1385 3959 condemnantis

146 3992 309 4076 seritentiae
333 3991 392 4047 suis
417 3988 515 4046 verbis
539 3989 707 4048 authentice
731 3991 1000 4066 circumscripsisse.

192 4176 231 4312 ²33
248 4177 469 4300 {felcarp'biea
488 4165 597 4229 Htudes
615 4175 685 4229 1870
704 4177 723 4228 l.
744 4174 803 4228 383.

194 4254 205 4275 ·“
262 4263 310 4298 .c.
367 4253 417 4298 ’.ε
439 4263 465 4297 t.

194 4315 230 4382 *⁴)
250 4316 401 4370 Consentit
411 4263 522 4368 dolari
538 4315 579 4366 illi
594 4315 818 4383 Hergenrhther,
827 4313 1012 4382 Agathonem
1023 4328 1053 4364 re
1063 4328 1132 4365 vera
1142 4312 1200 4366 iam
1215 4313 1256 4366 10.
1270 4313 1328 4364 lan.
1341 4310 1392 4364 681

249 4390 394 4438 mertuum
412 4400 478 4438 esse
496 4384 587 4450 (K-G.
608 4384 626 4435 1.
645 4381 717 4446 369),
745 4384 815 4436 dum
834 4383 935 4436 Hefele
957 4382 1059 4434 eedem
1085 4382 1132 4434 dte
1158 4381 1305 4448 sequentis
1324 4379 1393 4432 anni

251 4458 396 4508 mertuum
416 4470 480 4508 esse
498 4453 540 4507 ait
558 4453 649 4520 (K.-G.
671 4453 714 4504 tu.
734 4451 786 4506 :262
802 4451 902 4516 Neta);
930 4452 1030 4505 Grisar
1048 4451 1327 4518 (Kirchen-Lexikon
1347 4449 1394 4500 Vl.

250 4522 315 4589 248)
330 4539 454 4590 secluens
466 4524 618 4576 Huchesne
637 4522 733 4588 (Liber
746 4521 924 4574 Pontiheahs
937 4519 1078 4580 CCLVH.)
1098 4520 1280 4588 Agathenem
1294 4531 1394 4571 revera

253 4594 294 4646 10.
325 4595 384 4646 tan.
408 4593 459 4646 681
483 4595 628 4646 mertuum
653 4607 717 4644 esse
741 4595 830 4657 tenet,
857 4593 983 4644 stenem
1002 4591 1034 4642 ll.
1058 4604 1126 4642 vero
1144 4591 1258 4643 tautum
1277 4591 1343 4654 post
1361 4586 1395 4640 19

253 4679 378 4727 menses,
397 4662 444 4715 die
465 4662 503 4714 l‘l.
522 4661 647 4730 Augusti
665 4661 717 4714 682
737 4661 906 4714 cathedram
925 4660 1001 4712 Petri
1021 4658 1198 4714 ascendisse.
1226 4658 1309 4714 Unde
1328 4659 1395 4710 aeta

251 4736 351 4786 essent
369 4733 468 4785 emnia
487 4731 574 4796 „sede
592 4730 732 4784 vacante“
751 4735 781 4784 et
799 4731 861 4784 sina
881 4730 999 4796 praevia
1014 4729 1116 4782 [teonis
1136 4729 1167 4780 ll.
1189 4729 1313 4783 licentia.
