3450 5342
709 315 743 320 -—
773 281 833 337 252)
860 311 899 322 -·

171 470 432 525 consecrationem
464 469 659 545 episcopalem
692 479 858 526 sanctorum
883 469 1013 539 fratrum,
1048 471 1099 546 qui
1121 469 1259 527 Pontifici
1277 470 1369 528 libros
1392 473 1427 528 li-

169 555 308 629 turgioos
325 553 458 612 tllavieos
474 553 665 620 tradiderant,
682 559 770 612 vertit
787 559 816 614 in
830 558 1080 614 consecrationem
1104 555 1276 614 librorum
1292 560 1426 618 istorum:

171 642 264 717 quasi
299 640 423 698 ecelesia
452 661 581 718 anquam
607 662 688 700 nsum
713 641 856 717 habuerit,
891 642 981 700 libres
1012 643 1163 719 liturgieos
1198 644 1298 721 aliqua
1325 665 1426 702 erame-

169 729 309 786 cratione
332 726 471 785 donandi.
518 729 649 796 Factum,
681 728 717 785 de
740 750 798 807 quo
821 731 925 806 agitur,
949 731 1102 787 eonlirrnat
1125 744 1155 789 or
1179 730 1306 806 legenda
1330 733 1425 789 Mora-

170 815 253 884 vica,
277 815 376 892 ntique
401 817 522 872 minoris
539 817 729 876 auctoritatis.
755 817 894 894 Magnum
911 830 1007 874 autom
1025 829 1205 874 momentum
1228 817 1316 874 tribui
1335 817 1423 876 debet

171 895 215 976 d)
241 900 453 980 Martyrologio
472 903 610 962 llomano¹
635 903 710 960 Nam
735 906 791 962 etsi
814 905 946 966 ecelesia.
970 905 1142 980 praesertim
1161 904 1326 981 antiquiore
1350 915 1423 963 tem-

170 1007 255 1063 pore,
290 989 372 1045 varia
396 999 461 1046 aeta
492 1001 656 1046 sanctorum
686 1010 801 1047 suomm
825 1005 1040 1061 commemorer,
1075 1011 1150 1067 qnae
1175 990 1261 1048 liuius
1284 995 1423 1070 temporis

171 1075 281 1131 critica
300 1073 423 1134 historia
440 1096 598 1148 agnoscere
623 1085 653 1133 nt
677 1097 746 1133 vera
770 1098 828 1134 non
845 1087 948 1154 petest,
972 1079 1145 1154 peremnia
1168 1092 1268 1134 tamen
1291 1093 1423 1156 tempera

170 1160 265 1218 valde
289 1162 413 1219 sollicite.
444 1165 647 1240 episcopos
676 1183 741 1221 snos
765 1163 887 1222 notabat
909 1179 939 1221 et
962 1163 1164 1240 consignabat,
1188 1166 1258 1242 quia
1281 1185 1298 1221 a
1322 1165 1423 1224 valida

168 1251 394 1306 consecratione
426 1262 453 1305 et
478 1250 610 1326 legitima
641 1253 824 1308 successione
851 1253 1054 1329 episcoporum
1077 1253 1302 1309 communicatio
1326 1261 1421 1328 petes-

169 1337 244 1390 tatis
268 1355 285 1391 a
309 1335 428 1393 Clu-isto
454 1337 602 1414 ,lpostelis
625 1336 751 1394 traditae
775 1336 931 1415 dependet,
956 1339 1018 1395 litai
1044 1339 1134 1409 igitur
1156 1339 1189 1393 (l.
1213 1348 1242 1394 et
1267 1339 1305 1395 ll.
1329 1338 1421 1396 Peu-

168 1423 297 1480 til‘ices
321 1435 349 1479 et
366 1422 556 1481 Confessores
580 1425 653 1481 forte
677 1445 735 1481 non
760 1427 838 1501 prius
861 1423 978 1482 saeculo
997 1425 1270 1501 llllartyrologie
1288 1425 1419 1483 Romane

170 1510 278 1566 inserti
303 1511 418 1580 luerint,
451 1509 480 1566 id
513 1531 570 1568 uon
595 1513 658 1568 sine
681 1509 783 1568 solidis
806 1512 984 1569 testimoniis
1008 1512 1118 1569 factum
1141 1510 1240 1581 titisse,
1271 1511 1418 1570 confidere

169 1598 293 1653 omnino
317 1596 465 1654 debemus.
491 1595 614 1654 ilecetlit
638 1600 667 1666 6)
684 1601 836 1675 antiquum
855 1599 1051 1672 menologium
1069 1596 1221 1654 b'erbieum
1246 1598 1276 1655 in
1300 1619 1419 1656 nrusaeo

169 1683 429 1757 llumjancoviano
464 1684 607 1742 llloskvae
650 1697 839 1755 asservatum,
875 1706 932 1763 quo
971 1696 1099 1742 testante
1134 1684 1220 1742 serbi
1263 1686 1320 1742 iam
1355 1707 1421 1744 sae-

169 1768 237 1826 eulo
265 1772 313 1828 13.
338 1771 479 1829 sollemne
511 1773 617 1829 festum
648 1771 775 1846 agebant
799 1774 830 1830 iu
854 1772 993 1830 honorem
1018 1793 1055 1830 ss.
1079 1770 1187 1850 Cyrilli
1210 1782 1240 1829 et
1262 1772 1418 1842 Metlredii,

168 1855 323 1914 Merariae
359 1858 706 1936 archiepiscoporum
743 1859 913 1925 (Martinov,
944 1861 1050 1917 Annus
1073 1857 1176 1916 aceles.
1198 1859 1419 1932 graeco-slavus

168 1941 223 2000 sub
249 1945 299 2000 25.
321 1946 457 2017 angusti]¹
504 1945 647 2002 ¹<imiliter
672 1939 691 2004 f
695 1950 702 2016 l
725 1948 839 2022 antiqui
864 1946 992 2003 llntlreni
1018 1945 1163 2023 Cvrillum
1195 1943 1331 2002 colebant
1361 1945 1416 2004 suli

169 2029 256 2088 titulo
293 2031 495 2089 ,lloraviae
534 2033 723 2109 «episcopi,
761 2047 791 2090 ut
820 2031 944 2089 habetur
974 2035 1005 2090 in
1036 2031 1207 2107 anthologio
1230 2030 1267 2088 ab
1297 2032 1417 2109 Ignatio

168 2115 366 2196 Keleavnslri,
390 2131 418 2175 et
443 2127 506 2196 pest
530 2140 594 2176 eum
607 2119 644 2175 ab
670 2122 845 2176 Assemanie
870 2119 1011 2196 {Kalend
1034 2129 1103 2179 tom.
1122 2119 1175 2175 lll.
1198 2138 1264 2194 pag.
1280 2119 1352 2195 113)
1376 2122 1417 2176 ei-

168 2211 239 2260 tato.
265 2239 302 2246 —
336 2206 445 2262 Contra
469 2208 638 2263 testimonia
663 2206 769 2284 (lvrilli
793 2207 990 2284 episcopalem
1014 2205 1190 2278 (lignitatem
1222 2226 1414 2282 expresse

167 2295 394 2350 asserentia
429 2293 503 2350 uilril
534 2293 623 2350 eflicit
659 2294 876 2359 silentium,
911 2291 988 2370 quod
1019 2292 1056 2350 de
1087 2313 1122 2348 ea
1152 2305 1272 2348 servant
1295 2291 1416 2363 diversi,

168 2377 257 2434 etiam
282 2381 396 2456 antiqui
420 2379 523 2441 fontes.
563 2380 658 2438 Silent
682 2381 841 2438 Pontifices
868 2379 1037 2437 Hadrianus
1061 2379 1099 2436 ll.
1123 2390 1150 2434 et
1178 2379 1302 2436 loannes
1328 2380 1410 2442 l'lll.

165 2464 198 2522 in
221 2484 280 2522 sura
310 2467 450 2542 epistolis,
482 2487 596 2524 necnon
624 2468 800 2525 Anastasius
830 2465 1073 2524 bibliothecarius
1104 2468 1135 2522 iu
1163 2467 1222 2522 stris
1254 2467 1344 2523 variis
1375 2467 1412 2523 de

168 2549 364 2610 Constantino
394 2553 569 2630 plrilosoplro
594 2553 793 2622 relationibus
828 2557 898 2630 quia
928 2553 1038 2611 nullam
1072 2552 1235 2608 babuerunt
1258 2572 1360 2609 ansam
1384 2565 1414 2610 ct

167 2635 305 2696 idoneum
334 2640 500 2717 impulsum,
535 2651 565 2698 ut
593 2643 772 2698 mentionem
805 2641 936 2698 facerent
958 2642 1021 2697 eius
1049 2637 1225 2715 episcopalis
1254 2637 1415 2696 ordinatio-

168 2726 221 2782 nis.
243 2726 363 2803 Reliqui
388 2747 456 2784 vero
480 2729 576 2784 fontes
599 2727 722 2786 alicuius
747 2729 895 2795 momenti,
925 2729 975 2804 qui
999 2725 1035 2782 de
1059 2724 1162 2782 eadem
1186 2724 1274 2781 silent
1298 2723 1414 2802 (legen-

167 2809 220 2868 dae
252 2823 281 2870 et
311 2813 508 2879 Kalendarial
543 2825 609 2870 sunt
640 2833 741 2871 omnes
773 2815 896 2886 originis
926 2813 1109 2887 Balgaricae.
1155 2811 1247 2867 Porro
1272 2811 1413 2888 Balgaria

166 2899 253 2975 plena
276 2911 338 2957 erat
369 2902 488 2978 spiritus
513 2901 672 2979 liprantini
703 2921 805 2977 parum
836 2901 1020 2958 reverentiae
1050 2898 1187 2955 habentis
1215 2918 1285 2972 erga
1315 2919 1412 2957 sacros

166 2984 290 3057 ordinae,
314 2997 398 3064 prout
422 2990 452 3044 in
476 3008 506 3044 se
530 3005 604 3044 sunt.
632 2988 794 3044 Potuerunt
818 2989 907 3063 igitur
941 2986 1033 3062 aliqui
1057 2984 1230 3062 simpliciter
1254 2984 1320 3042 ideo
1350 2989 1412 3062 epi-

168 3083 315 3148 scopatum
341 3073 446 3152 Cyrilli
472 3075 630 3151 negligere,
661 3076 730 3151 qaia
753 3095 804 3151 pro
837 3075 926 3148 foro,
948 3074 1132 3130 terrestri
1163 3090 1265 3127 revera
1295 3075 1412 3132 minimi

166 3162 304 3217 momenti
327 3171 397 3221 erat,
432 3161 509 3218 Nam
532 3181 640 3238 pamas
662 3172 777 3218 tautum
800 3159 864 3218 dies
889 3158 1120 3217 iurisdictionem
1144 3156 1341 3234 episcopalem
1365 3181 1409 3216 re-

166 3246 258 3314 tinuit,
283 3267 337 3304 nec
361 3247 439 3304 aliml
466 3269 617 3324 progrege
641 3246 696 3304 sibi
721 3248 1037 3320 commissatuneegit,
1062 3247 1119 3302 nisi
1142 3257 1172 3300 ut
1186 3264 1237 3319 pro
1260 3265 1294 3302 ee
1308 3265 1411 3321 preces

166 3332 276 3409 aliquas
299 3334 337 3391 ad
361 3335 457 3391 Deum
482 3334 624 3396 funderet.
672 3333 736 3390 lloe
764 3335 852 3410 igitur
876 3355 891 3390 e
915 3332 1063 3390 mentibus
1086 3328 1283 3388 evanescebat
1314 3332 1408 3408 fulge-

165 3417 269 3497 batque
293 3422 323 3478 in
340 3423 382 3478 eia
406 3421 586 3478 solummodo
611 3420 823 3479 Constantinus
847 3419 1114 3498 philosophus
1137 3431 1166 3473 et
1191 3420 1409 3476 institutor

166 3505 297 3564 Slavieae
328 3511 433 3583 geritis.
479 3509 541 3564 Nee
572 3529 640 3566 vero
672 3508 765 3564 solum
788 3509 908 3585 spiritus
931 3507 1116 3583 Byzantinus
1147 3505 1318 3581 generatim,
1353 3505 1406 3562 sed

166 3595 289 3652 maxime
321 3597 409 3652 etiam
442 3597 608 3652 reverentia
640 3613 748 3668 magna
779 3615 848 3670 erga
879 3593 1018 3650 Photium
1043 3590 1162 3668 vigebat
1191 3592 1221 3647 in
1256 3591 1406 3666 Balgatia.

166 3681 248 3737 etiam
273 3691 429 3760 antequam
455 3682 616 3739 l'ormalitcr
640 3701 656 3738 a
677 3679 745 3738 sede
762 3681 898 3738 Romana
913 3691 1049 3757 separata
1063 3688 1148 3737 esset.
1173 3674 1299 3734 Libebat
1315 3680 1407 3754 igitur

167 3770 330 3825 memoriam
359 3767 552 3826 ordinationis
577 3768 751 3846 episcopalis
775 3767 892 3846 Cyrilli,
927 3788 1002 3844 quae
1028 3767 1136 3823 llomae
1160 3765 1240 3820 l'aeta
1262 3777 1314 3828 est,
1338 3785 1406 3842 sup-

165 3855 291 3928 primere,
316 3876 352 3912 ne
376 3857 517 3912 curiosius
541 3857 777 3930 interrogaretur,
800 3875 890 3932 quare
914 3874 980 3912 eum
1004 3874 1062 3910 uon
1087 3854 1165 3930 [rrius
1186 3849 1309 3908 l'lrotius
1327 3853 1406 3909 Con-

165 3942 348 4018 stantinopoli
374 3941 562 4012 ordinaverit,
593 3963 667 4000 neve
690 3943 845 3999 resciretur
869 3941 998 4012 tandem,
1022 3960 1110 4018 quam
1134 3937 1248 3994 alienus
1272 3937 1405 4016 [tyrillus

164 4026 296 4084 al'hotio
320 4031 415 4087 lirerit.
439 4029 518 4102 ldrge
542 4038 746 4104 argumentum
770 4037 874 4086 eontra
896 4030 1095 4105 episcopatum
1113 4023 1221 4103 (fyr-illi
1244 4044 1260 4080 e
1284 4025 1404 4082 silentio

164 4111 280 4171 fontium
304 4116 523 4192 Bulgarieorum
549 4127 694 4193 sumptum
724 4116 832 4173 nullius
857 4114 965 4172 valoris
988 4124 1040 4182 est,
1075 4112 1246 4190 praesertim
1272 4132 1337 4168 enm
1361 4113 1402 4168 le-

163 4199 251 4275 genda
283 4223 351 4278 prae
382 4205 486 4260 ceteris
510 4201 679 4280 spectanda,
715 4202 832 4273 ,l'itam
857 4198 1066 4259 Constantini¹⁴
1092 4199 1166 4267 dico,
1201 4199 1404 4275 episcopatum

164 4288 218 4344 eius
241 4287 438 4346 indirecte
462 4292 581 4348 omnino
605 4289 781 4356 manifestet,
806 4299 890 4367 prout
915 4290 1047 4364 superius
1073 4285 1210 4342 vidimus.

259 4374 418 4434 tlrdinavit
449 4388 565 4434 sanctos
597 4377 700 4433 liatres
731 4377 762 4432 in
786 4378 939 4452 episcopos
965 4375 1027 4450 ipse
1057 4393 1134 4449 papa
1159 4368 1329 4427 lladrianns
1353 4372 1404 4442 ll,

164 4461 190 4515 in
211 4461 333 4519 eeclesia
349 4463 459 4522 Beatae
476 4463 588 4520 Mariae
612 4461 650 4520 ad
666 4463 812 4539 Praesepe
837 4461 886 4518 die
902 4461 1060 4518 Dominica
1084 4469 1221 4536 quaunor
1238 4468 1403 4533 temporum

165 4545 311 4606 Adventus
335 4546 397 4630 (19.
421 4549 606 4624 Decembris)
631 4551 700 4606 anni
726 4551 796 4609 868.

207 4678 262 4721 Stav.
277 4681 317 4723 litt,
332 4683 399 4725 theol.
1213 4657 1245 4709 17
