3450 5342
687 426 878 485 -145-

262 614 471 691 Quaerendum
494 636 580 686 nnnc,
603 618 634 675 ln
657 636 786 695 quonam
808 636 905 685 seusu,
927 616 977 695 qui
1001 634 1067 675 cnm
1084 614 1231 675 Paschate
1253 616 1324 674 anni
1339 614 1401 673 333

158 704 252 781 possit
284 703 445 774 conciliari,
478 714 540 761 tum
564 704 676 761 Romae
706 703 869 781 sylvester,
891 706 962 779 :tum
986 700 1190 761 Alexandriae
1213 701 1405 771 Athanasius,

157 788 336 847 locutionem
373 789 508 863 ,Pascha
534 810 601 849 cum
628 789 764 849 ludaeis“
791 790 995 849 intellexerint
1023 798 1061 859 et,
1084 792 1137 847 sub
1160 790 1253 867 praxi,
1277 788 1405 865 intelligi

162 874 270 934 debere
292 874 453 935 docuerint.
481 875 643 937 Videamus
670 876 742 955 quid
764 876 802 935 de
829 896 861 935 re
884 877 1010 935 senserit
1033 874 1264 945 Eusebius,
1303 877 1353 953 qui
1377 884 1406 933 et

158 964 223 1041 ipse
246 962 381 1021 Concilio
403 962 538 1022 Nicaeno
561 963 703 1023 interluit.

265 1050 300 1107 lu
316 1069 370 1109 sna
392 1048 485 1109 Vita
507 1050 774 1111 Constantini
796 1061 952 1129 postquam
969 1048 1006 1107 de
1025 1048 1141 1107 haeresi
1165 1049 1277 1107 locutus
1292 1046 1408 1107 luisset:

163 1135 310 1208 ,Alius
343 1156 522 1215 quoque,
568 1136 660 1209 addit,
692 1138 758 1197 his
796 1133 1011 1216 athiquicr
1045 1134 1221 1195 suberat
1254 1133 1414 1193 morbus

160 1223 282 1301 louge
316 1224 597 1300 gravissimus,
631 1228 702 1304 qui
735 1227 811 1283 iam
846 1222 1009 1302 pridem
1043 1222 1295 1295 infestaret3
1333 1220 1415 1280 dis·

160 1312 300 1368 sensio
337 1309 518 1369 scilicet
553 1309 817 1371 desalutari
855 1310 978 1369 festo.
1024 1308 1415 1387 Quippealiicon-

161 1395 434 1455 suetudinem
464 1396 707 1459 Iudaeorum
737 1399 865 1476 sequi
905 1406 1111 1475 oportere
1143 1394 1415 1455 asserebant:

162 1482 239 1544 alii
276 1495 433 1562 tempus
469 1486 605 1562 ipsum
642 1496 841 1545 accurate
884 1482 1180 1543 observandum
1218 1502 1307 1542 esse
1336 1483 1416 1541 aie·

160 1567 274 1641 baut,
312 1589 389 1628 nec
427 1571 683 1631 errantibus
729 1568 1055 1642 assentiendum,
1100 1571 1165 1648 qui
1199 1568 1249 1627 ab
1286 1568 1416 1629 Evan-

160 1656 305 1732 gelica
327 1658 610 1733 gratiaetiam
634 1660 709 1719 hac
731 1662 772 1719 ln
795 1668 912 1737 parte
935 1657 1075 1716 alieni
1098 1658 1266 1715 essent“
1293 1654 1341 1733 (L.
1357 1654 1414 1713 III.

160 1762 185 1801 c.
209 1738 249 1822 V)
275 1742 419 1822 Loquitur
445 1744 494 1802 hic
515 1744 663 1805 Eusebius
685 1745 723 1805 de
750 1748 873 1823 antiquo
901 1742 1010 1815 morbo,
1038 1744 1088 1821 qui
1116 1742 1225 1815 ,multo
1248 1744 1306 1803 iam
1330 1762 1413 1811 aevo,

160 1824 210 1909 (ἐκ
241 1826 400 1909 μ’.·κροῦ)”
436 1830 588 1891 Ecclesiae
621 1833 799 1892 turbaverat.
843 1831 930 1909 Quae
957 1829 1048 1889 verba
1071 1832 1204 1909 apprime
1234 1826 1413 1907 respondent

161 1917 208 1986 iis,
241 1935 317 1994 qnae
350 1915 429 1975 idem
465 1916 613 1979 Eusebius
637 1920 725 1979 refert
759 1922 790 1980 in
818 1940 873 1979 sua
898 1918 1206 1977 Ecclesiastico
1229 1915 1411 1975 historia

162 2002 211 2081 (L.
235 2002 269 2059 V.
292 2022 315 2064 c.
339 2000 475 2083 XXIII).
512 2006 680 2078 ,Iisdem
704 2004 949 2085 temporibus
971 2002 1039 2081 (sub
1062 2002 1121 2063 line
1144 2000 1266 2063 secundi
1289 2000 1412 2077 saeculi)

162 2090 293 2166 gravi
316 2094 610 2152 controversia
638 2104 794 2152 exorta
824 2114 866 2151 eo
890 2090 993 2171 quod
1017 2110 1151 2150 omues
1174 2110 1244 2168 per
1267 2089 1413 2148 Asiam

160 2176 398 2247 Ecclesiae,
437 2187 602 2239 vetusta
635 2180 804 2260 quedem
840 2178 1079 2238 traditione
1117 2178 1235 2237 nixae
1273 2172 1415 2257 quarta

162 2258 309 2324 decima
342 2264 437 2323 luna
469 2266 672 2327 salutaris
694 2267 872 2326 Paschae
904 2266 1048 2325 festum
1072 2262 1174 2323 diem
1208 2260 1413 2321 celebrau-

161 2348 254 2407 dum
299 2370 398 2408 esse
442 2352 681 2427 censebant,
726 2375 807 2433 quo
850 2352 922 2411 die
966 2352 1283 2431 praescriptum
1328 2358 1414 2407 erat

161 2434 340 2506 Iudaeis,
377 2446 417 2495 nt
454 2458 594 2517 agnum
631 2442 899 2513 immolarent,
938 2456 1068 2517 eaque
1105 2438 1279 2496 omnino
1310 2434 1414 2503 luna,

161 2518 205 2585 iu
249 2536 527 2607 quamcumque
571 2522 723 2590 demum
773 2522 875 2590 diem
919 2520 1156 2607 septimanae
1205 2516 1412 2597 incidisset,

161 2608 295 2668 linem
332 2612 511 2671 ieiuniis
550 2614 838 2694 imponendum
876 2634 963 2673 esse
1001 2609 1283 2685 statuebant3
1329 2627 1415 2667 curn

161 2706 292 2756 tamen
321 2697 502 2777 reliquae
524 2702 649 2761 totius
684 2701 796 2761 orbis
827 2700 1054 2760 Ecclesiae
1084 2698 1170 2757 alio
1197 2716 1309 2755 mere
1340 2703 1416 2755 ute·

162 2794 308 2854 rentur,
342 2786 407 2861 qni
431 2805 476 2843 ex
507 2790 791 2867 apostolorum
818 2786 1053 2847 traditione
1087 2786 1304 2843 etiamnum
1338 2801 1417 2841 ser·

163 2878 288 2932 vatur.
325 2884 363 2927 ut
403 2873 574 2933 scilicet
602 2889 680 2939 nou
709 2870 791 2937 clio
822 2888 940 2958 quam
966 2866 1262 2935 Resumcuonu
1286 2862 1416 2931 Domi-

164 2952 275 3017 nicae
297 2951 371 3031 die,
407 2960 563 3020 ieiunia
592 2963 697 3022 solvi
721 2964 853 3033 liceat,
888 2960 1031 3041 synodi
1055 2957 1099 3018 ob
1130 2957 1167 3017 id
1198 2966 1415 3034 coetusque

162 3046 439 3122 episcoporum
462 3054 718 3109 convenere“.
750 3052 863 3127 Aperte
887 3048 935 3107 hic
958 3045 1134 3106 describitur
1156 3040 1416 3121 Quartodeci-

162 3150 326 3188 manoru
337 3151 367 3189 m
390 3128 794 3215 (Τεσσαρεσκαιδεκατίτων)
809 3133 997 3205 consuetudo,
1020 3134 1069 3213 qui
1087 3152 1195 3191 nomeu
1213 3150 1296 3191 suum
1312 3150 1331 3188 a
1344 3128 1416 3189 luni

162 3216 386 3293 decimaquarta
394 3217 595 3297 obtinuerunt3
607 3244 730 3301 quorum
738 3221 943 3283 consuetudini
953 3220 1130 3280 uniuersalis
1139 3220 1198 3277 alia
1209 3218 1372 3296 opponitur,
1384 3224 1416 3273 ut

163 3303 279 3362 scilicet
289 3303 436 3363 Paschale
448 3305 555 3366 festum
568 3312 685 3370 nonnisi
699 3309 748 3369 die
758 3310 907 3369 doquicii
919 3308 1089 3367 celebretur.
1106 3304 1193 3382 Quod
1206 3325 1275 3362 vero
1287 3302 1413 3379 Quarto·

163 3390 386 3449 decImanorum
416 3396 595 3456 consuetudo
625 3400 766 3477 primaria
795 3396 884 3456 fuerit
915 3398 992 3453 iuter
1021 3414 1080 3465 eas,
1111 3412 1186 3470 quae
1220 3387 1415 3461 concordiam,

164 3477 294 3535 Nicseni
310 3477 436 3536 Concilii
453 3488 592 3560 tempore,
616 3486 647 3543 iu
662 3484 820 3543 Paschatis
839 3482 1038 3541 celebratione
1061 3477 1264 3558 impedIebaut
1282 3510 1320 3519 -
1338 3473 1415 3533 aliae

163 3566 245 3622 euim
261 3562 381 3621 obortae
396 3577 481 3625 eraut
491 3568 698 3642 dissensiones,
717 3572 935 3651 aequinoctium
949 3568 1141 3647 respicientes
1150 3576 1179 3624 et
1187 3563 1415 3623 calculationum

164 3648 286 3709 modum
298 3682 341 3693 -
353 3650 391 3708 de
413 3652 469 3713 hoc
484 3656 570 3715 uobis
585 3670 654 3717 suut
675 3668 766 3717 testes
782 3668 843 3717 tum
869 3655 1171 3723 Constantinus,
1196 3652 1246 3730 qui
1261 3652 1293 3709 iu
1309 3652 1360 3709 sni
1377 3646 1414 3707 ad

167 3736 320 3795 Ecclesiae
335 3739 460 3815 epistolia
474 3748 724 3823 comparationem
740 3746 869 3804 instituit
892 3745 969 3803 inter
982 3740 1157 3800 ludaeorum
1173 3734 1415 3797 consuetudinem

164 3832 196 3882 et
218 3823 309 3890 illam,
341 3844 437 3902 qnam,
467 3841 553 3907 prout
576 3831 687 3891 ibidem
709 3833 833 3910 legitur:
867 3850 902 3903 ,a
924 3828 1122 3908 passionis
1152 3824 1215 3883 die
1246 3822 1290 3883 ad
1320 3822 1416 3881 haec

165 3929 287 3988 usque
318 3920 494 3990 tempora
528 3922 807 3989 servavimus“,
835 3928 868 3977 ut
896 3916 1011 3975 scilicet
1044 3912 1092 3972 dic
1123 3922 1238 3972 tantum
1267 3910 1417 3969 dominici

165 3996 283 4056 Pascha
295 3996 499 4075 celebraretur,
506 4038 538 4047 -
549 4016 611 4064 tum
622 4006 776 4066 Ecclesiae
788 4002 1042 4083 historiographus
1055 4000 1250 4067 Socrates,
1261 3998 1312 4076 qui
1323 3997 1416 4055 relato

165 4084 358 4143 Constantini
380 4083 417 4143 de
439 4088 561 4151 obtentis
582 4092 739 4153 concordia
766 4095 798 4151 iu
820 4090 925 4151 eudem
956 4086 1082 4167 epistola
1105 4088 1225 4146 nuntio:
1261 4084 1418 4157 ,Huius-

165 4170 278 4254 modi,
322 4174 420 4249 pergit
457 4175 563 4251 dicere,
607 4192 667 4239 est
704 4178 963 4258 imperatoris
1008 4173 1194 4253 epistola.
1233 4171 1418 4229 Ceterum

166 4256 527 4333 Quartodecimani
557 4266 857 4327 observantiam
888 4259 1177 4343 quartidecimi
1208 4256 1290 4315 diei
1321 4276 1338 4315 a
1364 4256 1419 4313 lo-

166 4363 266 4403 anne
290 4350 490 4423 apostolo
513 4353 839 4414 sibitraditam
862 4371 960 4411 esse
983 4348 1218 4417 alliumant,
1241 4342 1420 4402 Romani

165 4451 272 4489 vero
313 4440 354 4488 θῖ
395 4440 468 4510 qni
501 4440 768 4502 OccidentIs
802 4449 953 4518 partes
988 4434 1207 4501 incolunt,
1245 4448 1420 4489 consue-

166 4515 375 4586 tudinffl,
411 4544 520 4603 quae
563 4528 768 4608 apuduos
805 4528 940 4603 viget,
979 4544 997 4581 a
1030 4520 1166 4580 l'sulo
1199 4518 1419 4593 Petroqne

165 4604 395 4683 ⁸P0fll⁰lis
418 4619 647 4695 accepisse
671 4636 709 4674 se
731 4613 887 4673 dicunc‘
920 4602 1186 4689 (Histricum.
1209 4600 1309 4685 ull).
1332 4601 1417 4661 Haec

167 4690 268 4756 verba,
291 4700 439 4760 ⁰⁰r011idis
461 4705 555 4762 instar
577 4702 676 4761 verbis
689 4700 878 4761 Constantini
903 4697 1026 4759 adiecta.
1050 4714 1167 4753 sensum
1184 4712 1244 4751 uon
1266 4688 1417 4760 habereut,

222 4839 283 4884 snv.
299 4840 340 4881 uu.
352 4838 422 4881 tueor
1231 4807 1264 4861 10
