3450 5342
709 393 902 450 -183-

282 582 421 640 Ceterum
443 582 532 640 etiam
556 583 580 639 si
605 583 681 638 actio
697 580 814 640 concilii
831 593 934 638 contra
957 581 1122 640 Honorium
1145 580 1233 638 fuerit
1255 601 1308 659 per
1327 601 1358 638 se
1381 582 1424 639 le-

163 670 289 746 gitima,
312 676 413 726 tamen
435 665 568 746 pluribus
591 687 650 725 non
673 669 819 724 immerito
843 665 968 738 videtur,
992 669 1023 725 in
1046 666 1133 726 modo
1156 669 1219 726 eius
1242 667 1421 746 procedendi

165 754 211 814 ob
236 755 461 832 neglectam
484 753 658 812 debitam
681 756 778 812 iuris
801 754 970 823 formam,
994 775 1053 812 non
1072 753 1210 826 defuisse,
1233 753 1312 832 quod
1335 775 1422 814 saua-

162 844 256 900 tione
278 861 331 920 per
351 843 516 900 Romanum
538 840 705 919 pontificem
737 840 893 918 indigeret.
931 843 1037 914 „Aetio
1059 843 1090 899 in
1114 843 1210 920 ipsum
1233 844 1356 913 intenta,
1379 844 1421 900 ait

167 928 353 1000 colombier,
375 937 492 1006 praeter
515 947 616 986 omnes
638 928 755 1005 regulas
777 930 850 986 iuris
873 929 1056 986 exsecutioni
1077 928 1147 986 data
1169 932 1230 986 est“
1246 923 1297 1006 ⁸⁶).
1320 929 1423 986 Nomi·

167 1019 271 1075 natim
294 1035 361 1074 cum
383 1015 565 1074 Bellarmino
588 1023 671 1072 notat
687 1015 874 1076 Coriolanus:
902 1015 1013 1088 ,Immo
1037 1017 1061 1072 si
1078 1035 1144 1073 reue
1160 1013 1268 1074 obiecti
1291 1017 1423 1073 criminis

168 1103 282 1161 fnisset
304 1102 463 1173 Honorius,
491 1103 661 1180 priusquam
685 1101 875 1160 damnaretur
898 1111 961 1159 erat
983 1100 1200 1180 inquirendum,
1233 1121 1272 1161 an
1294 1121 1421 1160 errorem

168 1209 305 1268 unquam
336 1190 528 1260 revocaverit,
558 1188 608 1246 vel
630 1190 727 1266 potius
749 1190 781 1246 in
804 1187 908 1246 eodem
930 1208 1023 1267 usque
1046 1187 1084 1247 ad
1106 1197 1229 1247 mortem
1253 1208 1423 1267 persevera-

169 1279 271 1334 verit“
285 1271 337 1352 ⁸⁷).
367 1274 455 1352 Quod
477 1283 681 1353 argumentum
704 1275 863 1352 specialem
887 1277 948 1332 vim
971 1273 1081 1333 babere
1103 1275 1196 1353 liquet
1219 1277 1251 1333 in
1274 1276 1423 1334 sententie

171 1383 276 1421 eornm
300 1364 440 1434 omnium,
463 1364 514 1440 qni
529 1361 693 1420 Honorium
710 1383 729 1420 a
743 1361 876 1440 patribus
892 1362 1010 1420 concilii
1035 1365 1111 1420 sexti
1135 1371 1253 1440 propter
1276 1363 1421 1422 haeresim

171 1451 294 1528 proprie
316 1447 425 1506 dictam
448 1447 682 1507 condemnatum
697 1469 763 1507 esse
784 1457 903 1527 putant,
937 1469 971 1506 eo
994 1451 1097 1526 magis,
1132 1447 1292 1526 quodnon
1316 1448 1423 1507 desunt

173 1538 282 1612 gravia
305 1534 425 1608 indicia,
458 1535 623 1594 Honorium
646 1538 751 1614 ipsum,
785 1557 816 1594 re
839 1535 945 1594 melius
968 1545 1128 1614 perspecta,
1160 1534 1307 1594 defectum
1330 1555 1422 1602 suum,

174 1626 355 1701 quicumque
378 1621 474 1692 inerit,
496 1621 670 1680 emendasse
692 1636 722 1680 et
744 1642 862 1680 causam
886 1621 956 1680 fidei
979 1624 1050 1680 satis
1074 1633 1192 1681 strenuo
1214 1625 1322 1699 egisse,
1346 1643 1422 1701 quae

174 1718 278 1769 tamen
299 1710 417 1787 longius
439 1710 576 1787 persequi
599 1730 657 1766 non
681 1711 878 1768 necessarium
901 1729 965 1768 esse
988 1708 1130 1768 ducimus.

282 1798 332 1857 46.
356 1795 470 1873 Quodsi
493 1796 650 1854 concilium
672 1796 805 1873 legitime
835 1803 938 1854 contra
960 1796 1124 1856 Honorium
1148 1794 1305 1874 procedere
1328 1797 1423 1872 potuit

174 1886 307 1962 iurisque
329 1884 446 1960 regulae
468 1882 573 1941 saltem
588 1883 761 1941 essentiales
777 1885 916 1954 servavit,
939 1902 1008 1940 num
1032 1885 1138 1941 iusta
1160 1884 1250 1940 etiam
1273 1891 1318 1940 est
1341 1903 1379 1940 se
1392 1903 1425 1940 n-

175 1973 310 2030 tentia
332 1969 370 2028 ab
393 1991 428 2028 eo
450 1971 482 2027 in
505 1970 669 2028 Honorium
692 1971 826 2048 prolata?
866 1970 1001 2048 Namque
1024 1971 1112 2040 enim,
1136 1968 1272 2028 omnibus
1294 1969 1356 2026 fere
1379 1971 1422 2026 fa·

175 2056 308 2116 tentibus
330 2056 472 2135 epistolae
494 2057 622 2114 Honorii
644 2055 884 2115 orthodoxae
909 2067 977 2115 sunt
993 2066 1022 2114 et
1037 2055 1074 2114 ab
1098 2058 1177 2114 omni
1201 2076 1297 2115 errore
1320 2065 1424 2114 contra

177 2146 334 2202 veritatem
364 2143 527 2204 revelatam
555 2145 710 2202 immunes.
754 2144 914 2202 Praeterea
941 2142 1153 2216 ,intolerabilis
1176 2163 1256 2201 error
1286 2143 1367 2214 foret,
1398 2145 1423 2200 si

178 2252 268 2290 unam
291 2239 380 2310 atque
402 2230 526 2288 alteram
548 2230 703 2309 epistolam
722 2231 848 2289 Houerii
873 2229 992 2288 ducenti
1014 2233 1165 2308 octoginta
1187 2249 1293 2288 novem
1316 2229 1422 2290 Patres

179 2338 239 2377 non
256 2319 481 2385 intellexissent,
505 2336 602 2395 quave
624 2319 790 2376 intentione
813 2337 849 2374 ea
871 2319 980 2395 scripta
1003 2318 1114 2387 luisset,
1142 2339 1180 2376 ex
1203 2320 1424 2376 circumstantia

177 2407 318 2483 temporis
340 2405 397 2462 loci
420 2425 454 2462 ac
477 2423 667 2481 personarum
698 2425 755 2463 non
787 2403 994 2476 advertissent,
1030 2407 1159 2482 itemque
1190 2425 1265 2482 quae
1296 2404 1425 2462 locorum

180 2491 333 2550 dubiorum
369 2491 443 2549 foret
477 2493 688 2568 interpretatio,
722 2512 760 2549 ex
792 2491 914 2568 vulgata
944 2491 997 2548 illa
1027 2501 1055 2550 et
1088 2491 1197 2549 celebri
1227 2490 1447 2568 disputatione-

179 2579 305 2638 Maximi
328 2597 394 2636 cum
417 2577 534 2657 Pyrrho
556 2577 660 2636 habita
683 2598 742 2636 non
765 2573 993 2654 audissent“⁸⁸),
1028 2593 1057 2636 et
1081 2593 1188 2642 tamen,
1219 2577 1266 2636 his
1290 2577 1425 2635 omnibus

181 2665 456 2736 nonobstantibus,
490 2667 685 2723 certissimum
708 2674 761 2735 est,
792 2664 957 2722 Honorium
981 2663 1018 2722 ab
1042 2664 1097 2722 hoc
1120 2663 1222 2722 eodem
1246 2665 1370 2722 coneilio
1393 2673 1424 2721 ut

180 2753 424 2811 haereticum
446 2752 537 2810 fnisse
560 2750 739 2812 damnatum.
764 2750 849 2826 Quae
866 2750 1010 2828 quomodo
1026 2754 1104 2809 inter
1126 2771 1164 2816 se,
1190 2749 1334 2828 quomedo
1357 2770 1421 2808 cum

180 2841 292 2898 iustitia
314 2839 465 2898 conciliari
488 2837 630 2916 possunt?
653 2839 694 2894 Et
716 2848 816 2896 tamen
838 2835 956 2906 debent,
979 2847 1009 2894 et
1032 2847 1130 2896 tamen
1154 2849 1283 2916 possunt.

284 2928 334 2983 47.
356 2925 442 2984 Neve
464 2925 554 2983 ullam
575 2944 640 3003 quis
657 2923 706 2981 hic
721 2924 919 3002 suspicionem
936 2927 1090 3002 concipiat,
1114 2923 1150 2982 ad
1168 2923 1352 2982 liberandum
1366 2924 1424 2981 lle-

183 3032 300 3071 mannm
323 3013 493 3091 pontificem
508 3012 572 3069 fieri
593 3011 821 3089 explicationem
845 3011 983 3088 aliquam,
1008 3025 1039 3068 ut
1052 3011 1159 3069 Helele
1183 3011 1241 3068 alio
1258 3011 1321 3069 loco
1338 3009 1423 3082 dixit,

187 3103 420 3173 ,suaviorem
444 3118 555 3178 quam
587 3100 812 3156 veriorem“.
856 3098 989 3155 Primum
1013 3099 1092 3156 euim
1116 3118 1173 3156 non
1198 3096 1235 3155 ad
1258 3098 1424 3155 Honorium

183 3185 232 3244 sed
255 3189 390 3264 potius
421 3185 466 3244 ad
503 3185 719 3242 concilium
755 3185 873 3242 macula
895 3184 995 3262 aliqua
1017 3184 1201 3242 liberandum
1226 3186 1304 3241 vires
1328 3186 1424 3240 inten-

183 3271 295 3331 dendae
317 3282 396 3347 sunt,
421 3293 479 3330 nen
502 3274 581 3330 enim
605 3273 660 3329 fuit
682 3271 832 3329 Honorius
859 3271 1072 3344 ,haereticus'”',
1095 3281 1127 3329 ut
1150 3291 1187 3328 ex
1204 3270 1336 3348 epistolis
1352 3273 1422 3336 ciue,

183 3370 297 3438 propter
318 3379 392 3438 quas
414 3359 491 3418 solas
514 3380 532 3416 a
554 3359 679 3417 concilio
702 3357 914 3416 condemnatus
937 3369 989 3429 eet,
1013 3360 1133 3417 omnine
1149 3356 1271 3416 indubie
1295 3365 1422 3429 constat3

183 3446 324 3524 quomedo
346 3449 439 3524 potuit
466 3446 546 3504 idem
568 3445 725 3504 concilium
747 3454 867 3523 propter
902 3445 1015 3503 litteras
1039 3443 1156 3503 easdem
1181 3465 1247 3502 eum
1270 3453 1421 3520 tamquam

187 3533 399 3606 ,haereticum‘
426 3533 583 3591 damnare?
606 3533 665 3590 Hic
688 3531 811 3590 Rhodus
833 3541 886 3596 est,
910 3532 958 3590 hic
982 3533 1073 3590 salta!
1098 3535 1197 3608 Quare
1219 3529 1341 3588 videant
1366 3531 1424 3587 lte-

185 3623 261 3678 mani
283 3621 431 3699 pontificis
453 3619 625 3696 adversarii,
660 3639 705 3690 ne,
739 3618 870 3696 urgendo
894 3639 958 3676 cum
983 3619 1108 3694 Bliljaev
1139 3619 1203 3676 loco
1235 3619 1332 3686 citato,
1364 3617 1425 3674 Hc-

187 3709 295 3766 norinm
327 3708 417 3765 fuisse
446 3717 478 3764 ut
500 3706 733 3764 Monotheletam
764 3708 880 3783 proprie
911 3705 1020 3763 dictum
1053 3727 1070 3762 a
1093 3707 1218 3764 concilio
1242 3703 1424 3774 damnatum,

186 3813 336 3853 eausam
360 3796 489 3871 ipsius
514 3793 683 3850 concilii
707 3793 863 3850 omnino
887 3791 1136 3870 desperatam
1160 3793 1279 3850 faciant.
1311 3791 1424 3868 Corpus

185 3880 282 3939 delicti
305 3883 392 3951 enim,
416 3882 488 3958 ipsis
510 3879 680 3948 latentibus,
714 3891 783 3937 sunt
808 3879 932 3938 Honorii
956 3879 1098 3957 epistolae
1122 3878 1204 3945 tales,
1229 3877 1330 3956 quales
1353 3898 1423 3955 prae

186 3966 316 4026 manibus
340 3966 494 4040 habemus3
525 3968 606 4044 atqui
628 3966 685 4024 hae
709 3966 853 4043 epistolae
876 3977 908 4024 ut
931 3969 1130 4044 unusquisque
1153 3965 1255 4024 videre
1277 3974 1372 4042 potest
1396 3977 1425 4022 et

186 4055 344 4113 luculenter
365 4052 548 4112 ostendimus
571 4051 752 4110 orthodoxae
776 4066 863 4124 sunt,
902 4052 1047 4130 quemodo
1079 4055 1170 4130 igitur
1190 4053 1285 4130 potuit
1308 4071 1358 4108 eas
1381 4054 1426 4110 in-

186 4141 306 4200 fallibile
329 4141 487 4199 concilium
511 4150 659 4218 tamqnam
684 4138 888 4208 beterodexas,
912 4149 1060 4216 tamquam
1081 4140 1245 4198 haereticas
1269 4137 1426 4196 damnare?

285 4226 411 4299 Deinde,
434 4226 517 4285 labor
539 4229 565 4284 si
588 4229 653 4304 quis
678 4228 709 4285 in
732 4227 788 4283 bac
811 4247 849 4293 rc,
874 4225 923 4282 ubi
948 4225 984 4283 de
1007 4227 1140 4284 llomano
1165 4225 1303 4304 pontifice
1321 4228 1426 4302 agitur,

186 4326 233 4387 eat,
256 4313 334 4393 quod
357 4314 433 4372 bene
457 4313 619 4372 notandum
642 4326 695 4383 est,
718 4313 809 4370 multo
832 4315 928 4370 minor
947 4333 981 4370 co
997 4311 1097 4370 labore
1120 4325 1172 4384 est,
1197 4315 1246 4390 qui
1264 4311 1425 4391 aliquando

227 4553 253 4592 ⁸⁶
283 4545 400 4621 illudes,
420 4552 613 4619 1870,1‚533.

227 4625 252 4660 ⁸²
285 4625 604 4693 ApudGonzalezl.
624 4638 646 4675 c.
666 4621 725 4674 728.

227 4695 253 4732 ⁸⁸
282 4696 352 4748 Cum
372 4693 548 4747 Bellarmino
567 4693 735 4744 Coriolanus
754 4692 831 4757 apud
851 4692 1032 4744 Gouzalez
1050 4692 1068 4742 l.
1088 4707 1109 4742 c.
1131 4690 1191 4742 727.
