3450 5342
698 393 882 450 -127-

169 607 273 666 parere
292 594 366 666 apta
377 593 497 648 sunteo
507 585 556 646 vel
567 585 673 662 magis,
686 585 798 645 cumin
808 592 898 645 textu
909 583 1006 645 codici
1016 584 1217 664 Suprasliensi
1228 585 1407 664 congruenti

167 676 365 737 inveniantur
376 675 409 736 in
420 675 466 746 iis,
479 695 558 754 qnae
569 673 628 754 ipsi
640 683 714 735 eunt
726 674 848 754 propria
861 675 921 750 (uti
933 681 980 734 est
993 674 1119 734 laudata
1133 674 1230 736 forma
1245 669 1408 757 namu).

169 765 258 826 Idem
270 785 308 828 ex
320 765 445 826 elencho
456 783 576 844 quoqne
587 763 808 825 vocabulorum
821 763 853 823 in
866 763 1044 842 fragmentis
1058 765 1169 826 nostris
1181 764 1406 826 occurrentium

167 855 297 934 patebit.
336 856 404 929 Qua
430 855 463 914 in
491 854 718 932 comparatione
745 853 826 914 iuter
853 853 919 913 cod.
962 853 1144 934 Supraslieu.
1174 863 1206 914 et
1233 853 1406 934 fragmenta

168 952 273 1004 nostra
290 943 480 1006 instituenda
496 941 590 1023 paulo
607 943 738 1022 emplius
755 943 937 1004 commorati
954 962 1068 1013 sumus,
1088 963 1157 1004 curn
1175 943 1291 1023 primae
1309 942 1406 1022 partis

167 1036 409 1114 fragmentorum
432 1031 659 1110 (Martyrii
703 1032 793 1093 scti
829 1032 1025 1112 Georgii)
1050 1039 1240 1112 prototypon
1263 1051 1405 1112 graecum

166 1123 302 1184 invenire
319 1121 426 1182 nullibi
442 1121 529 1183 nobis
546 1121 754 1198 contigerit;*)
772 1121 982 1182 demonstrata
1000 1128 1104 1182 antem
1121 1120 1275 1182 affinitate
1299 1119 1404 1180 lauda·

271 1262 286 1294 *
305 1261 360 1314 Cfr.
375 1259 577 1326 Quaeadrem
591 1257 672 1312 alieri
686 1267 806 1328 possunt
820 1257 1002 1314 Bolandietae
1016 1260 1130 1326 (Acta
1154 1259 1403 1312 Sanctorum

167 1331 280 1402 Aprilis,
293 1331 373 1386 Tom.
391 1331 460 1396 111,
474 1329 523 1384 fol
541 1332 681 1384 101-165
694 1337 725 1384 et
737 1331 858 1399 append.
872 1329 1107 1396 VII-XXIX.)
1122 1331 1158 1382 ad
1172 1337 1294 1400 quatuor
1307 1331 1404 1400 capita

165 1404 341 1473 redegerunt
369 1403 530 1458 Univereim
544 1407 610 1454 aeta
623 1419 723 1472 graeca
738 1400 853 1456 meliora
868 1417 928 1454 esse
942 1399 1046 1464 latinis,
1061 1419 1134 1472 qnae
1147 1401 1311 1472 apocrypha
1326 1407 1402 1464 sunt,

166 1473 321 1529 affirmant.
342 1477 377 1528 In
393 1475 486 1544 specie
500 1472 573 1526 duce
594 1491 616 1527 s.
640 1473 771 1528 Andraea
787 1475 912 1528 Cretensi
929 1473 1063 1542 scriptore
1079 1490 1151 1528 saec.
1168 1472 1236 1526 VII.
1256 1471 1301 1526 vel
1315 1471 1401 1526 VIII.

166 1548 301 1617 loquutur
318 1545 355 1600 de
371 1546 489 1600 historia
505 1544 629 1616 quadam
657 1545 685 1598 S.
717 1546 902 1613 (leorgii¹
917 1546 1021 1614 poesim
1041 1551 1110 1598 nota
1128 1547 1157 1598 in
1176 1543 1298 1598 ecclesiis
1318 1545 1402 1600 Grae-

165 1616 797 1757 illemtqliiahiilifflllhiflh
809 1617 965 1740 {iiiiii}
978 1613 1403 1756 ittetlttttiattlt

164 1777 268 1816 excusa
289 1760 448 1834 aut1manu
469 1765 587 1813 exarata
608 1707 846 1827 legunturqetiam
869 1761 898 1812 in
920 1757 1076 1828 Menologio
1099 1758 1195 1813 Basilii
1217 1761 1401 1828 imperatorie.

167 1831 292 1894 Addunt,
310 1831 456 1886 historiam
472 1829 549 1884 illam
566 1833 671 1884 censeri
685 1847 769 1898 posse
784 1832 970 1899 compositam
986 1831 1086 1900 quinto
1103 1837 1220 1884 sextove
1234 1847 1304 1883 saec.
1318 1829 1404 1900 idque

165 1901 212 1957 vel
231 1921 266 1958 ex
285 1905 462 2028 speciactiori
481 1904 683 1957 commentario
707 1919 757 1972 per
784 1901 935 1973 quemdam
955 1905 1007 1956 soti
1028 1901 1160 1972 Martyris
1178 1899 1318 1956 famulum
1337 1917 1401 1955 con·

165 1976 221 2029 scri
241 1981 272 2030 to
313 2014 320 2029 .
340 1993 364 2028 c.
404 2015 411 2028 .
433 1976 504 2028 103.

220 1993 241 2046 p
264 1977 310 2100 Ab
321 1977 496 2100 eddrlcendis)
504 2045 619 2116 reliquis
629 2045 778 2114 capitibus,
791 2051 893 2115 utpote
903 2062 975 2115 qnae
986 2043 1026 2098 nil
1037 2041 1150 2099 lumime
1161 2044 1198 2098 ad
1208 2045 1400 2116 quaestionem

165 2125 292 2172 nostram
307 2118 440 2182 afferant,
457 2117 679 2186 supersedemus,
695 2118 791 2186 potius
806 2133 848 2180 ea,
864 2133 938 2184 qnae
954 2118 983 2170 in
1010 2115 1233 2172 Analectis
1260 2114 1400 2170 Bolan-

165 2190 307 2246 dianis
339 2191 419 2255 (tom.
444 2188 467 2243 1.
490 2189 521 2241 in
541 2187 696 2258 appendice
716 2205 743 2257 p.
768 2189 920 2253 615-617)
943 2189 1109 2250 invenimus,
1132 2187 1313 2258 proferemus,
1336 2204 1400 2242 oum

165 2263 239 2316 inter
250 2260 397 2332 legendam
410 2267 537 2314 nostram
550 2268 580 2314 et
592 2277 633 2322 ea,
647 2277 721 2330 quae
732 2261 762 2312 in
774 2260 841 2314 Cod.
856 2259 1041 2313 Namnroensi
1055 2261 1071 2312 2
1086 2258 1217 2328 leguntur
1229 2275 1286 2312 non
1300 2260 1400 2326 exigna

165 2331 293 2387 affinitas
311 2333 479 2386 inveniatur.

512 2405 566 2456 Ex
594 2403 746 2458 Codice
775 2403 957 2456 Namare.
978 2421 1004 2456 n.
1026 2403 1050 2456 ·2.

264 2520 370 2583 (Codex
379 2521 506 2589 signatus
514 2536 560 2572 no.
571 2521 626 2572 2in
636 2517 708 2572 Bibl.
720 2519 795 2572 civit.
806 2519 939 2573 Namuro.
951 2518 990 2572 nil
999 2518 1074 2571 alind
1085 2527 1126 2572 est
1136 2537 1221 2588 (luam
1242 2519 1265 2570 L
1275 2535 1290 2569 e
1300 2536 1314 2570 c
1327 2526 1339 2570 t
1351 2517 1398 2590 ijo·

164 2593 325 2646 narium
359 2589 445 2646 seculi
469 2591 547 2644 XIV.
573 2591 610 2644 ad
634 2608 716 2675 usum
740 2591 818 2643 chori
836 2591 864 2642 in
884 2593 1053 2646 monasterio
1072 2593 1097 2644 S.
1120 2591 1262 2656 Habenti.)

618 2735 671 2786 De
699 2751 720 2786 s.
753 2733 939 2800 (lcorgio¹

263 2851 334 2904 Erat
352 2853 436 2920 igitur
452 2849 567 2921 quidam
585 2866 635 2901 rex
653 2866 836 2918 paganorum,
855 2849 969 2902 nomine
988 2849 1136 2905 Datianus,
1155 2849 1221 2917 qui.
1236 2889 1261 2900 ..

263 2923 367 2977 Sedens
376 2939 428 2992 pro
439 2920 573 2976 tribunali
588 2928 701 2974 astante
718 2923 847 2974 universo
857 2917 970 2989 populo,
986 2921 1034 2988 qui
1051 2935 1087 2972 ex
1103 2918 1220 2972 diversis
1236 2921 1399 2972 civitatibus

165 2995 354 3048 veniebat...
383 2996 527 3063 praecepit
553 2992 697 3054 ministris,
724 2993 827 3062 quibus
853 2991 907 3045 hoc
935 2990 1060 3044 officinm
1088 2993 1267 3044 commissum
1296 2991 1397 3052 fuerat,

163 3065 267 3118 afferre
288 3068 400 3120 diversa
417 3081 518 3134 genera
535 3070 748 3124 tormentorum,
768 3065 872 3132 quibus
892 3061 1072 3116 afficerentur
1091 3067 1178 3130 atque
1198 3061 1399 3116 damnarentur

163 3140 328 3208 omnesqui
350 3139 390 3191 in
417 3137 629 3191 Christum
661 3151 700 3186 se
731 3135 902 3189 credere
923 3133 1227 3186 faterentur...

262 3208 378 3263 Talibus
406 3209 492 3277 igitur
509 3209 593 3262 minis
612 3208 706 3259 cuncti
725 3208 826 3258 timore
844 3205 995 3274 perterriti,
1012 3201 1238 3274 derelinquentes
1247 3203 1397 3263 Christum,

165 3281 440 3334 immolabant
475 3279 616 3341 idolis;
654 3284 684 3330 et
708 3279 798 3346 magis
823 3277 966 3346 magisque
991 3275 1120 3330 diabolus
1145 3276 1203 3328 suis
1228 3275 1399 3342 argumentis

164 3353 321 3415 insistebat,
346 3350 584 3422 quemadmodum
610 3351 730 3403 innocua
754 3356 870 3418 pectora
895 3350 952 3401 suis
977 3346 1083 3417 laqueis
1109 3348 1237 3400 irretiret.

263 3424 342 3478 Tunc
364 3426 392 3476 in
413 3422 505 3476 medio
526 3437 622 3474 eorum
643 3424 776 3489 apparuit
797 3427 912 3474 sanctus
933 3427 962 3473 et
983 3435 1066 3474 verns
1087 3421 1140 3472 Dei
1160 3418 1252 3472 cultor
1284 3419 1397 3472 (leor-

163 3495 264 3562 gius,
291 3494 584 3566 Cappadociae
608 3495 797 3561 regionis
822 3508 970 3562 genere
995 3487 1123 3553 ort'us,
1150 3491 1399 3559 civitatisquoqua

164 3581 231 3618 suae
248 3570 416 3620 comitatum
433 3582 531 3634 gerens
548 3581 632 3634 super
648 3581 797 3618 numerum
814 3562 936 3618 militurn
956 3559 1118 3622 multorum;
1136 3563 1184 3632 qui
1202 3580 1219 3613 a
1237 3561 1303 3624 suis,
1323 3560 1397 3614 vide-

163 3634 661 3706 lieetprimiscivitatumsnarum,
693 3653 883 3690 summam
914 3633 1131 3704 pecuniam
1163 3639 1397 3702 acceperat,

163 3725 219 3778 quo
242 3717 339 3780 posset
352 3727 370 3762 a
383 3709 507 3762 Datiano
521 3709 689 3776 imperatore
703 3708 827 3776 praemio
840 3715 871 3760 et
885 3722 998 3760 munere
1010 3704 1137 3766 oblatam
1161 3705 1398 3773 dignitatis

162 3780 341 3835 infulam
378 3787 408 3834 et
443 3778 696 3834 consulatus
732 3779 917 3849 adipisci
954 3777 1131 3845 gradum,
1170 3792 1203 3827 eo
1228 3777 1305 3846 quod
1331 3791 1398 3829 suae

162 3855 271 3920 patriae
283 3854 369 3916 mitis,
382 3853 521 3907 veridicus
532 3851 715 3922 docibilisque
725 3856 818 3904 rector
829 3850 986 3904 haberetur.
1010 3850 1064 3913 Qui
1076 3850 1212 3917 aspiciens
1224 3867 1259 3902 ex
1272 3848 1396 3900 omnium

162 3926 371 3993 provinciarum
387 3924 499 3995 populis
515 3939 609 3976 eoram
627 3924 715 3992 impio
731 3923 855 3976 Datiano
873 3923 1048 3974 innumeram
1076 3938 1103 3972 m
1115 3916 1396 3974 altitudinem

162 4003 314 4060 astare,
349 3997 562 4050 Dominum
595 3994 955 4063 blasphemantem
988 3999 1028 4047 et
1059 3991 1279 4044 daemones
1311 3991 1397 4044 ado-

161 4075 330 4131 rantem,
359 4068 488 4123 ambiens
506 4064 642 4133 majorem
661 4073 691 4120 et
708 4065 897 4120 honestiorem
915 4063 1092 4132 dignitatem,
1111 4080 1183 4132 quae
1201 4080 1259 4116 non
1277 4063 1397 4131 pecunia

161 4139 212 4192 sed
241 4141 384 4208 sanguinis
414 4139 554 4194 effusione
583 4143 770 4206 eomparatur,
812 4152 963 4189 omnem
1005 4135 1230 4204 pecuniam,
1271 4151 1387 4202 qnam

161 4227 296 4265 secum
325 4211 549 4271 attulerat,
580 4211 722 4279 egenis
751 4207 995 4268 distribuite
1027 4203 1397 4275 etexuensseohlamyde

162 4288 288 4336 terrenae
303 4282 449 4350 dignitatis
465 4281 559 4335 balteo
576 4300 606 4335 se
627 4278 733 4335 Salutis
749 4281 943 4332 circumcinxit
959 4287 988 4331 et
1002 4275 1087 4330 lorica
1103 4274 1171 4330 fidei
1187 4277 1289 4339 induit;
1307 4278 1397 4330 crucis

161 4354 247 4406 ctiam
257 4349 360 4406 vexillo
372 4355 507 4421 protexit;
520 4350 675 4422 iubareqne
681 4351 777 4404 Sancti
789 4350 910 4420 Spiritus
922 4347 1079 4402 illustratus
1091 4356 1120 4403 et
1132 4347 1283 4418 spiritualis
1295 4346 1396 4402 fluenti

160 4422 245 4478 calice
269 4425 432 4486 mundatus,
457 4426 497 4478 sio
520 4426 614 4493 erupit
647 4423 719 4476 snb
753 4428 984 4491 conspectu
1019 4419 1193 4474 Datiani
1228 4421 1394 4489 impera-

162 4499 278 4558 toris,
308 4497 461 4551 dicens...

260 4567 330 4621 Kir
342 4568 480 4640 pibnilr
491 4586 508 4621 o
519 4586 569 4623 va
591 4566 650 4620 Soti
665 4565 775 4634 Georgii
785 4565 865 4618 Vitae
880 4564 908 4617 in
921 4567 937 4619 3
949 4563 1049 4617 classes
1059 4563 1213 4616 distribuit:
1238 4563 1273 4630 Α)
1287 4578 1395 4614 cano·

161 4638 284 4703 nicae,
327 4641 363 4709 B)
393 4639 660 4710 apocryphas,
700 4637 732 4706 C)
766 4635 999 4706 apocrypha
1036 4635 1194 4688 slavica
1231 4633 1393 4702 separatim

161 4709 314 4764 secundum
344 4713 492 4766 laudatum
519 4716 664 4765 auctorem
688 4713 784 4762 textus
808 4713 912 4768 noster,
939 4712 1038 4776 utpote
1065 4707 1114 4774 qui
1132 4711 1224 4758 sctum
1245 4705 1394 4772 Georgium
