3450 5342
723 385 893 443 ..Sl-.-

191 575 362 634 Concilium
376 570 593 628 Tridentinnm
610 569 778 640 appellavit
791 567 945 637 ,proferre
961 565 1143 622 sententiam
1161 561 1359 642 retentionis.
1376 559 1433 616 llic

189 651 292 702 autem
318 649 405 700 actus
432 642 587 711 positivus
606 655 669 695 non
698 638 837 707 impedit,
863 637 959 692 immo
986 635 1152 692 coufirmat
1181 635 1431 714 consecutionem

189 717 318 778 iactam;
339 729 420 778 narn,
433 727 503 768 cum
518 710 698 766 sacerdotes
711 725 749 762 ex
764 707 793 763 vi
809 708 904 762 huius
918 705 1082 776 potcstatis
1103 703 1236 760 habeant
1249 717 1298 758 ius
1311 697 1432 754 ferendi

190 785 250 840 hoc
266 784 414 840 iudicium
434 779 613 837 remittendi
633 778 683 833 vel
701 777 856 832 retinendi
877 781 1008 846 peccata,
1027 775 1113 830 iuxta
1128 773 1238 848 merita
1250 785 1369 852 causae,
1383 783 1435 823 ne·

190 869 277 911 cesse
295 859 351 919 est,
369 858 405 908 ut
422 850 617 922 poenitentes
647 863 751 904 coram
777 845 839 901 illis
858 849 1085 915 compareant«.
1110 845 1265 906 suarez,
1291 840 1371 908 disp.
1392 841 1433 902 17,

194 940 218 980 s.
237 927 262 991 a,
281 938 311 978 n.
331 925 371 977 10.

295 1009 321 1076 f)
341 1007 489 1072 »Quando
509 1005 656 1062 sacerdos
676 1006 786 1058 retinet
805 1007 964 1072 peccatum
987 999 1124 1064 mortale,
1144 999 1318 1066 efficaciter,
1338 1005 1372 1054 111
1385 999 1430 1054 010

197 1077 297 1136 dicam
326 1077 447 1137 retinet,
465 1091 528 1130 non
541 1067 648 1129 lsolurn
668 1072 747 1141 quia,
767 1072 794 1126 si
812 1071 909 1125 clavis
928 1085 991 1124 non
1010 1074 1101 1134 erret,
1121 1068 1211 1138 culpa
1230 1084 1304 1124 vere
1319 1076 1429 1136 manet,

194 1149 248 1204 sed
268 1152 369 1213 etiarn,
388 1148 461 1216 quia
474 1145 545 1199 licet
557 1144 693 1198 fortasse
705 1148 797 1208 erret,
811 1153 937 1210 semper
951 1145 1054 1194 manet
1076 1137 1225 1208 obligatio
1245 1137 1432 1208 procurandi

193 1216 420 1273 absolutionem
445 1214 477 1270 in
496 1214 549 1268 illo
566 1213 646 1278 iorc;
666 1211 793 1282 quando
812 1224 889 1266 vero
915 1209 1061 1264 sacerdos
1088 1215 1181 1278 negat
1205 1208 1432 1264 absolutionem

196 1287 309 1356 peccati
329 1284 468 1352 venialis,
488 1283 588 1338 solum
610 1281 723 1338 retinet
740 1281 816 1334 illud
835 1279 1009 1334 secundum
1029 1279 1113 1348 quid,
1132 1293 1173 1332 sc.
1192 1278 1296 1348 quoad
1316 1277 1382 1345 hoc,
1401 1283 1435 1332 ut

195 1354 461 1412 sacramentaliter
488 1367 549 1408 non
581 1351 774 1416 remittatur;
793 1363 855 1404 non
885 1364 962 1405 vero
986 1347 1028 1402 ita
1054 1347 1172 1414 retinet,
1192 1353 1227 1402 ut
1246 1352 1368 1402 maneat
1386 1362 1435 1402 ne

193 1427 331 1481 cessario
344 1423 559 1480 subiciendum
574 1420 618 1476 illi
631 1421 726 1476 foro«.
747 1420 891 1474 Suarez
908 1419 927 1472 l.
943 1433 967 1473 c.
983 1417 1071 1473 Unde
1084 1432 1160 1472 vero
1173 1417 1246 1472 haec
1259 1415 1438 1472 differentia

195 1495 368 1564 colligatur,
387 1492 572 1548 ostendetur
589 1491 670 1545 infra
690 1490 781 1544 Thes.
800 1491 824 1556 7,
844 1504 872 1558 p.
892 1488 944 1543 IV.

267 1649 273 1661 ⁹
300 1588 329 1650 9)
356 1579 480 1634 Sufficit
503 1591 739 1646 nonnumquam
775 1579 951 1644 exprimere
980 1579 1099 1630 tantum
1129 1573 1168 1636 id,
1188 1575 1269 1642 qumi
1301 1581 1361 1628 est·
1379 1573 1438 1642 pri·

196 1665 339 1706 marium.

299 1735 345 1790 sd
364 1738 389 1788 2.
410 1731 611 1789 Consuetudo
630 1730 836 1787 ecclesiastica
853 1731 990 1786 declarat
1010 1731 1225 1800 probationem
1246 1731 1285 1785 ad
1299 1745 1435 1784 0011111111-

200 1805 324 1860 nionem
346 1803 527 1886 requisitam
553 1817 623 1856 esse
640 1817 733 1856 usum
759 1800 900 1855 clavium.
930 1799 1012 1855 Hinc
1038 1801 1172 1870 legimus
1191 1799 1221 1854 in
1242 1799 1438 1857 confessicae

198 1891 222 1929 s.
252 1874 415 1944 Fulgentm
444 1871 609 1939 adscripta,
637 1885 717 1942 quae
748 1871 881 1925 liabetur
908 1873 940 1926 in
959 1870 1201 1925 sacramentario
1226 1885 1250 1923 s.
1277 1868 1437 1938 Gregorii:

201 1943 284 2013 »ligo
303 1958 417 2011 corpus
440 1941 561 1996 Domini
581 1945 611 1995 et
630 1939 815 2010 sanguinem
835 1939 903 1995 eius
924 1939 1042 2008 polluto
1061 1939 1154 1994 corde
1173 1943 1203 1994 et
1221 1953 1352 2007 corpore
1368 1941 1434 1994 sine

198 2012 395 2068 confessione
414 2019 444 2066 et
463 2011 651 2092 poenitentia
677 2009 778 2064 sciens
803 2009 953 2078 indignus
979 2010 1105 2078 accepi«.
1133 2008 1221 2064 Idem
1247 2008 1386 2062 invenies
1406 2011 1437 2063 in

197 2081 286 2137 libris
305 2081 577 2151 poenitentialibus
596 2079 715 2135 1110111111
735 2087 766 2133 01
785 2079 810 2134 Ε
835 2080 924 2144 berti,
941 2079 972 2133 in
988 2077 1231 2134 sacramentario
1250 2077 1434 2133 Turonensi.

192 2152 245 2207 ci.
274 2151 387 2217 Frank,
416 2149 625 2219 Butidiseiplin
653 2149 711 2204 der
737 2096 850 2204 Kircfie
878 2151 902 2214 2,
922 2163 946 2202 c.
965 2151 997 2212 5,
1026 2149 1062 2203 cf.
1094 2149 1183 2202 Thes.
1203 2149 1227 2212 2,
1248 2163 1276 2218 p.
1306 2147 1435 2214 11.,.1.;

199 2221 290 2276 Thes
311 2223 351 2287 10,
371 2236 398 2289 p.
421 2220 460 2273 ll.
480 2220 517 2274 ad
540 2225 562 2273 1.

301 2308 345 2362 Ad
366 2310 391 2362 3.
417 2306 662 2361 >advertendum
682 2310 738 2373 est,
757 2305 842 2375 quod
859 2321 914 2428 ger
932 2303 1018 2360 illum
1034 2305 1168 2362 eundem
1183 2312 1284 2359 actum
1299 2303 1436 2359 ciuitatis

197 2380 251 2431 aut
263 2376 466 2442 contritionis
476 2391 539 2445 quc
560 2373 703 2430 remissio
712 2375 816 2429 statim
837 2392 855 2429 o
881 2374 1119 2430 tinebaturante
1138 2374 1316 2430 institutum
1337 2389 1438 2428 sacra·

198 2452 347 2512 mentum,
372 2445 463 2500 etiam
485 2445 578 2499 ruodo
603 2443 634 2498 111
654 2459 736 2499 nova
760 2444 939 2499 oemnomia
958 2444 1126 2514 obtinetur,
1151 2443 1227 2514 quin
1254 2443 1333 2498 alius
1353 2449 1440 2498 actus

197 2514 240 2571 sit
250 2515 462 2579 necessarium
481 2530 558 2583 ergo
572 2513 679 2568 eadem
694 2515 751 2580 vis,
771 2529 850 2583 quae
863 2514 984 2570 caritati
999 2519 1052 2568 aut
1065 2513 1242 2570 001111111οηί
1257 2513 1346 2582 prius
1360 2529 1439 2567 com·

196 2586 329 2654 petebat.
348 2587 439 2638 etiam
459 2599 542 2638 nunc
557 2588 669 2639 manet
689 2583 846 2638 Probatur
860 2591 957 2637 antec.
982 2582 1113 2651 Etenim,
1133 2589 1168 2638 ut
1180 2589 1249 2638 actu
1263 2582 1442 2638 obtineatur

195 2669 277 2708 nunc
296 2655 441 2707 remissio
459 2657 662 2721 peccatorum,
682 2668 743 2706 non
764 2656 937 2723 requiritur
958 2659 1118 2722 praeterea
1138 2653 1198 2708 11101
1213 2659 1320 2708 votum
1336 2665 1436 2708 sacra-

197 2722 308 2778 menti:
329 2723 386 2776 hcc
405 2726 506 2776 autem
530 2727 635 2776 votum
656 2737 718 2776 non
738 2728 786 2776 est
803 2728 892 2776 actus
912 2721 1079 2776 distinctus
1093 2723 1132 2776 ab
1148 2723 1216 2791 ipsa
1236 2720 1439 2786 contritione,

194 2799 244 2847 est
256 2796 337 2847 enim
351 2791 495 2845 voluntas
509 2791 640 2846 faciendi
651 2791 731 2860 quod
745 2792 829 2846 Deus
849 2793 1015 2860 vult,'quae
1031 2791 1068 2846 ad
1084 2791 1297 2848 contritionem
1313 2795 1440 2860 spectat,

198 2865 247 2917 est
265 2862 347 2916 eninr
368 2877 442 2929 pars
462 2859 635 2941 propositi3
664 2861 835 2930 eademque
863 2867 911 2915 est
936 2861 967 2914 111
993 2877 1026 2914 se
1052 2861 1156 2915 acilia
1184 2862 1337 2929 voluutas,
1363 2875 1440 2928 quae

198 2932 286 3055 Krine
315 2945 490 2986 necessaria
508 2936 582 2995 crat,
611 2930 874 2985 terminative
901 2935 1019 2984 tantum
1051 2930 1218 2985 differens:
1248 2930 1328 2986 sicut
1355 2930 1437 2984 enim

219 3016 271 3055 aec
297 3000 441 3054 voluntas
469 3001 555 3069 prius
581 2999 777 3054 referebatur
795 3000 835 3054 ad
854 3015 890 3054 ea
909 3002 1021 3066 omnia,
1047 3015 1126 3070 quae
1151 3015 1188 3055 ex
1214 3000 1281 3070 lege
1309 3005 1438 3054 naturae

198 3076 253 3124 aut
273 3069 466 3125 institutione
480 3068 536 3124 Dei
549 3069 650 3123 facere
663 3077 717 3124 aut
730 3069 808 3124 velle.
823 3071 988 3138 oportebat
1002 3085 1059 3138 pro
1073 3069 1242 3124 obtinenda
1256 3069 1440 3124 remissione

198 3144 404 3219 peccatorum,
433 3146 507 3207 puta
531 3139 684 3207 quaedam
714 3139 866 3194 sacrificia
892 3154 949 3207 pro
977 3139 1119 3208 peccatis,
1145 3139 1187 3194 ita
1217 3139 1310 3194 modo
1338 3138 1440 3208 posita

200 3208 391 3263 institutione
416 3208 610 3274 sacramenti,
630 3208 669 3261 ad
688 3207 803 3276 ipsum,
829 3223 892 3263 non
911 3207 950 3262 ad
971 3207 1046 3262 alias
1067 3209 1279 3264 institutiones
1307 3206 1439 3262 abolitas

201 3278 343 3345 refertur,
374 3281 542 3347 ipsumque
572 3276 795 3400 complectitur.
827 3277 984 3348 Obligaiio
1013 3294 1089 3334 vero
1116 3278 1331 3346 confessionis,
1361 3291 1441 3346 quae

202 3355 311 3413 manet,
331 3363 394 3402 non
419 3347 583 3415 suspendit
607 3346 638 3401 ef
652 3347 775 3401 icaciam
802 3347 1010 3414 contritionIs,
1035 3351 1139 3404 statim
1159 3347 1240 3403 enim
1262 3345 1441 3402 iustificatio

200 3415 382 3471 confertur«
414 3415 607 3482 Palmieri,
636 3416 678 3471 De
702 3433 792 3540 ssOen'
818 3419 860 3472 th.
887 3420 927 3480 10,
956 3433 985 3472 n.
1006 3417 1056 3473 VI.
1077 3449 1108 3458 -·
1130 3417 1219 3472 Ratio
1245 3432 1320 3472 vero
1350 3417 1442 3470 huius

200 3484 397 3554 obligationis
416 3491 465 3539 est
483 3487 571 3539 haec:
596 3485 682 3540 »Vult
730 3502 794 3553 eus,
814 3493 848 3541 ut
867 3502 945 3556 quae
964 3492 1088 3556 praeter
1107 3487 1249 3542 ordinem
1263 3503 1281 3542 a
1295 3501 1328 3541 se
1348 3489 1442 3540 statu·

199 3562 264 3609 turn
301 3558 350 3610 via
386 3555 497 3624 quasi
535 3556 859 3610 extraordinaria
898 3557 1052 3626 benignus
1089 3557 1217 3624 confert,
1251 3561 1316 3610 rata
1348 3552 1444 3609 veluti

199 3623 374 3680 habeantur
392 3624 431 3678 ab
449 3624 592 3678 ecclesia:
621 3639 683 3678 non
702 3626 787 3706 quod
808 3625 875 3680 sine
896 3626 1076 3682 huiusmodi
1102 3625 1328 3696 approbatione
1352 3624 1442 3680 irrita

201 3693 308 3760 forent,
339 3693 393 3747 sod
413 3693 497 3762 quod
522 3709 589 3748 eam
619 3695 765 3748 vicariani
796 3695 994 3750 minstituerit
1021 3711 1109 3751 suam
1138 3711 1260 3765 nosque
1281 3696 1320 3750 ab
1340 3693 1391 3750 illa
1409 3699 1444 3748 ut

198 3761 281 3817 filios
300 3779 317 3816 a
337 3767 436 3817 matre
461 3763 557 3817 voluit
582 3764 726 3832 pendere,
752 3769 786 3818 ut
822 3765 946 3833 spiritui
972 3765 1096 3836 privato
1117 3765 1197 3820 viam
1219 3763 1441 3834 praecluderet,

199 3831 360 3886 illusiones
388 3831 479 3898 illius,
527 3833 558 3886 ui
587 3849 620 3887 se
650 3833 682 3888 in
711 3833 856 3904 angelum
887 3835 1095 3904 transfigurat
1122 3835 1209 3898 lucis,
1238 3832 1442 3905 praepediret,

200 3900 487 3970 oboedientiemque
507 3852 636 3956 lovere
654 3911 684 3956 et
703 3903 918 3960 humilitatem.
949 3905 1086 3974 ideoque
1111 3907 1178 3973 ipse
1199 3904 1344 3960 Christus
1363 3902 1442 3968 illos,

201 3986 282 4041 quos
301 3987 319 4026 a
337 3971 422 4038 lepra
443 3977 615 4037 sanaverat,
635 3973 673 4026 ad
693 3973 872 4028 sacerdotes
899 3974 983 4029 misit
1002 3976 1057 4040 (Lo
1077 3977 1116 4042 17,
1140 3979 1185 4039 14)
1204 3979 1259 4030 etc.
1278 3973 1345 4028 Alia
1364 3974 1443 4028 ratio

202 4047 251 4094 est
273 4040 391 4094 bonum
416 4055 587 4094 commune.
619 4041 765 4112 Alioquin
793 4047 873 4098 enim
903 4049 1040 4113 potestas
1068 4044 1200 4098 clavium
1226 4043 1443 4108 frustraretur,

201 4124 270 4163 cum
286 4109 416 4180 quilibet
428 4108 515 4164 facile
529 4110 696 4166 contritum
709 4127 742 4165 se
752 4127 822 4166 esse
833 4112 894 4166 sibi
909 4114 1139 4182 persuaderet«.
1161 4113 1190 4167 Η
1200 4130 1219 4168 11
1230 4118 1286 4168 110
1295 4127 1318 4180 1,
1339 4111 1444 4166 Tlreol.

201 4178 305 4248 dogm.
332 4194 399 4233 corn
424 4223 430 4233 .
450 4179 657 4246 ΙΙΙ.,111.215,
686 4180 785 4234 Schol.
804 4184 828 4236 2.
847 4181 914 4236 Alia
941 4183 1019 4237 ratio
1053 4181 1286 4237 --certitudinis
1312 4181 1350 4236 de
1374 4196 1444 4236 con·

202 4246 327 4302 111ῐί000
345 4195 497 4316 perperim
523 4248 562 4302 cf.
581 4249 746 4305 Thomas
771 4251 841 4320 riq,
869 4253 977 4322 Suppl.
996 4265 1023 4320 q.
1042 4257 1066 4320 5,
1086 4267 1111 4306 a.
1131 4255 1155 4318 2,
1175 4253 1214 4306 ad
1235 4255 1264 4314 1;
1285 4271 1311 4321 q.
1330 4253 1354 4314 8,
1374 4266 1398 4305 a.
1419 4253 1444 4318 2,

199 4315 251 4440 add
269 4319 301 4439 Ψ
333 4317 540 4386 Lychetus,
567 4318 605 4372 ln
635 4319 717 4373 Scoti
746 4319 823 4388 prol.
855 4341 883 4388 q.
904 4325 973 4390 1,11.
998 4325 1029 4376 le
1059 4329 1113 4376 etc,
1144 4321 1324 4376 -infirma
1353 4320 1444 4375 nobis

199 4401 230 4440 111
254 4402 325 4440 eur
343 4402 421 4440 esse.
1423 4425 1425 4430 -

305 4496 376 4554 Pars
400 4496 440 4558 11.
464 4497 659 4573 (Necessitate
682 4497 795 4577 medii).

244 4661 249 4673 Ι
303 4593 597 4650 cunnensium
610 4602 732 4652 nonest
752 4598 928 4653 necessaria
938 4597 999 4653 nisi
1017 4600 1201 4655 necessitate
1216 4601 1383 4669 praecepti3
1403 4607 1445 4656 at-

198 4676 253 4731 qm
271 4679 349 4719 usus
373 4663 508 4720 clavium
528 4680 590 4719 non
619 4673 666 4720 est
692 4666 793 4736 magis
821 4667 1028 4735 necessarius,
1053 4685 1146 4738 quarn
1174 4669 1338 4726 restitutio.
1365 4669 1443 4725 Nam

255 4784 314 4826 Siav.
329 4785 369 4827 litt.
383 4786 452 4829 theol.
1271 4775 1288 4832 6
