3450 5342
645 481 683 488 -
709 451 770 500 :tm
798 481 834 488 -

158 629 289 694 attioris,
314 629 367 699 qui
394 632 501 686 fruitio
526 631 648 688 dicitur.
673 632 712 686 sit
733 631 855 686 bouitas
877 630 928 692 rei,
957 636 1111 700 quatenus
1131 635 1179 685 est
1204 631 1406 696 bonanoois,

161 700 218 753 sed
234 700 333 753 solum
351 700 515 770 significat,
535 703 619 770 qtrod
635 701 873 756 tundamentum
888 701 970 755 illius
982 700 1099 754 amoris
1113 707 1168 765 est,
1188 700 1273 770 quod
1288 701 1403 755 bouum

163 784 220 836 per
240 783 273 822 se
298 769 444 824 dilectum
473 772 511 825 sit
532 772 647 826 bonum
675 770 799 837 amanti,
828 771 930 840 etqui
956 770 1072 824 fruitur
1091 773 1191 838 possit
1220 777 1249 824 et
1277 769 1405 839 diligere

163 839 291 901 bonum,
316 856 379 907 quo
398 840 523 904 fruitur,
549 848 707 910 tamquam
733 841 848 894 botrum
871 839 927 893 sui.
954 870 977 878 ,-
1006 839 1054 893 Ita
1073 855 1199 910 quoque
1218 838 1314 908 accipi
1335 854 1405 908 pos·

161 917 237 960 sum
262 909 404 973 exempla
434 909 526 964 allata
550 911 667 965 aruoris
687 925 830 978 sponsae,
860 915 975 964 utnon
1003 908 1187 963 excludatur
1213 908 1404 978 purissimus

159 992 261 1030 auum.
283 977 326 1032 Gt.
348 979 475 1032 Tliom.
495 979 593 1034 11.tt.
612 998 639 1048 q.
659 982 701 1041 at,
721 995 746 1032 a.
762 983 798 1032 :la
824 976 1019 1040 Palmieri,
1042 979 1084 1034 De
1098 993 1187 1047 poen.
1207 979 1250 1035 tu.
1269 979 1311 1042 22,
1326 977 1404 1032 XIV.

163 1078 196 1084 —
218 1046 247 1099 S.
267 1047 434 1101 Thomas
453 1049 520 1100 loco
540 1048 644 1116 priore
668 1056 714 1102 aut
733 1048 909 1116 distinguat
923 1062 1061 1102 attrorem
1083 1047 1220 1102 caritatis
1240 1048 1278 1102 ab
1298 1063 1405 1102 amore

162 1115 307 1181 naturali,
328 1123 432 1170 rrronct
447 1118 562 1171 bouum
578 1117 728 1181 divinum,
742 1117 826 1187 quod
839 1116 940 1185 diligit
954 1117 1075 1180 caritas
1095 1132 1164 1172 esse
1177 1118 1302 1178 bouum,
1319 1117 1404 1185 quod

161 1185 227 1238 fide
246 1185 412 1245 credimus.
432 1188 580 1256 qumlque
594 1187 875 1256 supernaturaliter
886 1187 1139 1255 consequendum
1155 1187 1223 1252 erit;
1245 1186 1405 1240 beatitudo

159 1254 245 1307 enim
274 1255 454 1323 simpliciter
479 1256 631 1324 appellata
650 1256 834 1324 intelligitur
853 1255 1013 1310 beatitudo
1038 1255 1298 1336 supernaturalis
1320 1297 1325 1308 .
1345 1299 1351 1311 .
1372 1297 1404 1310 ..

162 1338 221 1376 nec
237 1339 259 1377 s
272 1324 408 1378 Tltmuas
422 1326 608 1379 determinat
620 1324 671 1384 ibi.
685 1326 843 1395 quoruodo
856 1326 939 1380 Deus
954 1326 993 1379 sit
1007 1325 1207 1380 beatitudinis
1222 1325 1402 1380 obiectum«

163 1393 356 1447 Palmieri
375 1394 392 1447 l.
412 1412 434 1445 o
465 1395 547 1448 Loco
567 1395 740 1463 posteriorc
760 1411 784 1449 s.
804 1395 941 1448 Thomas
965 1411 1039 1448 »riou
1062 1399 1154 1464 negat
1172 1410 1310 1450 atriorem
1331 1394 1406 1448 eari-

161 1463 236 1515 tatis
257 1478 326 1516 csse
347 1464 603 1529 benevolentiam,
622 1465 757 1532 eoquod
777 1464 862 1518 aliud
883 1465 922 1518 sit
942 1479 1047 1518 amare
1066 1471 1096 1518 et
1115 1464 1198 1519 aliud
1220 1465 1297 1518 bene
1317 1463 1405 1518 alteri

162 1532 251 1596 velle,
272 1532 325 1586 sed
347 1542 502 1602 quatenus
523 1534 738 1587 benevolentia
758 1549 819 1588 mm
839 1539 887 1588 est
907 1539 1005 1588 totum
1028 1532 1066 1599 id,
1090 1533 1174 1603 quod
1195 1533 1316 1600 caritas
1336 1533 1406 1587 licet

158 1609 252 1656 aetirs
273 1604 321 1663 sit,
340 1602 372 1656 in
391 1619 453 1672 quo
473 1604 639 1672 praecipuo
658 1601 781 1656 dilectio
802 1603 1030 1658 ntanilestatur.
1056 1603 1136 1667 Quid
1158 1608 1205 1658 est
1225 1618 1301 1672 ergo
1320 1602 1405 1672 quod

163 1679 325 1749 praetcrea
349 1673 546 1741 requiritur?
574 1673 631 1726 Est
650 1674 724 1727 uuio
743 1672 876 1726 allectus
902 1672 1035 1726 arumnis
1062 1672 1286 1727 adamatum.
1308 1716 1313 1726 .
1332 1714 1337 1726 .
1359 1671 1406 1726 Sc.

162 1755 194 1792 m
216 1739 285 1808 ipso
305 1742 452 1795 exercitio
477 1749 564 1796 actus
584 1741 722 1796 <unitatis
748 1757 836 1795 aium·
855 1741 958 1796 terttu·
982 1741 1171 1796 inauratum
1195 1747 1353 1811 tamquam
1375 1741 1406 1795 in

158 1807 280 1878 aliquid
301 1811 340 1864 ad
361 1827 394 1864 se
413 1811 581 1879 pertinens,
601 1818 631 1865 et
650 1811 883 1880 quodmumodo
903 1827 999 1866 unum
1022 1809 1105 1867 sibim.
1136 1811 1321 1866 l’almieri
1341 1811 1359 1864 l.
1379 1825 1403 1865 c.

268 1879 314 1932 Ad
334 1883 357 1933 s.
388 1880 578 1949 vbtsparitas
605 1881 737 1949 petenda
762 1886 809 1934 est
838 1885 903 1935 tum
930 1896 968 1934 ex
989 1879 1144 1948 scriptura
1169 1887 1199 1934 et
1224 1879 1400 1946 traditione,

158 1963 243 2016 quae
263 1948 421 2016 posterius
440 1957 594 2013 asserunt,
615 1966 676 2004 uon
697 1958 799 2004 autem
821 1949 911 2018 prius
931 1950 1017 2014 illud;
1039 1956 1105 2004 tum
1125 1965 1163 2004 ex
1183 1949 1303 2004 ratione
1323 1950 1406 2004 theo·

159 2017 271 2086 logica,
291 2018 364 2087 quia
377 2019 457 2072 [ides
476 2027 524 2072 est
544 2020 644 2087 prima
660 2019 748 2074 radix
768 2019 1011 2084 iustificationis3
1032 2035 1088 2072 nec
1107 2020 1200 2074 datur
1218 2019 1298 2073 alius
1318 2023 1406 2073 actus

162 2088 414 2155 supernaturalis
435 2089 528 2156 prior,
554 2089 607 2157 qui
628 2089 694 2143 cius
715 2094 822 2142 initmu
843 2089 999 2144 contiueat
1018 2094 1048 2142 et
1068 2103 1125 2157 pro
1151 2093 1197 2142 ter
1222 2087 1289 2142 eius
1309 2089 1405 2143 excel·

161 2156 298 2280 lentiam3
316 2161 417 2280 posffit
441 2158 523 2213 illius
551 2158 633 2211 vices
663 2159 831 2227 supplere«
860 2158 1072 2228 Sardagna,
1101 2104 1205 2212 Tlleol.
1230 2163 1249 2211 t.
1278 2158 1302 2212 8.
1328 2173 1353 2212 a.
1373 2161 1405 2222 7.,

159 2234 288 2280 contr·
326 2243 354 2280 n.
391 2230 414 2280 t.

270 2267 315 2348 Ad
335 2299 358 2349 t.
378 2303 408 2350 et
426 2299 450 2350 8.
476 2311 504 2350 v.
525 2297 615 2350 Thes
635 2297 659 2363 3,
680 2312 709 2363 p.
728 2294 770 2363 11,
795 2296 833 2349 ad
856 2300 880 2362 1;
908 2295 952 2352 Cl.
974 2295 1126 2360 Suarez,
1154 2297 1197 2350 De
1218 2311 1305 2364 poen.
1326 2296 1407 2366 disp.

165 2367 206 2427 17,
227 2368 285 2430 stt,
306 2380 333 2418 u.
346 2368 370 2429 ἲ;
390 2366 549 2435 quomodo
568 2381 644 2419 vero
664 2365 721 2419 boc
741 2371 849 2419 votum
871 2365 1058 2435 requiratur,
1080 2365 1105 2419 si
1125 2365 1259 2435 quaeris,
1279 2381 1407 2436 respon-

159 2434 287 2488 demus:
308 2443 342 2488 ut
352 2435 491 2489 condicio
506 2436 572 2489 siue
585 2451 647 2504 qua
658 2450 729 2488 non.
752 2434 845 2489 »Cum
860 2435 932 2504 clitis
947 2450 1003 2515 per
1016 2435 1175 2489 caritatem
1192 2435 1239 2489 vel
1251 2435 1408 2489 contritio·

163 2519 236 2557 nem
256 2518 325 2557 cum
347 2514 420 2558 voto
440 2504 624 2559 sacramenti
638 2504 836 2572 iustificetur,
856 2505 1044 2559 iustificetur
1064 2519 1119 2573 per
1133 2518 1215 2572 opus
1234 2505 1403 2572 operantia,

160 2588 245 2641 opus
273 2588 348 2626 vero
372 2574 531 2642 operantis
557 2581 603 2628 est
629 2575 697 2644 ipsa
723 2574 835 2628 caritas
862 2573 911 2628 rel
931 2573 1075 2627 contritio
1101 2589 1198 2642 eaque
1225 2574 1298 2640 sola,
1327 2589 1407 2654 quae

163 2643 319 2696 inclusum
345 2643 479 2696 continet
507 2653 614 2698 votnm
641 2644 837 2708 sacramenti;
864 2643 922 2698 etsi
943 2643 1024 2697 enim
1045 2643 1102 2696 hoe
1128 2649 1235 2696 votum
1265 2643 1407 2711 explicite

162 2711 228 2777 fiat,
248 2719 366 2780 spectat
392 2727 502 2780 reapse
521 2713 786 2782 adpropositum,
811 2714 896 2781 quod
922 2717 970 2766 est
989 2711 1174 2766 elementum
1196 2711 1401 2778 contritionis

159 2791 194 2836 et
222 2781 338 2835 virtute
363 2783 472 2836 saltem
500 2797 624 2850 semper
651 2783 681 2836 in
711 2781 839 2836 caritate
867 2788 897 2836 et
924 2781 1108 2836 contritione
1133 2780 1318 2836 continetur.
1349 2781 1405 2835 Est

162 2866 241 2919 ergo
260 2851 413 2918 contritis,
433 2866 513 2920 quae
532 2851 687 2905 iustificat.
717 2852 825 2918 Porro,
846 2851 872 2905 si
892 2851 1128 2974 distiupuautur
1147 2851 1221 2906 llaec
1240 2851 1311 2918 duc,
1338 2865 1407 2905 eon·

165 2920 258 2985 tritio,
284 2937 363 2990 quae
389 2936 497 2990 perse
517 2931 623 2989 posset
648 2937 717 2975 esse
737 2921 804 2975 siue
829 2937 865 2975 eo
886 2919 1011 2990 special
1030 2927 1112 2988 vote,
1137 2920 1403 2990 quemadmodum

163 2996 231 3043 erat
258 2998 328 3044 ante
357 2990 535 3045 institutum
558 2999 795 3058 sacramentum,
824 2996 918 3060 atquc
948 2997 1054 3044 votum
1081 2990 1275 3056 sacramenti,
1302 2989 1404 3059 primo

162 3058 392 3114 advertendum
421 3069 477 3122 est,
505 3061 590 3129 trucci
618 3061 693 3114 haec
720 3060 879 3116 distinctio
908 3060 1031 3115 realiter
1059 3060 1167 3129 nequit
1194 3059 1264 3114 fieri
1293 3059 1324 3114 in
1348 3060 1405 3114 hac

160 3129 344 3182 >oeconomia
364 3170 370 3181 .
390 3169 397 3184 .
416 3147 437 3193 .;
458 3129 596 3184 adbibita
616 3144 690 3183 vero
701 3130 900 3184 distinctione
915 3129 1044 3194 rationis
1065 3129 1091 3183 si
1104 3129 1246 3198 quaestio
1261 3129 1325 3196 fiat,
1345 3129 1407 3184 utri

165 3201 332 3268 praecipue
345 3199 514 3252 asserenda
535 3198 574 3252 sit
584 3198 749 3254 causalitas
762 3199 1002 3266 iustificationis,
1022 3199 1187 3253 dicendum
1204 3203 1251 3253 est
1265 3199 1403 3266 potiores

168 3273 274 3336 partes
293 3267 452 3322 vindicare
466 3267 525 3320 sibi
541 3267 769 3334 contritionerm
790 3284 861 3322 uam
882 3284 916 3323 ea
933 3283 1036 3337 perse
1057 3283 1114 3336 par
1128 3273 1175 3322 est
1194 3266 1407 3322 iustificationi

163 3337 354 3391 obtinendae
380 3352 413 3390 ae
434 3343 537 3404 potest
561 3336 731 3392 iustificare
756 3337 823 3392 sine
848 3353 884 3391 eo
905 3343 986 3403 voto,
1015 3337 1095 3391 sicut
1120 3335 1309 3391 iustilieabat
1334 3341 1406 3390 ante

166 3407 344 3461 institutum
373 3412 619 3470 sacrameutmn;
646 3406 837 3461 desiderium
864 3421 937 3460 vero
957 3405 1143 3460 sacramenti
1170 3421 1226 3474 per
1251 3419 1284 3459 se
1305 3405 1406 3459 solum

169 3493 231 3530 non
251 3482 353 3545 potest
379 3475 558 3528 iustificare.
587 3477 689 3537 Quare
716 3493 748 3530 se
769 3476 914 3530 babet..
941 3483 975 3529 ut
994 3475 1141 3538 condicio,
1168 3474 1234 3528 sine
1259 3489 1321 3542 qua
1347 3489 1409 3528 non

168 3546 303 3600 babetur
318 3544 523 3599 iustificatio«
548 3544 743 3611 Palmieri,
765 3546 809 3599 De
829 3559 917 3609 poert.
938 3545 979 3598 tlt.
1002 3547 1041 3609 10,
1062 3543 1109 3597 vt.
1132 3543 1237 3611 anue
1257 3547 1305 3598 est
1324 3559 1411 3596 mera

166 3615 308 3670 condicio
329 3622 449 3683 (eontra
471 3614 514 3668 De
534 3614 641 3682 Luget,
662 3630 724 3668 nou
744 3629 846 3677 causa,
869 3629 948 3682 quae
968 3613 1006 3667 ad
1027 3613 1148 3667 veniam
1169 3611 1408 3680 impertiendam

167 3701 208 3738 ex
227 3685 316 3739 titulo
344 3684 491 3754 peculiari
513 3691 644 3739 nioveat.
675 3685 713 3738 Et
741 3698 869 3739 revera
898 3688 1004 3738 votum
1033 3682 1115 3736 idem
1146 3687 1286 3734 moveret
1309 3681 1410 3736 instar

167 3769 280 3808 causae
305 3762 358 3808 aut
377 3761 536 3821 tamquam
566 3770 646 3821 opus
672 3761 835 3823 operatum
864 3759 917 3808 aut
944 3760 1101 3821 tamquam
1132 3765 1212 3819 opus
1241 3749 1410 3818 operantis

169 3823 263 3892 Atqui
282 3824 356 3878 illud
377 3822 503 3892 quidem
520 3838 611 3876 nemo
631 3823 753 3878 dixerit.
773 3823 832 3877 Sed
853 3837 954 3892 neque
973 3821 1104 3875 alterum
1126 3834 1309 3874 asseverare
1328 3819 1408 3887 licet,

169 3908 240 3947 nam
261 3899 388 3947 eatenus
408 3893 465 3946 troc
485 3907 594 3946 verum
616 3902 706 3957 esset,
727 3900 882 3962 quatenus
903 3898 1010 3946 votum
1031 3888 1217 3960 requisitum
1239 3889 1408 3944 bonitatem

169 3963 218 4017 rel
238 3962 418 4031 dignitatem
439 3961 574 4030 aliquam
601 3961 640 4014 ad
661 3963 776 4032 reliqua
796 3977 854 4030 pro
873 3960 1058 4015 remissione
1085 3959 1241 4029 postulata
1262 3958 1409 4028 superad-

168 4033 266 4097 deret;
292 4032 377 4100 atqui
404 4031 479 4084 nitut
499 4031 558 4084 tale
579 4031 746 4098 superaddi
775 4031 822 4085 rel
842 4047 881 4084 cx
904 4047 939 4084 eo
959 4030 1063 4099 liquet,
1089 4029 1173 4098 quod
1199 4035 1307 4084 votum
1327 4028 1409 4083 idem

170 4101 352 4170 implicitum
380 4101 410 4153 iu
429 4105 499 4153 actu
528 4099 723 4154 contritionis
743 4099 895 4154 contineri
915 4105 1026 4169 potest,
1053 4097 1155 4168 posito
1175 4114 1232 4168 per
1251 4097 1410 4153 hominem

171 4176 398 4225 sacramentum
410 4169 606 4238 ignorantem
622 4170 744 4224 cellion
765 4169 951 4239 cogitantem
957 4188 964 4235 ;
984 4168 1086 4239 qualis
1098 4175 1184 4224 actus
1199 4167 1266 4222 solo
1277 4167 1411 4222 termino

169 4241 364 4294 extrinsecus
385 4246 511 4305 statuto,
538 4255 600 4292 non
619 4240 800 4294 excellentia
825 4239 947 4294 interna
968 4239 1083 4293 maiore
1104 4236 1165 4292 ulla
1190 4253 1207 4290 a
1227 4236 1412 4292 contritione

166 4309 288 4378 antiqui
308 4309 442 4362 foederis
462 4308 659 4363 discernitur.

274 4380 329 4432 Ad.
357 4380 381 4432 9.
411 4378 611 4445 Propositum
633 4388 662 4433 et
686 4377 851 4433 detestatio
881 4393 913 4432 se
935 4381 1042 4430 mutuo
1062 4373 1240 4441 excludunt,
1272 4374 1412 4442 »quaudo

172 4448 322 4503 nimirum
343 4453 391 4501 est
410 4448 519 4501 idcina.
543 4448 759 4514 uicastttto,
780 4448 824 4502 De
844 4463 922 4501 sacr.
941 4461 1031 4514 poen.
1050 4443 1131 4512 disp.
1149 4445 1173 4510 6,
1194 4458 1222 4497 n.
1236 4445 1295 4497 220.
1317 4442 1411 4496 Plura

167 4520 206 4572 cl.
227 4519 317 4571 Thes.
338 4521 378 4584 11,
399 4533 428 4586 p.
448 4516 507 4570 111.
527 4516 565 4570 ad
586 4521 609 4571 5.

273 4587 321 4641 Ad
343 4591 382 4642 10.
410 4588 457 4641 Ex
484 4586 644 4653 Ezccl133‚
671 4589 703 4640 12
721 4590 806 4654 patet
831 4601 893 4639 non
920 4599 1013 4652 posse
1041 4581 1170 4662 intelligi
1190 4580 1414 4660 actualemob·

169 4656 379 4711 servationem
407 4656 643 4721 mandatorum;
672 4662 779 4711 votum
809 4659 911 4708 autem
938 4654 1169 4707 observationis
1196 4650 1274 4719 legis
1293 4665 1325 4703 m
1345 4662 1414 4716 rpsa

167 4726 376 4781 detestatione
391 4724 506 4794 peccati
520 4724 611 4779 etiam
632 4724 817 4780 continetur.
838 4754 870 4762 -
892 4723 999 4791 Neque
1011 4719 1182 4776 Concilium
1195 4718 1413 4773 Tridentinum
