<?xml version="1.0" encoding="UTF-8"?>
<!DOCTYPE html PUBLIC "-//W3C//DTD XHTML 1.0 Transitional//EN"
    "http://www.w3.org/TR/xhtml1/DTD/xhtml1-transitional.dtd">
<html xmlns="http://www.w3.org/1999/xhtml" xml:lang="en" lang="en">
 <head>
  <title>
</title>
<meta http-equiv="Content-Type" content="text/html;charset=utf-8" />
  <meta name='ocr-system' content='tesseract 3.04.00' />
  <meta name='ocr-capabilities' content='ocr_page ocr_carea ocr_par ocr_line ocrx_word'/>
</head>
<body>
  <div class='ocr_page' id='page_1' title='image "./slavorumlittera00unkngoog_0278.png"; bbox 0 0 3450 5342; ppageno 0'>
   <div class='ocr_carea' id='block_1_1' title="bbox 884 439 1075 494">
    <p class='ocr_par' dir='ltr' id='par_1_1' title="bbox 884 439 1075 494">
     <span class='ocr_line' id='line_1_1' title="bbox 884 439 1075 494; baseline -0.026 0"><span class='ocrx_word' id='word_1_1' title='bbox 884 471 925 479; x_wconf 91' lang='lat'>—</span> <span class='ocrx_word' id='word_1_2' title='bbox 950 439 1012 494; x_wconf 70' lang='lat'>250</span> <span class='ocrx_word' id='word_1_3' title='bbox 1038 469 1075 479; x_wconf 86' lang='lat'><em>-</em></span> 
     </span>
    </p>
   </div>
   <div class='ocr_carea' id='block_1_2' title="bbox 354 624 1612 1225">
    <p class='ocr_par' dir='ltr' id='par_1_2' title="bbox 354 624 1612 1225">
     <span class='ocr_line' id='line_1_2' title="bbox 355 624 1608 705; baseline -0.002 -20"><span class='ocrx_word' id='word_1_4' title='bbox 355 649 385 686; x_wconf 89' lang='lat' dir='ltr'>rc</span> <span class='ocrx_word' id='word_1_5' title='bbox 409 630 573 685; x_wconf 89' lang='lat' dir='ltr'>certissima</span> <span class='ocrx_word' id='word_1_6' title='bbox 597 626 746 684; x_wconf 80' lang='lat' dir='ltr'>habebant</span> <span class='ocrx_word' id='word_1_7' title='bbox 769 629 894 705; x_wconf 89' lang='lat' dir='ltr'>primam</span> <span class='ocrx_word' id='word_1_8' title='bbox 918 627 1041 685; x_wconf 85' lang='lat' dir='ltr'>formam</span> <span class='ocrx_word' id='word_1_9' title='bbox 1054 626 1206 702; x_wconf 79' lang='lat' dir='ltr'>religionis</span> <span class='ocrx_word' id='word_1_10' title='bbox 1223 626 1402 683; x_wconf 75' lang='lat' dir='ltr'>christianae</span> <span class='ocrx_word' id='word_1_11' title='bbox 1425 627 1457 681; x_wconf 93' lang='lat' dir='ltr'>in</span> <span class='ocrx_word' id='word_1_12' title='bbox 1481 624 1608 682; x_wconf 82' lang='lat' dir='ltr'>Polcnia</span> 
     </span>
     <span class='ocr_line' id='line_1_3' title="bbox 358 710 1608 790; baseline -0.004 -18"><span class='ocrx_word' id='word_1_13' title='bbox 358 715 448 772; x_wconf 86' lang='lat' dir='ltr'>fuisse</span> <span class='ocrx_word' id='word_1_14' title='bbox 481 715 622 772; x_wconf 84' lang='lat' dir='ltr'>slavicam</span> <span class='ocrx_word' id='word_1_15' title='bbox 654 716 717 771; x_wconf 83' lang='lat' dir='ltr'>sive</span> <span class='ocrx_word' id='word_1_16' title='bbox 748 734 894 790; x_wconf 79' lang='lat' dir='ltr'><strong>graecam.</strong></span> <span class='ocrx_word' id='word_1_17' title='bbox 925 713 1078 779; x_wconf 84' lang='lat' dir='ltr'>Nonnulli,</span> <span class='ocrx_word' id='word_1_18' title='bbox 1112 724 1143 770; x_wconf 93' lang='lat' dir='ltr'>ut</span> <span class='ocrx_word' id='word_1_19' title='bbox 1177 711 1386 790; x_wconf 64' lang='lat' dir='ltr'>(lumplowica,</span> <span class='ocrx_word' id='word_1_20' title='bbox 1416 710 1608 790; x_wconf 68' lang='lat' dir='ltr'><strong>hypothesim</strong></span> 
     </span>
     <span class='ocr_line' id='line_1_4' title="bbox 361 797 1612 859; baseline -0.004 0"><span class='ocrx_word' id='word_1_21' title='bbox 361 802 439 859; x_wconf 88' lang='lat' dir='ltr'>hanc</span> <span class='ocrx_word' id='word_1_22' title='bbox 464 803 521 858; x_wconf 88' lang='lat' dir='ltr'>iam</span> <span class='ocrx_word' id='word_1_23' title='bbox 546 799 727 859; x_wconf 83' lang='lat' dir='ltr'>adhibebant</span> <span class='ocrx_word' id='word_1_24' title='bbox 759 801 795 858; x_wconf 90' lang='lat' dir='ltr'>ad</span> <span class='ocrx_word' id='word_1_25' title='bbox 827 800 986 858; x_wconf 86' lang='lat' dir='ltr'>solvendas</span> <span class='ocrx_word' id='word_1_26' title='bbox 1015 801 1114 857; x_wconf 77' lang='lat' dir='ltr'>varias</span> <span class='ocrx_word' id='word_1_27' title='bbox 1138 798 1327 857; x_wconf 87' lang='lat' dir='ltr'>difficultates</span> <span class='ocrx_word' id='word_1_28' title='bbox 1349 801 1380 856; x_wconf 88' lang='lat' dir='ltr'>in</span> <span class='ocrx_word' id='word_1_29' title='bbox 1404 798 1529 855; x_wconf 84' lang='lat' dir='ltr'>historia</span> <span class='ocrx_word' id='word_1_30' title='bbox 1552 797 1612 854; x_wconf 92' lang='lat' dir='ltr'>Po-</span> 
     </span>
     <span class='ocr_line' id='line_1_5' title="bbox 359 885 1609 964; baseline -0.003 -19"><span class='ocrx_word' id='word_1_31' title='bbox 359 888 508 949; x_wconf 86' lang='lat' dir='ltr'>louorum:</span> <span class='ocrx_word' id='word_1_32' title='bbox 533 909 557 944; x_wconf 89' lang='lat' dir='ltr'>e.</span> <span class='ocrx_word' id='word_1_33' title='bbox 582 909 609 962; x_wconf 71' lang='lat' dir='ltr'>g.</span> <span class='ocrx_word' id='word_1_34' title='bbox 633 887 800 945; x_wconf 87' lang='lat' dir='ltr'>conflictum</span> <span class='ocrx_word' id='word_1_35' title='bbox 832 890 910 945; x_wconf 91' lang='lat' dir='ltr'>iuter</span> <span class='ocrx_word' id='word_1_36' title='bbox 939 908 961 944; x_wconf 87' lang='lat' dir='ltr'>s.</span> <span class='ocrx_word' id='word_1_37' title='bbox 993 887 1172 944; x_wconf 63' lang='lat' dir='ltr'>stanislaum</span> <span class='ocrx_word' id='word_1_38' title='bbox 1197 906 1353 964; x_wconf 75' lang='lat' dir='ltr'>regemque</span> <span class='ocrx_word' id='word_1_39' title='bbox 1376 885 1546 943; x_wconf 91' lang='lat' dir='ltr'>Boleslaum</span> <span class='ocrx_word' id='word_1_40' title='bbox 1570 904 1609 942; x_wconf 88' lang='lat' dir='ltr'>ex</span> 
     </span>
     <span class='ocr_line' id='line_1_6' title="bbox 357 973 1610 1051; baseline -0.003 -20"><span class='ocrx_word' id='word_1_41' title='bbox 357 977 562 1051; x_wconf 83' lang='lat' dir='ltr'>antagonismo</span> <span class='ocrx_word' id='word_1_42' title='bbox 586 977 663 1031; x_wconf 88' lang='lat' dir='ltr'>inter</span> <span class='ocrx_word' id='word_1_43' title='bbox 685 973 757 1032; x_wconf 90' lang='lat' dir='ltr'>daos</span> <span class='ocrx_word' id='word_1_44' title='bbox 781 976 854 1032; x_wconf 89' lang='lat' dir='ltr'>ritus</span> <span class='ocrx_word' id='word_1_45' title='bbox 878 973 1024 1031; x_wconf 88' lang='lat' dir='ltr'>illustrare</span> <span class='ocrx_word' id='word_1_46' title='bbox 1055 976 1153 1031; x_wconf 89' lang='lat' dir='ltr'>conati</span> <span class='ocrx_word' id='word_1_47' title='bbox 1177 984 1252 1031; x_wconf 88' lang='lat' dir='ltr'>sunt.</span> <span class='ocrx_word' id='word_1_48' title='bbox 1278 1006 1315 1016; x_wconf 95' lang='lat'><em>—</em></span> <span class='ocrx_word' id='word_1_49' title='bbox 1341 973 1485 1030; x_wconf 80' lang='lat' dir='ltr'>Noviores</span> <span class='ocrx_word' id='word_1_50' title='bbox 1511 973 1610 1048; x_wconf 85' lang='lat' dir='ltr'>inqui-</span> 
     </span>
     <span class='ocr_line' id='line_1_7' title="bbox 355 1057 1609 1137; baseline -0.003 -18"><span class='ocrx_word' id='word_1_51' title='bbox 355 1064 478 1120; x_wconf 82' lang='lat' dir='ltr'>sitiones</span> <span class='ocrx_word' id='word_1_52' title='bbox 502 1062 658 1119; x_wconf 83' lang='lat' dir='ltr'>historicae</span> <span class='ocrx_word' id='word_1_53' title='bbox 691 1082 773 1119; x_wconf 89' lang='lat' dir='ltr'>usum</span> <span class='ocrx_word' id='word_1_54' title='bbox 807 1064 880 1118; x_wconf 89' lang='lat' dir='ltr'>ritus</span> <span class='ocrx_word' id='word_1_55' title='bbox 915 1061 1019 1117; x_wconf 85' lang='lat' dir='ltr'>slavici</span> <span class='ocrx_word' id='word_1_56' title='bbox 1044 1062 1074 1117; x_wconf 94' lang='lat' dir='ltr'>in</span> <span class='ocrx_word' id='word_1_57' title='bbox 1097 1062 1219 1137; x_wconf 85' lang='lat' dir='ltr'>antiqua</span> <span class='ocrx_word' id='word_1_58' title='bbox 1242 1060 1366 1117; x_wconf 89' lang='lat' dir='ltr'>Polonia</span> <span class='ocrx_word' id='word_1_59' title='bbox 1390 1061 1468 1116; x_wconf 89' lang='lat' dir='ltr'>inter</span> <span class='ocrx_word' id='word_1_60' title='bbox 1490 1057 1609 1116; x_wconf 83' lang='lat' dir='ltr'>fabulas</span> 
     </span>
     <span class='ocr_line' id='line_1_8' title="bbox 354 1145 1564 1225; baseline -0.002 -19"><span class='ocrx_word' id='word_1_61' title='bbox 354 1149 495 1225; x_wconf 82' lang='lat' dir='ltr'>relegant.</span> <span class='ocrx_word' id='word_1_62' title='bbox 1534 1145 1564 1222; x_wconf 60' lang='lat' dir='ltr'>st.</span> 
     </span>
    </p>
   </div>
   <div class='ocr_carea' id='block_1_3' title="bbox 464 1278 1609 1368">
    <p class='ocr_par' dir='ltr' id='par_1_3' title="bbox 464 1278 1609 1368">
     <span class='ocr_line' id='line_1_9' title="bbox 464 1278 1609 1368; baseline -0.001 -20"><span class='ocrx_word' id='word_1_63' title='bbox 464 1279 506 1348; x_wconf 79' lang='lat' dir='ltr'>A.</span> <span class='ocrx_word' id='word_1_64' title='bbox 530 1280 781 1346; x_wconf 75' lang='lat' dir='ltr'>Parczewslci:</span> <span class='ocrx_word' id='word_1_65' title='bbox 809 1282 962 1368; x_wconf 75' lang='lat' dir='ltr'>Pcczettrt</span> <span class='ocrx_word' id='word_1_66' title='bbox 987 1280 1254 1366; x_wconf 82' lang='lat' dir='ltr'>chrystyanizmu</span> <span class='ocrx_word' id='word_1_67' title='bbox 1278 1299 1308 1346; x_wconf 92' lang='lat' dir='ltr'>w</span> <span class='ocrx_word' id='word_1_68' title='bbox 1334 1280 1452 1348; x_wconf 81' lang='lat' dir='ltr'>Petece</span> <span class='ocrx_word' id='word_1_69' title='bbox 1473 1278 1482 1346; x_wconf 86' lang='lat' dir='ltr'>i</span> <span class='ocrx_word' id='word_1_70' title='bbox 1500 1280 1609 1363; x_wconf 83' lang='lat' dir='ltr'>mtsya</span> 
     </span>
    </p>
   </div>
   <div class='ocr_carea' id='block_1_4' title="bbox 356 1366 1609 1539">
    <p class='ocr_par' dir='ltr' id='par_1_4' title="bbox 356 1366 1609 1539">
     <span class='ocr_line' id='line_1_10' title="bbox 356 1366 1609 1455; baseline -0.005 -17"><span class='ocrx_word' id='word_1_71' title='bbox 356 1369 526 1438; x_wconf 80' lang='lat' dir='ltr'>htandztra</span> <span class='ocrx_word' id='word_1_72' title='bbox 556 1369 668 1452; x_wconf 85' lang='lat' dir='ltr'>(tnttta</span> <span class='ocrx_word' id='word_1_73' title='bbox 699 1369 871 1455; x_wconf 74' lang='lat' dir='ltr'>retiatonts</span> <span class='ocrx_word' id='word_1_74' title='bbox 905 1367 1114 1437; x_wconf 78' lang='lat' dir='ltr'>christianae</span> <span class='ocrx_word' id='word_1_75' title='bbox 1146 1367 1176 1435; x_wconf 88' lang='lat' dir='ltr'>in</span> <span class='ocrx_word' id='word_1_76' title='bbox 1203 1367 1338 1436; x_wconf 81' lang='lat' dir='ltr'>Potenta</span> <span class='ocrx_word' id='word_1_77' title='bbox 1361 1368 1396 1435; x_wconf 87' lang='lat' dir='ltr'>et</span> <span class='ocrx_word' id='word_1_78' title='bbox 1420 1366 1537 1434; x_wconf 83' lang='lat' dir='ltr'>missio</span> <span class='ocrx_word' id='word_1_79' title='bbox 1562 1366 1609 1432; x_wconf 83' lang='lat' dir='ltr'>tr-</span> 
     </span>
     <span class='ocr_line' id='line_1_11' title="bbox 356 1456 1609 1539; baseline -0.006 -20"><span class='ocrx_word' id='word_1_80' title='bbox 356 1456 513 1539; x_wconf 63' lang='lat' dir='ltr'>immitia),</span> <span class='ocrx_word' id='word_1_81' title='bbox 535 1460 664 1528; x_wconf 83' lang='lat' dir='ltr'>Poana1i‚</span> <span class='ocrx_word' id='word_1_82' title='bbox 690 1463 781 1518; x_wconf 75' lang='lat'>1902.</span> <span class='ocrx_word' id='word_1_83' title='bbox 807 1459 1023 1537; x_wconf 80' lang='lat' dir='ltr'>lieimprcssum</span> <span class='ocrx_word' id='word_1_84' title='bbox 1047 1479 1083 1515; x_wconf 84' lang='lat' dir='ltr'>ex</span> <span class='ocrx_word' id='word_1_85' title='bbox 1109 1457 1265 1515; x_wconf 81' lang='lat' dir='ltr'>annalibus</span> <span class='ocrx_word' id='word_1_86' title='bbox 1284 1459 1490 1535; x_wconf 81' lang='lat' dir='ltr'>posnaniensis</span> <span class='ocrx_word' id='word_1_87' title='bbox 1515 1458 1609 1514; x_wconf 86' lang='lat' dir='ltr'>socie·</span> 
     </span>
    </p>
   </div>
   <div class='ocr_carea' id='block_1_5' title="bbox 354 1543 1611 3267">
    <p class='ocr_par' dir='ltr' id='par_1_5' title="bbox 355 1543 1056 1625">
     <span class='ocr_line' id='line_1_12' title="bbox 355 1543 1056 1625; baseline -0.003 -21"><span class='ocrx_word' id='word_1_88' title='bbox 355 1550 425 1604; x_wconf 89' lang='lat' dir='ltr'>tatis</span> <span class='ocrx_word' id='word_1_89' title='bbox 449 1546 649 1625; x_wconf 64' lang='grc' dir='ltr'>φιλομαθών,</span> <span class='ocrx_word' id='word_1_90' title='bbox 671 1567 738 1623; x_wconf 80' lang='lat' dir='ltr'>pag.</span> <span class='ocrx_word' id='word_1_91' title='bbox 763 1549 810 1603; x_wconf 72' lang='lat'>75.</span> <span class='ocrx_word' id='word_1_92' title='bbox 835 1567 911 1622; x_wconf 81' lang='lat' dir='ltr'>mag.</span> <span class='ocrx_word' id='word_1_93' title='bbox 936 1543 981 1605; x_wconf 85' lang='lat'>8⁰.</span> <span class='ocrx_word' id='word_1_94' title='bbox 1047 1594 1056 1610; x_wconf 80' lang='grc'><em>,</em></span> 
     </span>
    </p>

    <p class='ocr_par' dir='ltr' id='par_1_6' title="bbox 354 1631 1611 3267">
     <span class='ocr_line' id='line_1_13' title="bbox 464 1631 1609 1707; baseline -0.003 -17"><span class='ocrx_word' id='word_1_95' title='bbox 464 1635 538 1691; x_wconf 83' lang='lat' dir='ltr'>Cum</span> <span class='ocrx_word' id='word_1_96' title='bbox 562 1632 729 1690; x_wconf 81' lang='lat' dir='ltr'>dissertatio</span> <span class='ocrx_word' id='word_1_97' title='bbox 754 1634 801 1689; x_wconf 80' lang='lat' dir='ltr'>h&#39;.</span> <span class='ocrx_word' id='word_1_98' title='bbox 826 1631 1013 1702; x_wconf 70' lang='lat' dir='ltr'>h&#39;zezciaiak‚</span> <span class='ocrx_word' id='word_1_99' title='bbox 1037 1631 1073 1688; x_wconf 89' lang='lat' dir='ltr'>de</span> <span class='ocrx_word' id='word_1_100' title='bbox 1097 1652 1155 1707; x_wconf 82' lang='lat' dir='ltr'>qua</span> <span class='ocrx_word' id='word_1_101' title='bbox 1178 1633 1319 1706; x_wconf 80' lang='lat' dir='ltr'>superius,</span> <span class='ocrx_word' id='word_1_102' title='bbox 1355 1632 1494 1705; x_wconf 72' lang='lat' dir='ltr'>negative</span> <span class='ocrx_word' id='word_1_103' title='bbox 1519 1649 1609 1706; x_wconf 57' lang='lat' dir='ltr'>rinae-</span> 
     </span>
     <span class='ocr_line' id='line_1_14' title="bbox 355 1716 1608 1797; baseline -0.005 -19"><span class='ocrx_word' id='word_1_104' title='bbox 355 1723 481 1778; x_wconf 89' lang='lat' dir='ltr'>stiouem</span> <span class='ocrx_word' id='word_1_105' title='bbox 505 1729 617 1790; x_wconf 77' lang='lat' dir='ltr'>tractet,</span> <span class='ocrx_word' id='word_1_106' title='bbox 640 1722 690 1797; x_wconf 89' lang='lat' dir='ltr'>qui</span> <span class='ocrx_word' id='word_1_107' title='bbox 715 1741 772 1777; x_wconf 87' lang='lat' dir='ltr'>non</span> <span class='ocrx_word' id='word_1_108' title='bbox 797 1722 856 1777; x_wconf 86' lang='lat' dir='ltr'>sint</span> <span class='ocrx_word' id='word_1_109' title='bbox 879 1720 1056 1777; x_wconf 90' lang='lat' dir='ltr'>missionarii</span> <span class='ocrx_word' id='word_1_110' title='bbox 1087 1729 1229 1774; x_wconf 86' lang='lat' dir='ltr'>terrarum</span> <span class='ocrx_word' id='word_1_111' title='bbox 1260 1716 1410 1782; x_wconf 82' lang='lat' dir='ltr'>Poloniae,</span> <span class='ocrx_word' id='word_1_112' title='bbox 1434 1716 1608 1793; x_wconf 75' lang='lat' dir='ltr'>‹·›pnscnlum</span> 
     </span>
     <span class='ocr_line' id='line_1_15' title="bbox 355 1804 1611 1884; baseline -0.005 -20"><span class='ocrx_word' id='word_1_113' title='bbox 355 1809 390 1867; x_wconf 84' lang='grc' dir='ltr'>Α,</span> <span class='ocrx_word' id='word_1_114' title='bbox 416 1806 600 1864; x_wconf 80' lang='lat' dir='ltr'>Parcaeuski</span> <span class='ocrx_word' id='word_1_115' title='bbox 624 1818 746 1863; x_wconf 86' lang='lat' dir='ltr'>conatur</span> <span class='ocrx_word' id='word_1_116' title='bbox 768 1806 892 1864; x_wconf 88' lang='lat' dir='ltr'>eandem</span> <span class='ocrx_word' id='word_1_117' title='bbox 918 1808 1118 1884; x_wconf 87' lang='lat' dir='ltr'>quaestionem</span> <span class='ocrx_word' id='word_1_118' title='bbox 1137 1806 1263 1881; x_wconf 87' lang='lat' dir='ltr'>positive</span> <span class='ocrx_word' id='word_1_119' title='bbox 1280 1804 1435 1863; x_wconf 89' lang='lat' dir='ltr'>illustrare.</span> <span class='ocrx_word' id='word_1_120' title='bbox 1460 1804 1495 1859; x_wconf 95' lang='lat' dir='ltr'>ln</span> <span class='ocrx_word' id='word_1_121' title='bbox 1513 1804 1611 1859; x_wconf 86' lang='lat' dir='ltr'>initiis</span> 
     </span>
     <span class='ocr_line' id='line_1_16' title="bbox 355 1889 1610 1971; baseline -0.004 -20"><span class='ocrx_word' id='word_1_122' title='bbox 355 1893 426 1951; x_wconf 88' lang='lat' dir='ltr'>fidei</span> <span class='ocrx_word' id='word_1_123' title='bbox 458 1894 637 1951; x_wconf 84' lang='lat' dir='ltr'>christianae</span> <span class='ocrx_word' id='word_1_124' title='bbox 669 1896 699 1950; x_wconf 93' lang='lat' dir='ltr'>in</span> <span class='ocrx_word' id='word_1_125' title='bbox 727 1894 851 1951; x_wconf 90' lang='lat' dir='ltr'>Polonia</span> <span class='ocrx_word' id='word_1_126' title='bbox 883 1890 1067 1971; x_wconf 69' lang='lat' dir='ltr'>(lacerandis,</span> <span class='ocrx_word' id='word_1_127' title='bbox 1099 1889 1293 1948; x_wconf 87' lang='lat' dir='ltr'>similitudine</span> <span class='ocrx_word' id='word_1_128' title='bbox 1327 1889 1453 1968; x_wconf 87' lang='lat' dir='ltr'>quadam</span> <span class='ocrx_word' id='word_1_129' title='bbox 1478 1911 1516 1946; x_wconf 79' lang='lat' dir='ltr'>ex</span> <span class='ocrx_word' id='word_1_130' title='bbox 1540 1889 1610 1947; x_wconf 89' lang='lat' dir='ltr'>aliis</span> 
     </span>
     <span class='ocr_line' id='line_1_17' title="bbox 356 1977 1610 2057; baseline -0.003 -19"><span class='ocrx_word' id='word_1_131' title='bbox 356 1979 524 2038; x_wconf 87' lang='lat' dir='ltr'>nationibus</span> <span class='ocrx_word' id='word_1_132' title='bbox 549 1982 641 2057; x_wconf 86' lang='lat' dir='ltr'>petita</span> <span class='ocrx_word' id='word_1_133' title='bbox 663 1982 716 2043; x_wconf 72' lang='lat' dir='ltr'>usi„</span> <span class='ocrx_word' id='word_1_134' title='bbox 740 1979 880 2038; x_wconf 88' lang='lat' dir='ltr'>debemus</span> <span class='ocrx_word' id='word_1_135' title='bbox 907 1979 1070 2039; x_wconf 81' lang='lat' dir='ltr'>admittere.</span> <span class='ocrx_word' id='word_1_136' title='bbox 1096 1979 1152 2035; x_wconf 90' lang='lat' dir='ltr'>iam</span> <span class='ocrx_word' id='word_1_137' title='bbox 1177 1998 1194 2034; x_wconf 90' lang='lat' dir='ltr'>a</span> <span class='ocrx_word' id='word_1_138' title='bbox 1219 1979 1351 2054; x_wconf 84' lang='lat' dir='ltr'>plurimis</span> <span class='ocrx_word' id='word_1_139' title='bbox 1383 1979 1469 2034; x_wconf 89' lang='lat' dir='ltr'>annis</span> <span class='ocrx_word' id='word_1_140' title='bbox 1494 1978 1524 2033; x_wconf 91' lang='lat' dir='ltr'>in</span> <span class='ocrx_word' id='word_1_141' title='bbox 1549 1977 1610 2034; x_wconf 92' lang='lat' dir='ltr'>Po·</span> 
     </span>
     <span class='ocr_line' id='line_1_18' title="bbox 355 2062 1608 2143; baseline -0.004 -19"><span class='ocrx_word' id='word_1_142' title='bbox 355 2067 436 2124; x_wconf 85' lang='lat' dir='ltr'>lunia</span> <span class='ocrx_word' id='word_1_143' title='bbox 459 2068 658 2124; x_wconf 88' lang='lat' dir='ltr'>missionarios</span> <span class='ocrx_word' id='word_1_144' title='bbox 682 2065 838 2133; x_wconf 72' lang='lat' dir='ltr'>laborasse,</span> <span class='ocrx_word' id='word_1_145' title='bbox 863 2080 1021 2143; x_wconf 88' lang='lat' dir='ltr'>antequam</span> <span class='ocrx_word' id='word_1_146' title='bbox 1046 2065 1106 2122; x_wconf 83' lang='lat' dir='ltr'>dux</span> <span class='ocrx_word' id='word_1_147' title='bbox 1131 2064 1263 2122; x_wconf 80' lang='lat' dir='ltr'>llieszko</span> <span class='ocrx_word' id='word_1_148' title='bbox 1298 2064 1417 2121; x_wconf 79' lang='lat' dir='ltr'>officiali</span> <span class='ocrx_word' id='word_1_149' title='bbox 1450 2062 1538 2120; x_wconf 88' lang='lat' dir='ltr'>medo</span> <span class='ocrx_word' id='word_1_150' title='bbox 1562 2084 1608 2120; x_wconf 88' lang='lat' dir='ltr'>rc-</span> 
     </span>
     <span class='ocr_line' id='line_1_19' title="bbox 355 2151 1609 2230; baseline -0.003 -19"><span class='ocrx_word' id='word_1_151' title='bbox 355 2155 496 2229; x_wconf 73' lang='lat' dir='ltr'>ligioncm</span> <span class='ocrx_word' id='word_1_152' title='bbox 520 2153 695 2210; x_wconf 88' lang='lat' dir='ltr'>catholicam</span> <span class='ocrx_word' id='word_1_153' title='bbox 727 2154 918 2230; x_wconf 79' lang='lat' dir='ltr'>profiteretur,</span> <span class='ocrx_word' id='word_1_154' title='bbox 951 2154 1106 2210; x_wconf 69' lang='lat' dir='ltr'>Sententia</span> <span class='ocrx_word' id='word_1_155' title='bbox 1137 2151 1174 2208; x_wconf 93' lang='lat' dir='ltr'>dc</span> <span class='ocrx_word' id='word_1_156' title='bbox 1205 2151 1318 2208; x_wconf 84' lang='lat' dir='ltr'>slavica</span> <span class='ocrx_word' id='word_1_157' title='bbox 1353 2152 1467 2224; x_wconf 70' lang='lat' dir='ltr'>origine</span> <span class='ocrx_word' id='word_1_158' title='bbox 1492 2151 1609 2207; x_wconf 85' lang='lat' dir='ltr'>missio-</span> 
     </span>
     <span class='ocr_line' id='line_1_20' title="bbox 354 2236 1609 2314; baseline -0.003 -17"><span class='ocrx_word' id='word_1_159' title='bbox 354 2243 502 2298; x_wconf 89' lang='lat' dir='ltr'>nariornm</span> <span class='ocrx_word' id='word_1_160' title='bbox 527 2242 558 2297; x_wconf 90' lang='lat' dir='ltr'>in</span> <span class='ocrx_word' id='word_1_161' title='bbox 581 2239 706 2297; x_wconf 88' lang='lat' dir='ltr'>Polonia</span> <span class='ocrx_word' id='word_1_162' title='bbox 737 2242 853 2309; x_wconf 82' lang='lat' dir='ltr'>reiecta,</span> <span class='ocrx_word' id='word_1_163' title='bbox 883 2239 1068 2297; x_wconf 80' lang='lat' dir='ltr'>Parcacwski</span> <span class='ocrx_word' id='word_1_164' title='bbox 1098 2259 1134 2295; x_wconf 85' lang='lat' dir='ltr'>ex</span> <span class='ocrx_word' id='word_1_165' title='bbox 1160 2249 1241 2314; x_wconf 90' lang='lat' dir='ltr'>parte</span> <span class='ocrx_word' id='word_1_166' title='bbox 1266 2239 1399 2313; x_wconf 78' lang='lat' dir='ltr'>vestigiis</span> <span class='ocrx_word' id='word_1_167' title='bbox 1423 2238 1497 2314; x_wconf 84' lang='lat' dir='ltr'>prof.</span> <span class='ocrx_word' id='word_1_168' title='bbox 1523 2236 1609 2311; x_wconf 81' lang='lat' dir='ltr'>Woj-</span> 
     </span>
     <span class='ocr_line' id='line_1_21' title="bbox 355 2322 1611 2403; baseline -0.004 -18"><span class='ocrx_word' id='word_1_169' title='bbox 355 2326 535 2385; x_wconf 70' lang='lat' dir='ltr'>cs‘echowski</span> <span class='ocrx_word' id='word_1_170' title='bbox 560 2341 587 2382; x_wconf 87' lang='lat' dir='ltr'>et</span> <span class='ocrx_word' id='word_1_171' title='bbox 611 2325 684 2403; x_wconf 86' lang='lat' dir='ltr'>prof.</span> <span class='ocrx_word' id='word_1_172' title='bbox 706 2326 857 2383; x_wconf 80' lang='lat' dir='ltr'>Abraham</span> <span class='ocrx_word' id='word_1_173' title='bbox 882 2328 1029 2383; x_wconf 86' lang='lat' dir='ltr'>insistens.</span> <span class='ocrx_word' id='word_1_174' title='bbox 1053 2346 1090 2381; x_wconf 84' lang='lat' dir='ltr'>ex</span> <span class='ocrx_word' id='word_1_175' title='bbox 1113 2337 1195 2401; x_wconf 89' lang='lat' dir='ltr'>parte</span> <span class='ocrx_word' id='word_1_176' title='bbox 1216 2326 1340 2401; x_wconf 87' lang='lat' dir='ltr'>propriis</span> <span class='ocrx_word' id='word_1_177' title='bbox 1364 2322 1469 2380; x_wconf 89' lang='lat' dir='ltr'>studiis</span> <span class='ocrx_word' id='word_1_178' title='bbox 1486 2325 1611 2380; x_wconf 83' lang='lat' dir='ltr'>innixas</span> 
     </span>
     <span class='ocr_line' id='line_1_22' title="bbox 355 2410 1608 2492; baseline -0.003 -21"><span class='ocrx_word' id='word_1_179' title='bbox 355 2418 464 2492; x_wconf 90' lang='lat' dir='ltr'>primos</span> <span class='ocrx_word' id='word_1_180' title='bbox 488 2415 689 2471; x_wconf 88' lang='lat' dir='ltr'>missionarios</span> <span class='ocrx_word' id='word_1_181' title='bbox 715 2412 928 2482; x_wconf 76' lang='lat' dir='ltr'>Neo-Corbeia,</span> <span class='ocrx_word' id='word_1_182' title='bbox 958 2410 1076 2471; x_wconf 76' lang='lat' dir='ltr'>leodio.</span> <span class='ocrx_word' id='word_1_183' title='bbox 1112 2410 1215 2478; x_wconf 77' lang='lat' dir='ltr'>Fnlda</span> <span class='ocrx_word' id='word_1_184' title='bbox 1242 2410 1402 2468; x_wconf 83' lang='lat' dir='ltr'>llatishona</span> <span class='ocrx_word' id='word_1_185' title='bbox 1425 2423 1453 2466; x_wconf 88' lang='lat' dir='ltr'>et</span> <span class='ocrx_word' id='word_1_186' title='bbox 1479 2410 1608 2467; x_wconf 70' lang='lat' dir='ltr'>Colonia</span> 
     </span>
     <span class='ocr_line' id='line_1_23' title="bbox 355 2496 1611 2576; baseline -0.005 -18"><span class='ocrx_word' id='word_1_187' title='bbox 355 2504 385 2558; x_wconf 90' lang='lat' dir='ltr'>in</span> <span class='ocrx_word' id='word_1_188' title='bbox 410 2501 564 2558; x_wconf 81' lang='lat' dir='ltr'>l’oloniam</span> <span class='ocrx_word' id='word_1_189' title='bbox 589 2498 746 2556; x_wconf 83' lang='lat' dir='ltr'>advenisse</span> <span class='ocrx_word' id='word_1_190' title='bbox 769 2500 959 2557; x_wconf 88' lang='lat' dir='ltr'>demonstrat.</span> <span class='ocrx_word' id='word_1_191' title='bbox 985 2498 1168 2576; x_wconf 78' lang='lat' dir='ltr'>Hypothesis</span> <span class='ocrx_word' id='word_1_192' title='bbox 1185 2498 1258 2554; x_wconf 84' lang='lat' dir='ltr'>haec</span> <span class='ocrx_word' id='word_1_193' title='bbox 1275 2518 1382 2573; x_wconf 77' lang='lat' dir='ltr'>magna</span> <span class='ocrx_word' id='word_1_194' title='bbox 1405 2496 1456 2553; x_wconf 89' lang='lat' dir='ltr'>illa</span> <span class='ocrx_word' id='word_1_195' title='bbox 1481 2499 1611 2553; x_wconf 88' lang='lat' dir='ltr'>auctori·</span> 
     </span>
     <span class='ocr_line' id='line_1_24' title="bbox 356 2584 1610 2665; baseline -0.004 -21"><span class='ocrx_word' id='word_1_196' title='bbox 356 2597 424 2654; x_wconf 78' lang='lat' dir='ltr'>tate,</span> <span class='ocrx_word' id='word_1_197' title='bbox 449 2608 536 2665; x_wconf 88' lang='lat' dir='ltr'>quam</span> <span class='ocrx_word' id='word_1_198' title='bbox 560 2587 702 2644; x_wconf 88' lang='lat' dir='ltr'>ecclesiae</span> <span class='ocrx_word' id='word_1_199' title='bbox 726 2587 795 2644; x_wconf 91' lang='lat' dir='ltr'>illae</span> <span class='ocrx_word' id='word_1_200' title='bbox 818 2588 850 2644; x_wconf 89' lang='lat' dir='ltr'>in</span> <span class='ocrx_word' id='word_1_201' title='bbox 873 2585 1001 2643; x_wconf 85' lang='lat' dir='ltr'>dioecesi</span> <span class='ocrx_word' id='word_1_202' title='bbox 1027 2585 1217 2642; x_wconf 77' lang='lat' dir='ltr'>Craeoviensi</span> <span class='ocrx_word' id='word_1_203' title='bbox 1238 2595 1266 2641; x_wconf 89' lang='lat' dir='ltr'>et</span> <span class='ocrx_word' id='word_1_204' title='bbox 1283 2594 1345 2642; x_wconf 87' lang='lat' dir='ltr'>tota</span> <span class='ocrx_word' id='word_1_205' title='bbox 1369 2584 1492 2641; x_wconf 89' lang='lat' dir='ltr'>Polenia</span> <span class='ocrx_word' id='word_1_206' title='bbox 1517 2586 1610 2641; x_wconf 87' lang='lat' dir='ltr'>etiam</span> 
     </span>
     <span class='ocr_line' id='line_1_25' title="bbox 355 2669 1611 2751; baseline -0.001 -23"><span class='ocrx_word' id='word_1_207' title='bbox 355 2689 456 2751; x_wconf 73' lang='lat' dir='ltr'>persica</span> <span class='ocrx_word' id='word_1_208' title='bbox 480 2696 532 2751; x_wconf 71' lang='lat' dir='ltr'>per</span> <span class='ocrx_word' id='word_1_209' title='bbox 554 2673 611 2731; x_wconf 73' lang='lat' dir='ltr'>dat)</span> <span class='ocrx_word' id='word_1_210' title='bbox 636 2674 759 2742; x_wconf 80' lang='lat' dir='ltr'>saecula,</span> <span class='ocrx_word' id='word_1_211' title='bbox 783 2674 852 2730; x_wconf 90' lang='lat' dir='ltr'>licet</span> <span class='ocrx_word' id='word_1_212' title='bbox 877 2675 1018 2730; x_wconf 89' lang='lat' dir='ltr'>minorem</span> <span class='ocrx_word' id='word_1_213' title='bbox 1044 2674 1073 2728; x_wconf 88' lang='lat' dir='ltr'>in</span> <span class='ocrx_word' id='word_1_214' title='bbox 1097 2670 1169 2740; x_wconf 76' lang='lat' dir='ltr'>dies,</span> <span class='ocrx_word' id='word_1_215' title='bbox 1185 2683 1378 2729; x_wconf 81' lang='lat' dir='ltr'>exercuerant</span> <span class='ocrx_word' id='word_1_216' title='bbox 1400 2669 1548 2748; x_wconf 88' lang='lat' dir='ltr'>probatur.</span> <span class='ocrx_word' id='word_1_217' title='bbox 1573 2672 1611 2727; x_wconf 86' lang='lat' dir='ltr'>In</span> 
     </span>
     <span class='ocr_line' id='line_1_26' title="bbox 355 2758 1610 2837; baseline -0.002 -21"><span class='ocrx_word' id='word_1_218' title='bbox 355 2761 481 2817; x_wconf 87' lang='lat' dir='ltr'>Polonia</span> <span class='ocrx_word' id='word_1_219' title='bbox 514 2781 582 2816; x_wconf 78' lang='lat' dir='ltr'>vera</span> <span class='ocrx_word' id='word_1_220' title='bbox 617 2760 674 2818; x_wconf 88' lang='lat' dir='ltr'>tide</span> <span class='ocrx_word' id='word_1_221' title='bbox 707 2760 866 2817; x_wconf 87' lang='lat' dir='ltr'>imbuenda</span> <span class='ocrx_word' id='word_1_222' title='bbox 901 2762 1008 2837; x_wconf 89' lang='lat' dir='ltr'>primas</span> <span class='ocrx_word' id='word_1_223' title='bbox 1047 2773 1143 2835; x_wconf 83' lang='lat' dir='ltr'>partes</span> <span class='ocrx_word' id='word_1_224' title='bbox 1181 2758 1345 2815; x_wconf 85' lang='lat' dir='ltr'>habuerant</span> <span class='ocrx_word' id='word_1_225' title='bbox 1369 2759 1546 2814; x_wconf 89' lang='lat' dir='ltr'>missionarii</span> <span class='ocrx_word' id='word_1_226' title='bbox 1572 2778 1610 2814; x_wconf 77' lang='lat' dir='ltr'>ex</span> 
     </span>
     <span class='ocr_line' id='line_1_27' title="bbox 358 2844 1611 2923; baseline -0.002 -20"><span class='ocrx_word' id='word_1_227' title='bbox 358 2846 513 2909; x_wconf 82' lang='lat' dir='ltr'>Hibernia.</span> <span class='ocrx_word' id='word_1_228' title='bbox 538 2847 649 2904; x_wconf 88' lang='lat' dir='ltr'>ordinis</span> <span class='ocrx_word' id='word_1_229' title='bbox 674 2870 695 2903; x_wconf 92' lang='lat' dir='ltr'>s.</span> <span class='ocrx_word' id='word_1_230' title='bbox 720 2847 882 2915; x_wconf 72' lang='lat' dir='ltr'>Benedicti,</span> <span class='ocrx_word' id='word_1_231' title='bbox 907 2845 984 2923; x_wconf 86' lang='lat' dir='ltr'>quod</span> <span class='ocrx_word' id='word_1_232' title='bbox 1009 2846 1055 2902; x_wconf 82' lang='lat' dir='ltr'>vel</span> <span class='ocrx_word' id='word_1_233' title='bbox 1079 2866 1114 2901; x_wconf 86' lang='lat' dir='ltr'>ex</span> <span class='ocrx_word' id='word_1_234' title='bbox 1141 2844 1308 2903; x_wconf 88' lang='lat' dir='ltr'>nominibus</span> <span class='ocrx_word' id='word_1_235' title='bbox 1329 2846 1508 2902; x_wconf 83' lang='lat' dir='ltr'>nronasticis.</span> <span class='ocrx_word' id='word_1_236' title='bbox 1532 2864 1611 2920; x_wconf 84' lang='lat' dir='ltr'>quae</span> 
     </span>
     <span class='ocr_line' id='line_1_28' title="bbox 356 2930 1611 2991; baseline -0.001 -2"><span class='ocrx_word' id='word_1_237' title='bbox 356 2936 447 2990; x_wconf 85' lang='lat' dir='ltr'>variis</span> <span class='ocrx_word' id='word_1_238' title='bbox 471 2936 668 2990; x_wconf 82' lang='lat' dir='ltr'>nrorrumeutis</span> <span class='ocrx_word' id='word_1_239' title='bbox 692 2933 871 2991; x_wconf 82' lang='lat' dir='ltr'>exhihentur</span> <span class='ocrx_word' id='word_1_240' title='bbox 894 2933 1083 2991; x_wconf 88' lang='lat' dir='ltr'>manifestum</span> <span class='ocrx_word' id='word_1_241' title='bbox 1111 2944 1163 2991; x_wconf 88' lang='lat' dir='ltr'>est.</span> <span class='ocrx_word' id='word_1_242' title='bbox 1200 2933 1283 2989; x_wconf 88' lang='lat' dir='ltr'>Haec</span> <span class='ocrx_word' id='word_1_243' title='bbox 1312 2930 1477 2989; x_wconf 80' lang='lat' dir='ltr'>Hiberniae</span> <span class='ocrx_word' id='word_1_244' title='bbox 1508 2930 1611 2988; x_wconf 86' lang='lat' dir='ltr'>studia</span> 
     </span>
     <span class='ocr_line' id='line_1_29' title="bbox 356 3015 1610 3097; baseline -0.002 -22"><span class='ocrx_word' id='word_1_245' title='bbox 356 3020 472 3076; x_wconf 81' lang='lat' dir='ltr'>dearum</span> <span class='ocrx_word' id='word_1_246' title='bbox 505 3022 534 3075; x_wconf 89' lang='lat' dir='ltr'>in</span> <span class='ocrx_word' id='word_1_247' title='bbox 567 3019 695 3077; x_wconf 86' lang='lat' dir='ltr'>secunda</span> <span class='ocrx_word' id='word_1_248' title='bbox 723 3041 797 3083; x_wconf 76' lang='lat' dir='ltr'>saco,</span> <span class='ocrx_word' id='word_1_249' title='bbox 829 3021 893 3077; x_wconf 76' lang='lat' dir='ltr'>xli</span> <span class='ocrx_word' id='word_1_250' title='bbox 925 3030 1007 3097; x_wconf 71' lang='lat' dir='ltr'>[tarto</span> <span class='ocrx_word' id='word_1_251' title='bbox 1038 3021 1171 3076; x_wconf 85' lang='lat' dir='ltr'>extincta</span> <span class='ocrx_word' id='word_1_252' title='bbox 1194 3029 1270 3086; x_wconf 82' lang='lat' dir='ltr'>sunt,</span> <span class='ocrx_word' id='word_1_253' title='bbox 1293 3039 1357 3076; x_wconf 90' lang='lat' dir='ltr'>cum</span> <span class='ocrx_word' id='word_1_254' title='bbox 1383 3021 1412 3074; x_wconf 92' lang='lat' dir='ltr'>in</span> <span class='ocrx_word' id='word_1_255' title='bbox 1437 3015 1610 3074; x_wconf 86' lang='lat' dir='ltr'>Benedicti-</span> 
     </span>
     <span class='ocr_line' id='line_1_30' title="bbox 356 3106 1609 3183; baseline -0.002 -20"><span class='ocrx_word' id='word_1_256' title='bbox 356 3127 458 3163; x_wconf 88' lang='lat' dir='ltr'>norum</span> <span class='ocrx_word' id='word_1_257' title='bbox 482 3109 665 3183; x_wconf 74' lang='lat' dir='ltr'>provinciam</span> <span class='ocrx_word' id='word_1_258' title='bbox 687 3107 805 3165; x_wconf 84' lang='lat' dir='ltr'>ordines</span> <span class='ocrx_word' id='word_1_259' title='bbox 822 3108 1063 3164; x_wconf 65' lang='lat' dir='ltr'>(isterciensium</span> <span class='ocrx_word' id='word_1_260' title='bbox 1081 3118 1109 3162; x_wconf 89' lang='lat' dir='ltr'>et</span> <span class='ocrx_word' id='word_1_261' title='bbox 1125 3106 1460 3163; x_wconf 85' lang='lat' dir='ltr'>Praemonstratensinm</span> <span class='ocrx_word' id='word_1_262' title='bbox 1479 3106 1609 3179; x_wconf 79' lang='lat' dir='ltr'>ingressi</span> 
     </span>
     <span class='ocr_line' id='line_1_31' title="bbox 356 3192 1562 3267; baseline -0.003 -16"><span class='ocrx_word' id='word_1_263' title='bbox 356 3206 431 3251; x_wconf 79' lang='lat' dir='ltr'>sirm.</span> <span class='ocrx_word' id='word_1_264' title='bbox 1534 3192 1562 3267; x_wconf 73' lang='grc' dir='ltr'>Γι.</span> 
     </span>
    </p>
   </div>
   <div class='ocr_carea' id='block_1_6' title="bbox 355 3325 1604 3502">
    <p class='ocr_par' dir='ltr' id='par_1_7' title="bbox 355 3325 1604 3502">
     <span class='ocr_line' id='line_1_32' title="bbox 467 3325 1604 3411; baseline -0.001 -19"><span class='ocrx_word' id='word_1_265' title='bbox 467 3327 523 3392; x_wconf 79' lang='lat' dir='ltr'>Ka.</span> <span class='ocrx_word' id='word_1_266' title='bbox 546 3327 625 3392; x_wconf 64' lang='lat' dir='ltr'>‹Jua</span> <span class='ocrx_word' id='word_1_267' title='bbox 651 3326 941 3391; x_wconf 78' lang='lat' dir='ltr'>Rostruurowslei</span> <span class='ocrx_word' id='word_1_268' title='bbox 969 3327 1002 3391; x_wconf 89' lang='grc' dir='ltr'>Τ.</span> <span class='ocrx_word' id='word_1_269' title='bbox 1025 3327 1059 3392; x_wconf 82' lang='lat' dir='ltr'>J.</span> <span class='ocrx_word' id='word_1_270' title='bbox 1069 3349 1080 3390; x_wconf 93' lang='lat'>.·</span> <span class='ocrx_word' id='word_1_271' title='bbox 1105 3328 1128 3394; x_wconf 92' lang='grc' dir='ltr'><strong><em>Ζ</em></strong></span> <span class='ocrx_word' id='word_1_272' title='bbox 1153 3327 1290 3411; x_wconf 86' lang='lat' dir='ltr'>nowycb</span> <span class='ocrx_word' id='word_1_273' title='bbox 1306 3326 1496 3395; x_wconf 84' lang='lat' dir='ltr'>ltierttnlttiw</span> <span class='ocrx_word' id='word_1_274' title='bbox 1510 3325 1604 3411; x_wconf 72' lang='lat' dir='ltr'>mysli</span> 
     </span>
     <span class='ocr_line' id='line_1_33' title="bbox 355 3416 1604 3502; baseline -0.002 -24"><span class='ocrx_word' id='word_1_275' title='bbox 355 3416 554 3502; x_wconf 77' lang='lat' dir='ltr'>italolicltiej.</span> <span class='ocrx_word' id='word_1_276' title='bbox 579 3419 637 3495; x_wconf 86' lang='lat' dir='ltr'>(Dc</span> <span class='ocrx_word' id='word_1_277' title='bbox 661 3417 872 3475; x_wconf 89' lang='lat' dir='ltr'>recentioribus</span> <span class='ocrx_word' id='word_1_278' title='bbox 895 3417 1065 3483; x_wconf 75' lang='lat' dir='ltr'>rationibus,</span> <span class='ocrx_word' id='word_1_279' title='bbox 1089 3440 1160 3496; x_wconf 70' lang='lat' dir='ltr'>(laras</span> <span class='ocrx_word' id='word_1_280' title='bbox 1180 3438 1261 3475; x_wconf 77' lang='lat' dir='ltr'>triens</span> <span class='ocrx_word' id='word_1_281' title='bbox 1285 3417 1431 3474; x_wconf 72' lang='lat' dir='ltr'>catholica·</span> <span class='ocrx_word' id='word_1_282' title='bbox 1451 3418 1604 3493; x_wconf 73' lang='lat' dir='ltr'>sequitur).</span> 
     </span>
    </p>
   </div>
   <div class='ocr_carea' id='block_1_7' title="bbox 354 3501 935 3582">
    <p class='ocr_par' dir='ltr' id='par_1_8' title="bbox 354 3501 935 3582">
     <span class='ocr_line' id='line_1_34' title="bbox 354 3501 935 3582; baseline -0.002 -20"><span class='ocrx_word' id='word_1_283' title='bbox 354 3506 494 3572; x_wconf 69' lang='lat' dir='ltr'>lirakdu‘,</span> <span class='ocrx_word' id='word_1_284' title='bbox 523 3511 612 3576; x_wconf 64' lang='lat' dir='ltr'>littae,</span> <span class='ocrx_word' id='word_1_285' title='bbox 636 3526 700 3582; x_wconf 83' lang='lat' dir='ltr'>pag.</span> <span class='ocrx_word' id='word_1_286' title='bbox 727 3509 765 3561; x_wconf 77' lang='lat'>52</span> <span class='ocrx_word' id='word_1_287' title='bbox 790 3526 867 3581; x_wconf 77' lang='lat' dir='ltr'>mag.</span> <span class='ocrx_word' id='word_1_288' title='bbox 892 3501 935 3562; x_wconf 73' lang='lat'>8⁰.</span> 
     </span>
    </p>
   </div>
   <div class='ocr_carea' id='block_1_8' title="bbox 353 3621 1603 3790">
    <p class='ocr_par' dir='ltr' id='par_1_9' title="bbox 353 3621 1603 3790">
     <span class='ocr_line' id='line_1_35' title="bbox 463 3621 1603 3706; baseline -0.005 -20"><span class='ocrx_word' id='word_1_289' title='bbox 463 3621 588 3687; x_wconf 75' lang='lat' dir='ltr'>Idem:</span> <span class='ocrx_word' id='word_1_290' title='bbox 622 3622 789 3706; x_wconf 73' lang='lat' dir='ltr'>[ibfltaltty</span> <span class='ocrx_word' id='word_1_291' title='bbox 821 3622 1017 3706; x_wconf 76' lang='lat' dir='ltr'>ltalolicyzm</span> <span class='ocrx_word' id='word_1_292' title='bbox 1050 3626 1108 3690; x_wconf 79' lang='lat' dir='ltr'>ille</span> <span class='ocrx_word' id='word_1_293' title='bbox 1137 3626 1338 3683; x_wconf 89' lang='lat' dir='ltr'>catholicismo</span> <span class='ocrx_word' id='word_1_294' title='bbox 1362 3625 1500 3694; x_wconf 75' lang='lat' dir='ltr'>liberali),</span> <span class='ocrx_word' id='word_1_295' title='bbox 1525 3625 1603 3681; x_wconf 62' lang='lat' dir='ltr'>lira-</span> 
     </span>
     <span class='ocr_line' id='line_1_36' title="bbox 353 3708 873 3790; baseline 0.002 -23"><span class='ocrx_word' id='word_1_296' title='bbox 353 3713 429 3780; x_wconf 73' lang='lat' dir='ltr'>keo,</span> <span class='ocrx_word' id='word_1_297' title='bbox 457 3716 547 3784; x_wconf 72' lang='lat' dir='ltr'>letae,</span> <span class='ocrx_word' id='word_1_298' title='bbox 572 3734 637 3790; x_wconf 84' lang='lat' dir='ltr'>pag.</span> <span class='ocrx_word' id='word_1_299' title='bbox 662 3716 702 3770; x_wconf 76' lang='lat' dir='ltr'>ue</span> <span class='ocrx_word' id='word_1_300' title='bbox 727 3734 802 3788; x_wconf 82' lang='lat' dir='ltr'>mag.</span> <span class='ocrx_word' id='word_1_301' title='bbox 828 3708 873 3768; x_wconf 74' lang='lat'>8⁰.</span> 
     </span>
    </p>
   </div>
   <div class='ocr_carea' id='block_1_9' title="bbox 353 3833 1605 4790">
    <p class='ocr_par' dir='ltr' id='par_1_10' title="bbox 353 3833 1605 4790">
     <span class='ocr_line' id='line_1_37' title="bbox 466 3833 1605 3912; baseline -0.003 -21"><span class='ocrx_word' id='word_1_302' title='bbox 466 3835 562 3891; x_wconf 70' lang='lat' dir='ltr'>Amlm</span> <span class='ocrx_word' id='word_1_303' title='bbox 589 3834 680 3891; x_wconf 88' lang='lat' dir='ltr'>libelli</span> <span class='ocrx_word' id='word_1_304' title='bbox 706 3856 721 3891; x_wconf 88' lang='lat' dir='ltr'>e</span> <span class='ocrx_word' id='word_1_305' title='bbox 745 3833 1042 3892; x_wconf 84' lang='lat' dir='ltr'>commentationibus</span> <span class='ocrx_word' id='word_1_306' title='bbox 1066 3837 1225 3912; x_wconf 86' lang='lat' dir='ltr'>separatim</span> <span class='ocrx_word' id='word_1_307' title='bbox 1246 3833 1342 3905; x_wconf 89' lang='lat' dir='ltr'>editis,</span> <span class='ocrx_word' id='word_1_308' title='bbox 1366 3854 1440 3911; x_wconf 87' lang='lat' dir='ltr'>quae</span> <span class='ocrx_word' id='word_1_309' title='bbox 1463 3836 1495 3890; x_wconf 93' lang='lat' dir='ltr'>in</span> <span class='ocrx_word' id='word_1_310' title='bbox 1519 3853 1605 3909; x_wconf 85' lang='lat' dir='ltr'>opere</span> 
     </span>
     <span class='ocr_line' id='line_1_38' title="bbox 354 3919 1604 4000; baseline -0.001 -24"><span class='ocrx_word' id='word_1_311' title='bbox 354 3921 502 3999; x_wconf 85' lang='lat' dir='ltr'>periodica</span> <span class='ocrx_word' id='word_1_312' title='bbox 530 3921 767 3997; x_wconf 72' lang='lat' dir='ltr'>„Praeglad</span> <span class='ocrx_word' id='word_1_313' title='bbox 791 3922 1106 4000; x_wconf 66' lang='lat' dir='ltr'>Powszcclrny*</span> <span class='ocrx_word' id='word_1_314' title='bbox 1135 3924 1259 3978; x_wconf 87' lang='lat' dir='ltr'>emissae</span> <span class='ocrx_word' id='word_1_315' title='bbox 1277 3930 1369 3980; x_wconf 85' lang='lat' dir='ltr'>erant.</span> <span class='ocrx_word' id='word_1_316' title='bbox 1392 3919 1509 3977; x_wconf 86' lang='lat' dir='ltr'>contiati</span> <span class='ocrx_word' id='word_1_317' title='bbox 1530 3929 1604 3976; x_wconf 78' lang='lat' dir='ltr'>sunt</span> 
     </span>
     <span class='ocr_line' id='line_1_39' title="bbox 354 4001 1604 4086; baseline -0.002 -22"><span class='ocrx_word' id='word_1_318' title='bbox 354 4008 518 4067; x_wconf 76' lang='lat' dir='ltr'>Occasione</span> <span class='ocrx_word' id='word_1_319' title='bbox 547 4008 697 4066; x_wconf 88' lang='lat' dir='ltr'>cuiusdam</span> <span class='ocrx_word' id='word_1_320' title='bbox 731 4007 824 4065; x_wconf 86' lang='lat' dir='ltr'>libelli</span> <span class='ocrx_word' id='word_1_321' title='bbox 847 4010 921 4086; x_wconf 87' lang='lat' dir='ltr'>prof,</span> <span class='ocrx_word' id='word_1_322' title='bbox 945 4001 1175 4076; x_wconf 71' lang='lat' dir='ltr'>Zdniechowski</span> <span class='ocrx_word' id='word_1_323' title='bbox 1210 4010 1260 4084; x_wconf 85' lang='lat' dir='ltr'>qui</span> <span class='ocrx_word' id='word_1_324' title='bbox 1283 4006 1453 4064; x_wconf 85' lang='lat' dir='ltr'>inscribitur</span> <span class='ocrx_word' id='word_1_325' title='bbox 1491 4006 1604 4078; x_wconf 67' lang='lat' dir='ltr'>„Pestis</span> 
     </span>
     <span class='ocr_line' id='line_1_40' title="bbox 354 4092 1602 4173; baseline -0.002 -23"><span class='ocrx_word' id='word_1_326' title='bbox 354 4096 593 4172; x_wconf 78' lang='lat' dir='ltr'>pe1·nieiossima“</span> <span class='ocrx_word' id='word_1_327' title='bbox 621 4094 698 4160; x_wconf 80' lang='lat' dir='ltr'>data,</span> <span class='ocrx_word' id='word_1_328' title='bbox 722 4095 950 4153; x_wconf 80' lang='lat' dir='ltr'>liostworowski</span> <span class='ocrx_word' id='word_1_329' title='bbox 980 4097 1073 4173; x_wconf 89' lang='lat' dir='ltr'>primo</span> <span class='ocrx_word' id='word_1_330' title='bbox 1096 4094 1197 4152; x_wconf 91' lang='lat' dir='ltr'>libello</span> <span class='ocrx_word' id='word_1_331' title='bbox 1229 4093 1362 4151; x_wconf 86' lang='lat' dir='ltr'>defendit</span> <span class='ocrx_word' id='word_1_332' title='bbox 1384 4092 1602 4150; x_wconf 89' lang='lat' dir='ltr'>traditionalem</span> 
     </span>
     <span class='ocr_line' id='line_1_41' title="bbox 356 4178 1602 4256; baseline -0.004 -17"><span class='ocrx_word' id='word_1_333' title='bbox 356 4180 526 4239; x_wconf 88' lang='lat' dir='ltr'>methodum</span> <span class='ocrx_word' id='word_1_334' title='bbox 562 4181 713 4256; x_wconf 79' lang='lat' dir='ltr'>religionis</span> <span class='ocrx_word' id='word_1_335' title='bbox 747 4182 928 4239; x_wconf 84' lang='lat' dir='ltr'>christianae</span> <span class='ocrx_word' id='word_1_336' title='bbox 962 4181 1217 4247; x_wconf 74' lang='lat' dir='ltr'>demonstrandae,</span> <span class='ocrx_word' id='word_1_337' title='bbox 1242 4181 1371 4238; x_wconf 83' lang='lat' dir='ltr'>valorem</span> <span class='ocrx_word' id='word_1_338' title='bbox 1394 4178 1602 4237; x_wconf 87' lang='lat' dir='ltr'>intellectualis</span> 
     </span>
     <span class='ocr_line' id='line_1_42' title="bbox 354 4266 1602 4346; baseline -0.005 -20"><span class='ocrx_word' id='word_1_339' title='bbox 354 4267 464 4326; x_wconf 86' lang='lat' dir='ltr'>laboris</span> <span class='ocrx_word' id='word_1_340' title='bbox 489 4270 518 4324; x_wconf 92' lang='lat' dir='ltr'>in</span> <span class='ocrx_word' id='word_1_341' title='bbox 543 4266 740 4344; x_wconf 87' lang='lat' dir='ltr'>praeambulis</span> <span class='ocrx_word' id='word_1_342' title='bbox 770 4268 837 4325; x_wconf 86' lang='lat' dir='ltr'>fidei</span> <span class='ocrx_word' id='word_1_343' title='bbox 870 4268 1007 4333; x_wconf 78' lang='lat' dir='ltr'>ostendit,</span> <span class='ocrx_word' id='word_1_344' title='bbox 1042 4268 1078 4326; x_wconf 92' lang='lat' dir='ltr'>dc</span> <span class='ocrx_word' id='word_1_345' title='bbox 1110 4268 1212 4326; x_wconf 90' lang='lat' dir='ltr'>habitu</span> <span class='ocrx_word' id='word_1_346' title='bbox 1236 4270 1312 4325; x_wconf 88' lang='lat' dir='ltr'>inter</span> <span class='ocrx_word' id='word_1_347' title='bbox 1335 4268 1552 4346; x_wconf 87' lang='lat' dir='ltr'>philosophiam</span> <span class='ocrx_word' id='word_1_348' title='bbox 1574 4274 1602 4321; x_wconf 92' lang='lat' dir='ltr'>et</span> 
     </span>
     <span class='ocr_line' id='line_1_43' title="bbox 353 4353 1601 4433; baseline -0.002 -21"><span class='ocrx_word' id='word_1_349' title='bbox 353 4354 534 4430; x_wconf 78' lang='lat' dir='ltr'>theologiam</span> <span class='ocrx_word' id='word_1_350' title='bbox 569 4353 695 4422; x_wconf 84' lang='lat' dir='ltr'>disserit,</span> <span class='ocrx_word' id='word_1_351' title='bbox 727 4355 856 4432; x_wconf 88' lang='lat' dir='ltr'>ineptam</span> <span class='ocrx_word' id='word_1_352' title='bbox 900 4376 964 4414; x_wconf 90' lang='lat' dir='ltr'>esse</span> <span class='ocrx_word' id='word_1_353' title='bbox 995 4356 1075 4413; x_wconf 91' lang='lat' dir='ltr'>iliam</span> <span class='ocrx_word' id='word_1_354' title='bbox 1119 4356 1320 4433; x_wconf 82' lang='lat' dir='ltr'>apologeticae</span> <span class='ocrx_word' id='word_1_355' title='bbox 1355 4358 1497 4412; x_wconf 87' lang='lat' dir='ltr'>rationem</span> <span class='ocrx_word' id='word_1_356' title='bbox 1530 4372 1601 4430; x_wconf 69' lang='lat' dir='ltr'>(puae</span> 
     </span>
     <span class='ocr_line' id='line_1_44' title="bbox 359 4441 1601 4519; baseline -0.002 -22"><span class='ocrx_word' id='word_1_357' title='bbox 359 4441 686 4514; x_wconf 59' lang='lat' dir='ltr'>„intellectualismuw</span> <span class='ocrx_word' id='word_1_358' title='bbox 715 4443 803 4497; x_wconf 90' lang='lat' dir='ltr'>nimis</span> <span class='ocrx_word' id='word_1_359' title='bbox 827 4442 965 4519; x_wconf 88' lang='lat' dir='ltr'>deprimit</span> <span class='ocrx_word' id='word_1_360' title='bbox 988 4443 1034 4499; x_wconf 87' lang='lat' dir='ltr'>vel</span> <span class='ocrx_word' id='word_1_361' title='bbox 1060 4445 1202 4519; x_wconf 84' lang='lat' dir='ltr'>principis</span> <span class='ocrx_word' id='word_1_362' title='bbox 1233 4441 1496 4500; x_wconf 82' lang='lat' dir='ltr'>neo-kantianismi</span> <span class='ocrx_word' id='word_1_363' title='bbox 1527 4441 1601 4496; x_wconf 88' lang='lat' dir='ltr'>inni-</span> 
     </span>
     <span class='ocr_line' id='line_1_45' title="bbox 353 4526 1597 4600; baseline -0.004 -14"><span class='ocrx_word' id='word_1_364' title='bbox 353 4531 433 4597; x_wconf 86' lang='lat' dir='ltr'>titur,</span> <span class='ocrx_word' id='word_1_365' title='bbox 468 4528 657 4585; x_wconf 85' lang='lat' dir='ltr'>demonstrat.</span> <span class='ocrx_word' id='word_1_366' title='bbox 683 4563 720 4570; x_wconf 89' lang='lat'>—</span> <span class='ocrx_word' id='word_1_367' title='bbox 746 4528 850 4585; x_wconf 77' lang='lat' dir='ltr'>Altero</span> <span class='ocrx_word' id='word_1_368' title='bbox 875 4528 974 4586; x_wconf 88' lang='lat' dir='ltr'>libello</span> <span class='ocrx_word' id='word_1_369' title='bbox 999 4529 1076 4586; x_wconf 90' lang='lat' dir='ltr'>idem</span> <span class='ocrx_word' id='word_1_370' title='bbox 1101 4531 1187 4587; x_wconf 89' lang='lat' dir='ltr'>initia</span> <span class='ocrx_word' id='word_1_371' title='bbox 1215 4529 1427 4600; x_wconf 74' lang='lat' dir='ltr'>„catholicismi</span> <span class='ocrx_word' id='word_1_372' title='bbox 1452 4526 1597 4585; x_wconf 51' lang='lat' dir='ltr'>liberali?</span> 
     </span>
     <span class='ocr_line' id='line_1_46' title="bbox 354 4612 1600 4694; baseline -0.003 -23"><span class='ocrx_word' id='word_1_373' title='bbox 354 4636 372 4672; x_wconf 87' lang='lat' dir='ltr'>a</span> <span class='ocrx_word' id='word_1_374' title='bbox 403 4616 663 4672; x_wconf 90' lang='lat' dir='ltr'>Lamennais</span> <span class='ocrx_word' id='word_1_375' title='bbox 694 4617 814 4691; x_wconf 83' lang='lat' dir='ltr'>eiusque</span> <span class='ocrx_word' id='word_1_376' title='bbox 847 4615 1007 4673; x_wconf 74' lang='lat' dir='ltr'>l&#39;Arenir</span> <span class='ocrx_word' id='word_1_377' title='bbox 1045 4618 1158 4694; x_wconf 82' lang='lat' dir='ltr'>repetit,</span> <span class='ocrx_word' id='word_1_378' title='bbox 1197 4618 1349 4674; x_wconf 82' lang='lat' dir='ltr'>ulteriores</span> <span class='ocrx_word' id='word_1_379' title='bbox 1384 4612 1600 4672; x_wconf 82' lang='lat' dir='ltr'>vicissitudines</span> 
     </span>
     <span class='ocr_line' id='line_1_47' title="bbox 353 4699 1600 4790; baseline -0.002 -32"><span class='ocrx_word' id='word_1_380' title='bbox 353 4701 526 4790; x_wconf 75' lang='lat' dir='ltr'>liberalismi</span> <span class='ocrx_word' id='word_1_381' title='bbox 553 4705 582 4758; x_wconf 94' lang='lat' dir='ltr'>in</span> <span class='ocrx_word' id='word_1_382' title='bbox 607 4703 740 4758; x_wconf 78' lang='lat' dir='ltr'>Ecclesia</span> <span class='ocrx_word' id='word_1_383' title='bbox 765 4699 906 4758; x_wconf 85' lang='lat' dir='ltr'>describit</span> <span class='ocrx_word' id='word_1_384' title='bbox 921 4704 1041 4780; x_wconf 90' lang='lat' dir='ltr'>eiusque</span> <span class='ocrx_word' id='word_1_385' title='bbox 1061 4703 1218 4761; x_wconf 86' lang='lat' dir='ltr'>relationes</span> <span class='ocrx_word' id='word_1_386' title='bbox 1234 4702 1272 4762; x_wconf 84' lang='lat' dir='ltr'>ad</span> <span class='ocrx_word' id='word_1_387' title='bbox 1289 4703 1491 4761; x_wconf 87' lang='lat' dir='ltr'>auctoritatem</span> <span class='ocrx_word' id='word_1_388' title='bbox 1512 4699 1600 4758; x_wconf 87' lang='lat' dir='ltr'>eccle-</span> 
     </span>
    </p>
   </div>
   <div class='ocr_carea' id='block_1_10' title="bbox 0 0 1730 5342">
    <p class='ocr_par' dir='ltr' id='par_1_11' title="bbox 0 0 1730 5342">
     <span class='ocr_line' id='line_1_48' title="bbox 0 0 1730 5342; baseline 0 1"><span class='ocrx_word' id='word_1_389' title='bbox 0 0 1730 5342; x_wconf 95' lang='lat' dir='ltr'> </span> 
     </span>
    </p>
   </div>
  </div>
 </body>
</html>
