3450 5342
1745 331 2079 385 -22-

667 526 723 582 6.
773 522 1166 580 Seminarium
1214 519 1565 597 episcopale,
1616 521 1669 577 7.
1718 521 2112 578 Seminarium
2176 539 2501 597 puerorum,
2551 526 2607 576 ⁸.
2658 516 2932 594 Episcopi
2982 518 3202 575 verba

663 607 740 665 de
784 609 1096 666 vocatione
1142 607 1340 665 clerici
1375 603 1677 686 (quattuor
1708 608 2096 684 proprietates
2142 606 2381 664 clerici:
2428 602 2618 662 solida
2664 605 2928 664 scientia.
2962 618 3191 662 tenera

664 696 730 752 in
776 694 971 752 Deum
1017 696 1223 772 pietas,
1270 693 1430 751 zelus
1476 692 1683 752 domus
1729 694 1864 764 Dei,
1932 694 2215 751 orationis
2262 690 2563 768 studium),
2612 694 2667 747 9.
2715 691 3044 769 Episcopus
3091 691 3189 748 de

665 780 1102 860 praedicatione
1147 779 1311 837 verbi
1356 779 1546 839 divini
1581 779 1816 851 adultis,
1855 782 1949 838 10.
1982 781 2310 858 Episcopus
2355 778 2589 838 ordinat
2637 778 3183 836 catechizationem

665 872 1055 944 parvulorum,
1125 871 1218 924 11.
1282 868 1607 945 Episcopus
1672 866 1994 945 praedicat.
2046 870 2142 924 12.
2190 867 2519 944 Episcopus
2580 863 2851 922 sacerdos
2913 885 3182 941 magnus

669 956 857 1032 qufflul
929 954 1142 1012 cultum
1208 956 1338 1025 Dei,
1407 956 1502 1012 13.
1564 955 1892 1033 Episcopus
1953 956 2014 1012 in
2062 956 2273 1011 itinere
2320 954 2621 1022 canonico,
2689 955 2783 1009 14.
2828 952 3182 1030 Episcopus

665 1040 975 1100 vomui-disi
1023 1043 1366 1100 coniunctus
1411 1061 1542 1100 cum
1576 1042 1731 1100 clero
1768 1053 1826 1099 et
1858 1041 2048 1100 clerus
2081 1062 2212 1099 cum
2245 1042 2535 1118 episcopo,
2574 1042 2667 1098 15.
2700 1037 3177 1097 Administratio

669 1132 989 1204 spiritualis
1071 1130 1348 1206 episcopi,
1435 1131 1530 1186 16.
1605 1130 1936 1207 Episcopus
2012 1138 2069 1186 et
2137 1130 2263 1185 vita
2359 1126 2684 1184 christiana
2744 1127 2806 1182 in
2882 1125 3173 1189 dioecesi,

681 1220 769 1272 ΙῘ.
801 1216 1122 1293 Episcopus
1147 1226 1205 1271 et
1230 1235 1374 1292 opus
1400 1215 1723 1273 litterarum
1753 1217 1816 1273 in
1847 1214 2120 1286 dioecesi,
2159 1217 2253 1273 18.
2284 1215 2614 1292 Episcopus
2646 1222 2705 1269 et
2736 1215 3172 1270 monasterium

665 1324 921 1360 surm-um
977 1301 1422 1371 misericordiae,
1476 1304 1569 1361 19.
1600 1303 1930 1380 Episcopus
1972 1313 2030 1360 ct
2077 1301 2280 1359 schola
2326 1300 2660 1369 nationalis,
2696 1301 2792 1360 20.
2827 1301 3172 1378 Episcopus

665 1404 717 1444 υτ
773 1392 1041 1445 iuventus
1100 1388 1430 1447 scholarum
1495 1388 1838 1460 mediarum,
1887 1392 1985 1449 21.
2031 1389 2180 1447 Tres
2241 1406 2540 1447 sermones
2586 1385 2662 1444 ad
2706 1389 3169 1445 universitatem

665 1480 995 1532 frontinum.
1060 1477 1158 1532 22.
1219 1476 1546 1553 Episcopus
1593 1485 1651 1533 et
1697 1496 1853 1554 papa
1897 1476 2040 1534 Pius
2101 1476 2214 1533 lx.
2262 1478 2361 1533 23.
2422 1475 2752 1553 Episcopus
2798 1476 2859 1531 in
2906 1473 3171 1531 concilio

665 1568 1038 1620 *zuruli-nuncu
1085 1565 1142 1620 in
1198 1563 1486 1620 Vaticano
1533 1562 1630 1638 (de
1677 1583 1795 1640 qua
1839 1584 1900 1620 re
1947 1564 2191 1621 ulterius
2222 1563 2445 1620 mentio
2492 1560 2633 1637 fiet).
2683 1563 2781 1618 24.
2829 1561 3175 1638 Episcopus

665 1668 717 1704 vt
769 1672 917 1728 [ηψπ
969 1650 1087 1707 Leo
1136 1649 1311 1707 XIII.
1360 1652 1458 1707 ⁴25.
1526 1650 1855 1728 Episcopus
1914 1660 1972 1706 et
2018 1651 2347 1708 institutum
2418 1668 2463 1706 s.
2509 1648 2863 1727 Hieronymi
2918 1648 3172 1717 Romae,

669 1740 765 1792 :Ji-2.
821 1736 1083 1795 lii-Mesia
1129 1736 1504 1804 cathedralis,
1553 1739 1650 1794 27.
1698 1737 2004 1794 Ecclesiae
2051 1756 2154 1814 per
2198 1735 2533 1793 dioecesim.

873 1828 1275 1902 ffitrossmayer
1333 1846 1367 1880 a
1427 1824 1726 1882 nonnullis
1803 1822 2135 1896 „liberalis‘
2210 1823 2500 1901 apellatus
2566 1830 2656 1879 est
2710 1831 2767 1878 ct
2814 1820 2874 1878 id
2921 1833 3172 1900 propter

665 1932 990 1968 stu-munem
1039 1923 1242 1968 contra
1304 1910 1791 1970 infallibilitatem
1852 1930 2041 1989 papae
2104 1913 2163 1968 in
2210 1909 2460 1968 concilio
2530 1909 2821 1966 Vaticano
2866 1907 3163 1978 habitum,

665 2000 761 2072 qui
825 2008 1122 2074 vum-uptus
1179 1999 1242 2055 in
1303 1998 1493 2055 lucem
1556 1997 1750 2056 editus
1810 2010 1915 2056 est.
1977 1998 2048 2055 In
2106 1997 2357 2075 epistola
2417 1995 2694 2074 pastorali
2754 1998 2810 2055 4.
2874 1994 3161 2053 februarii

665 2088 829 2140 leun
881 2084 1017 2141 [luta
1076 2092 1279 2141 contra
1335 2085 1490 2143 hanc
1536 2087 1926 2163 suspicionem
1986 2087 2113 2162 ipse
2160 2087 2561 2162 Strossmayer
2620 2083 2884 2160 scripsit:
2956 2085 3168 2155 „Ante

665 2176 748 2224 ’.Ἣ
793 2192 977 2228 nmmos
1024 2169 1262 2248 quidam
1310 2174 1653 2230 temerarius
1700 2170 1974 2230 sacerdos
2019 2173 2411 2230 Americanus
2472 2170 2757 2228 confinxit
2804 2189 3163 2241 sermonem,

661 2276 833 2332 qutun
925 2256 1065 2314 mihi
1149 2261 1467 2336 supposuit.
1555 2258 1673 2334 Qui
1751 2279 1941 2317 sermo
2025 2259 2372 2328 haereticus,
2462 2255 2859 2328 scandalosus,
2945 2265 3202 2314 revera'

665 2344 885 2400 irin-tus
937 2344 1142 2402 interni
1193 2355 1301 2407 cst.
1335 2346 1427 2404 De
1460 2345 1572 2404 hac
1605 2367 1665 2403 re
1697 2345 2119 2403 catholicorum
2167 2346 2394 2402 inimici
2440 2343 2828 2415 laetabantur,
2875 2344 3160 2402 catholici

661 2432 901 2488 tristitia
937 2431 1124 2488 affecti
1174 2441 1324 2489 sunt.
1371 2434 1502 2509 Ego
1548 2442 1744 2490 autem
1794 2433 1947 2491 hunc
1994 2452 2321 2492 sermonem
2388 2431 2600 2490 falsum
2647 2451 2774 2489 esse
2836 2430 3163 2489 declaravi-

667 2516 769 2572 lllu
837 2517 1103 2575 ..svm-dos
1157 2522 1414 2577 moriens
1473 2519 1853 2589 sacerdotem,
1916 2521 2014 2597 qui
2076 2541 2208 2577 eum
2278 2517 2705 2589 consolabatur,
2787 2521 3034 2595 rogavit,
3094 2529 3160 2576 ut

661 2604 805 2660 mihi
841 2604 1120 2662 scriberet
1150 2618 1208 2663 et
1254 2626 1356 2664 suo
1389 2608 1624 2665 nominc
1657 2627 1693 2664 a
1738 2627 1831 2664 me
1864 2608 2267 2664 remissionem
2299 2610 2584 2684 peteret“.
2627 2605 2857 2663 'l‘amen
2890 2604 3158 2663 serbicus

665 2692 973 2748 infirmia-us
1049 2691 1514 2752 archimandrita
1586 2695 1860 2751 Ruvarac
1926 2713 2253 2751 sermonem
2314 2693 2481 2751 illum
2542 2713 2746 2750 verum
2802 2713 2930 2750 esse
2991 2713 3157 2751 asse-

665 2776 921 2832 rui-nbat.
969 2776 1103 2852 ⁴{Qua
1133 2778 1207 2836 de
1254 2801 1313 2836 re
1340 2782 1742 2860 Strossmayer
1787 2779 1979 2838 denuo
2008 2778 2359 2839 declaravit:
2416 2778 2824 2858 „Impossibile
2871 2789 2962 2837 est
2995 2782 3155 2858 epis-

661 2884 869 2940 copum
917 2865 1268 2924 catholicum
1316 2867 1494 2925 talem
1541 2888 1869 2925 sermonem
1931 2869 2352 2934 enuntiavisse,
2414 2869 2555 2945 quia
2613 2867 3154 2925 anathematizatus

661 2956 865 3008 *mavis*
949 2956 1345 3031 &trossmayer
1418 2953 1798 3031 oppugnabat
1857 2954 2095 3032 quidem
2164 2957 2660 3033 opportunitatem
2728 2953 3151 3012 declarationis

661 3044 793 3092 nuri
849 3040 1153 3112 mig-matis,
1200 3060 1571 3119 nequaquam
1617 3051 1811 3099 autem
1859 3043 2170 3099 veritatem
2216 3041 2536 3100 doctrinae.
2587 3041 2855 3100 Eandem
2910 3051 3151 3099 senten·

661 3128 801 3180 tium
869 3124 1196 3184 hahuerunt
1255 3129 1432 3185 etiam
1508 3127 1610 3184 alii
1671 3130 1933 3206 episcopi
2002 3130 2162 3207 iique
2239 3131 2462 3207 optimi,
2540 3150 2633 3186 cx.
2707 3150 2825 3206 gn:
2903 3128 3152 3193 Mathei.

661 3212 977 3273 llausulmr.
1023 3213 1536 3290 Schwarzenberg,
1584 3210 1958 3293 Dupanloup,
2005 3215 2277 3278 Darbois.
2324 3216 2612 3282 Ketteler,
2660 3216 2971 3274 MelcherS.

873 3300 957 3356 Ηκ
1007 3300 1264 3359 secunda
1328 3312 1493 3379 parte
1539 3300 1674 3359 libri
1722 3303 2092 3380 excerpimus
2139 3302 2457 3381 capitulum
2511 3306 2622 3375 13.,
2683 3301 2839 3381 quod
2888 3302 3148 3361 ostendit

653 3388 985 3464 *quincuplum
1039 3390 1441 3466 Strossmayer
1486 3387 1559 3446 de
1608 3391 1847 3447 natione
1895 3391 2203 3449 Slavorum
2250 3393 2468 3468 optime
2515 3391 2788 3449 meritum
2821 3410 2967 3448 esse.
2991 3390 3155 3447 'l'oto

657 3476 853 3528 unium
901 3488 957 3528 vt
1004 3473 1197 3531 studio
1244 3477 1404 3533 omni
1453 3477 1513 3532 in
1562 3474 1622 3532 id
1668 3474 1953 3549 incubuit,
1998 3486 2061 3535 ut
2108 3478 2272 3535 &lavi
2321 3498 2438 3536 non
2485 3477 2671 3536 solum
2703 3480 2938 3536 unicam
2974 3479 3143 3555 quasi

661 3564 953 3616 [nationem
977 3563 1351 3630 constituant,
1378 3582 1579 3618 verum
1596 3564 1775 3621 etiam
1795 3573 1857 3621 ut
1876 3566 2108 3622 unicam
2126 3564 2471 3642 religionem
2485 3565 2884 3643 profiteantur.
2910 3564 3043 3640 Qua
3069 3562 3146 3621 de

661 3668 717 3700 ιϊ
769 3648 1000 3704 anienis
1047 3647 1184 3704 idea
1227 3669 1301 3704 ex
1349 3647 1619 3706 omnibus
1665 3651 1791 3708 eius
1837 3649 2127 3728 operibus,
2173 3653 2407 3730 scriptis
2452 3660 2510 3709 et
2555 3652 2923 3711 sermonibus
2957 3651 3145 3710 eccle·

661 3736 909 3788 suffitu-is
981 3733 1271 3791 elucescit.
1337 3734 1481 3793 Post
1551 3757 1594 3793 s.
1665 3736 2031 3816 Cyprianum
2101 3748 2277 3816 atque
2347 3740 2744 3815 Augustinnm
2810 3742 2910 3796 vix
2990 3738 3145 3797 ullus

657 3824 965 3896 opiscopus
1008 3828 1177 3877 tanta
1221 3820 1295 3878 de
1341 3823 1567 3880 unitate
1614 3826 1850 3902 scripsit
1895 3835 1951 3883 et
1999 3828 2421 3883 sermocinatus
2453 3836 2557 3883 est.
2582 3826 2891 3885 Unitatcm
2938 3824 3141 3882 Eccle-

657 3912 869 3964 sim-um
925 3904 1126 3963 habuit
1193 3928 1297 3985 pro
1363 3912 1676 3987 praecipuo
1723 3931 1791 3968 ac
1858 3914 2282 3990 pretiosissimo
2327 3912 2518 3970 fructu
2584 3913 2950 3971 salvationis.
2997 3916 3145 3988 Spes

657 3996 885 4048 nni-unis
937 3996 1121 4051 crevit
1167 3996 1230 4053 in
1276 4015 1345 4053 eo
1389 3999 1735 4073 praesertim
1782 4007 2083 4074 =regnante
2129 3999 2330 4057 Leone
2375 3999 2569 4071 XIII.,
2632 4003 2731 4079 qui
2795 4001 3038 4059 caritate
3086 4009 3146 4054 et

653 4080 1068 4137 benevolentia
1113 4083 1509 4140 sincerissima
1556 4084 1767 4142 Slavos
1813 4085 2325 4162 complectebatur.

862 4168 982 4224 Iam
1031 4169 1222 4244 primo
1267 4188 1422 4226 anno
1469 4171 1839 4249 episcopatus
1885 4174 1971 4230 sui
2020 4183 2282 4251 tempore
2326 4173 2678 4232 Nativitatis
2726 4175 2859 4231 lesu
2927 4193 3144 4250 magna

649 4252 874 4308 liutfritin
929 4252 1130 4312 fideles
1176 4275 1308 4313 suos
1357 4256 1565 4328 affecit,
1644 4278 1774 4316 cum
1823 4259 1896 4316 iis
1941 4261 2257 4336 pristinum
2328 4261 2415 4318 ius
2484 4260 2764 4319 cantandi
2833 4260 3142 4338 epistolam

645 4356 697 4396 ct
749 4341 1127 4416 evangelium
1177 4342 1381 4418 lingua
1424 4347 1680 4402 croatica
1726 4346 1789 4402 in
1835 4348 1995 4403 omni
2041 4349 2224 4405 missa
2268 4348 2541 4405 sollemni
2589 4348 3041 4425 recuperaverit.

865 4428 929 4484 ln
1001 4428 1279 4504 paschate
1365 4432 1526 4488 1859
1587 4433 1843 4509 primum
1889 4433 2138 4491 Romam
2208 4434 2501 4513 profectus
2568 4443 2656 4494 est
2723 4444 2783 4494 et
2848 4435 2961 4494 Pio
3031 4435 3145 4495 lx-

657 4516 881 4584 slavus.
957 4517 1263 4593 praecipue
1326 4516 1744 4575 meridionales
1808 4519 2264 4589 commendavit,
2332 4521 2487 4600 quod
2535 4521 2676 4580 fecit
2720 4525 2898 4580 etiam
2947 4520 3139 4599 quoad

657 4600 953 4673 liturgiam
1003 4602 1405 4679 glagoliticam
1473 4623 1508 4660 a
1553 4605 1779 4664 Ioanne
1849 4606 2017 4678 vm,
2085 4617 2144 4666 et
2210 4608 2537 4666 Innocente
2604 4608 2709 4665 lv.
2780 4627 3140 4666 concessam-
