3450 5342
689 368 885 422 -179-

144 553 354 628 negationem
383 552 463 623 facti,
496 551 548 610 sed
571 563 709 614 conatum
737 554 967 633 explicationem
1003 551 1103 624 dandi,
1138 555 1169 610 in
1192 553 1273 612 cuius
1297 551 1355 609 fine
1379 571 1410 608 se

147 637 264 716 prodit
284 636 464 698 desiderium
486 639 606 718 aliquod
621 640 760 720 negandi.
783 645 845 699 Aut
860 643 950 718 igitur
966 641 1045 698 omui
1064 638 1234 697 certitudini
1255 638 1412 696 historicae

150 723 397 784 renuntiandum
419 733 470 784 aut
492 726 700 787 condemnatio
722 728 848 787 Honorii
871 724 1062 786 concedenda
1084 728 1145 784 est“
1169 721 1218 802 ii).

271 814 322 870 44.
343 813 505 892 Postquam
521 815 611 891 igitur
625 817 657 874 in
680 815 855 874 sessione
879 811 1119 890 Xlll.epistolae
1134 813 1230 889 Sergii
1247 808 1284 868 ad
1300 811 1412 889 Cyrum

150 907 189 956 et
217 897 258 956 ad
280 898 445 957 Honorium
469 908 499 958 et
520 901 647 980 epistola
668 903 763 980 prima
777 901 905 960 Honorii
928 899 966 958 ad
982 899 1118 976 Sergium
1139 899 1234 958 lectae
1257 905 1333 970 sunt,
1357 895 1412 954 hoc

149 984 199 1042 de
218 984 356 1044 omuibus
378 989 419 1044 in
441 989 593 1046 cumulo
609 984 653 1064 ⁷³)
669 990 874 1066 pronuntiatur
889 986 1043 1046 iudicium:
1064 985 1205 1064 ,Hasque
1221 985 1408 1043 invenientes

152 1073 324 1131 omniuo
346 1073 504 1133 alienas
541 1077 720 1134 existere
747 1074 792 1134 ab
815 1073 1061 1153 apostolicis
1099 1069 1353 1149 dogmatibus
1376 1079 1414 1126 et

153 1179 177 1216 a
204 1157 526 1219 definitionibus
560 1173 787 1222 sanctornm
810 1161 1073 1221 conciliorum
1107 1171 1146 1216 et
1181 1165 1412 1216 cunctorum

158 1244 672 1325 probabiliumpatrum,
710 1251 837 1328 sequi
876 1268 978 1306 vero
1016 1243 1413 1304 falsasdoctrinas

159 1331 507 1397 issereticorum,
544 1355 595 1395 eas
617 1339 737 1394 omnino
760 1333 903 1393 obicimus
926 1343 955 1391 et
978 1341 1130 1410 tamqnam
1160 1333 1278 1389 animae
1309 1331 1413 1388 noxias

156 1424 365 1478 execramur.“
407 1421 486 1480 Aliis
512 1420 621 1480 deinde
652 1443 687 1496 ,a
717 1431 820 1480 sancta
841 1423 899 1479 Dei
922 1420 1046 1478 ecclesia
1070 1419 1238 1498 proiectis“,
1262 1418 1412 1494 sequitur:

165 1505 282 1578 ,Cum
305 1506 652 1567 hisverosImul
689 1510 834 1588 proici
873 1529 891 1566 a
921 1515 1074 1566 sancta
1098 1506 1174 1564 Dei
1205 1503 1414 1563 catholica

158 1592 369 1651 ecclesia
420 1596 640 1674 simulque
684 1595 1067 1668 anathematizari
1106 1590 1413 1670 praevidimus

161 1689 207 1736 et
230 1679 431 1740 Honorium
453 1727 459 1740 .
483 1728 490 1740 .
514 1727 520 1741 .
543 1704 581 1742 eo
605 1681 696 1762 quod
719 1684 923 1742 invenimus
961 1701 1028 1758 per
1051 1682 1213 1757 scripta,
1252 1697 1345 1756 quae
1369 1673 1414 1734 ab

160 1785 209 1822 eo
233 1766 340 1825 facta
364 1768 522 1831 suntad
545 1771 731 1848 Sergium,
762 1771 854 1848 quia
876 1769 915 1826 in
939 1766 1120 1826 omnibus
1143 1766 1225 1824 eius
1248 1771 1413 1822 mentem

161 1862 326 1911 secutus
364 1864 422 1912 est
458 1864 495 1913 et
532 1859 654 1936 impia
690 1856 874 1935 dogmata
913 1852 1200 1912 confirmavit“
1224 1845 1275 1928 i4).
1319 1849 1414 1907 Etin

163 1937 301 1997 eadem
339 1943 470 2000 sessione
491 1951 647 2021 postquam
670 1963 737 2004 cum
759 1943 826 2002 aliis
848 1943 1061 2001 haereticorum
1085 1940 1203 2017 scriptis
1240 1934 1415 2016 secunda

168 2025 296 2084 llonorii
319 2029 445 2105 epistola
466 2029 544 2088 lecta
565 2039 618 2100 est,
640 2029 679 2088 de
701 2029 883 2090 omnibns
915 2030 1056 2086 iterum
1080 2027 1112 2084 si
1126 2026 1199 2084 mul
1223 2025 1279 2082 hoc
1302 2023 1413 2082 factum

166 2124 213 2168 est
238 2111 391 2172 iudicium:
426 2119 706 2194 ,comperimus
736 2136 780 2174 ea
810 2118 852 2174 in
875 2136 988 2176 unam
1013 2111 1258 2190 eandemque
1283 2111 1414 2188 impie-

168 2207 293 2257 tatem
316 2220 560 2261 concurrere.
583 2203 624 2262 Et
643 2202 844 2282 praevidimus
867 2201 1035 2281 profana
1057 2209 1087 2258 ct
1109 2201 1264 2258 animae
1287 2198 1416 2275 perni-

168 2287 277 2344 ciosa
306 2290 445 2346 continuo
467 2288 504 2347 ob
527 2289 689 2367 perfectum
712 2291 921 2348 exterminium
945 2291 1014 2364 igne
1038 2287 1227 2345 concremari.
1250 2285 1291 2342 Et
1335 2303 1414 2340 com·

170 2371 257 2430 busta
278 2375 363 2431 sunt“
386 2369 438 2451 ⁷⁵).
460 2375 497 2434 In
534 2378 716 2435 sessione
750 2376 836 2434 XVI.
859 2374 1075 2434 conclamatum
1098 2381 1154 2432 cst:
1198 2371 1413 2444 ,Honorio

169 2457 390 2519 haeretico
413 2463 637 2521 anathemo<
660 2458 712 2539 ⁷⁶),
735 2465 806 2521 item
830 2465 861 2520 in
885 2463 1073 2518 sessione
1097 2456 1218 2516 XVIII:
1248 2457 1415 2532 ,Sergio

171 2554 215 2602 et
251 2545 440 2606 Honorio
477 2550 735 2609 anathema.
759 2595 765 2606 .
789 2547 966 2607 ,erunibus
998 2547 1153 2604 haereticis
1184 2543 1343 2602 anathema
1362 2537 1413 2620 li).

172 2633 208 2689 ln
252 2654 412 2692 sermone
458 2637 718 2696 acclamatorio
756 2636 794 2694 ad
839 2638 1054 2714 imperatorem,
1109 2651 1174 2689 cum
1212 2637 1414 2690 enumerasset

173 2730 274 2777 sancta
306 2720 437 2800 synodus
470 2723 607 2782 haereses
640 2726 673 2782 in
705 2722 850 2802 prioribus
885 2720 1020 2778 conciliis
1054 2717 1218 2787 damnatas,
1251 2737 1317 2776 cum
1352 2717 1416 2772 ani-

173 2805 385 2880 madvertisset,
420 2820 522 2868 contra
551 2812 694 2869 orientem
723 2809 871 2868 haeresim
902 2827 1017 2885 semper
1046 2807 1252 2884 imperatorem
1276 2802 1363 2862 simul
1386 2811 1415 2860 et

173 2911 277 2970 papam
300 2896 503 2969 insurrexisse,
536 2896 574 2955 ad
597 2897 765 2976 Eutychum
791 2897 976 2973 perveniens,
1011 2893 1084 2950 haec
1108 2890 1203 2950 addit:
1242 2890 1415 2962 „Putasne

175 2982 410 3039 necessarium
432 2994 508 3042 erat
530 2984 647 3054 silere,
670 2992 704 3042 et
720 3003 787 3042 non
811 2980 997 3060 spiritales
1020 2981 1118 3036 viros
1142 2980 1340 3054 insurgere,
1364 2977 1413 3054 qui

175 3064 282 3125 diuinis
305 3067 403 3126 verbis
425 3070 575 3128 falsidicos
605 3069 844 3148 compescerent?
889 3069 930 3126 Et
952 3063 1097 3145 quomodo
1128 3085 1187 3122 non
1210 3061 1415 3140 indignaretur

177 3151 261 3225 Deus,
301 3158 360 3232 qui
398 3154 715 3235 blasphemabatur
752 3165 786 3214 et
824 3176 892 3213 non
930 3149 1229 3212 deiendebatur?“
1277 3147 1414 3206 'laudern

175 3239 302 3298 Leonem
324 3250 442 3320 etpost
464 3265 530 3302 eum
553 3245 743 3322 Agathouem
772 3244 943 3310 surrexisse,
967 3259 1032 3298 cum
1056 3259 1113 3316 quo
1137 3236 1292 3295 concilium
1316 3236 1413 3312 ipsum

177 3326 318 3384 haeresim
341 3327 574 3402 condemnasset,
597 3341 625 3390 et
649 3332 717 3389 aliis
732 3329 1009 3388 excommunicatis:
1042 3327 1103 3398 ,Et
1127 3343 1201 3382 cum
1224 3324 1276 3380 eis
1300 3321 1415 3378 Hono-

179 3415 269 3484 rium,
296 3418 356 3493 qui
380 3416 448 3475 fuit
469 3419 599 3476 Romae
622 3418 772 3494 praesul,
800 3425 924 3493 utpote
951 3416 1010 3492 qui
1038 3433 1095 3470 eos
1123 3413 1160 3470 in
1187 3409 1244 3468 his
1272 3415 1416 3466 secutus

178 3496 302 3576 estfili)
333 3503 469 3582 Denique
492 3507 524 3562 in
546 3506 704 3582 epistola
724 3502 765 3561 ad
789 3501 1017 3580 agathonem
1040 3499 1113 3558 dicit
1135 3517 1166 3556 se
1194 3495 1416 3570 ,anathema-

178 3585 267 3644 tibus
305 3590 553 3650 intcriecissc·
597 3593 673 3648 iuter
710 3600 822 3648 ceteros
864 3580 1155 3662 ,Honorium“.⁷9)
1201 3582 1414 3642 Constantinus

178 3673 340 3750 Pogonatus
362 3677 483 3736 tandem
506 3679 718 3756 imperatorin
741 3697 792 3735 suo
816 3675 936 3733 edicto
960 3673 1032 3732 dicit
1056 3693 1087 3732 se
1110 3671 1361 3730 anathematizare
1385 3677 1414 3725 et

179 3760 298 3819 refutare
313 3781 371 3831 eos,
387 3767 436 3842 qui
453 3785 715 3843 ,supervacuorum
732 3777 760 3822 et
777 3783 919 3821 uovorum
935 3761 1105 3838 dogmatum
1125 3758 1267 3816 haeretici
1283 3763 1415 3814 auctores

179 3855 259 3924 atque
281 3848 410 3908 fautores
432 3857 526 3911 suntf
557 3851 625 3923 ,Ad
648 3852 721 3909 haec
744 3860 773 3907 ct
790 3849 963 3922 Honorium,
988 3850 1039 3928 qui
1062 3847 1117 3904 fuit
1140 3846 1280 3922 antiquae
1304 3843 1414 3900 Romam

180 3953 255 4011 papa,
288 3935 389 3993 horum
413 3938 567 3996 haerescos
590 3941 621 3996 iu
641 3936 776 3996 omnibus
798 3937 951 4004 fautorem,
975 3951 1178 3994 concursuram
1201 3939 1289 4009 atque
1312 3929 1416 3988 confir-

181 4030 313 4079 matorem
344 4025 525 4104 σιψαιρέτην
553 4025 605 4084 καὶ
636 4023 814 4103 σύνδρομον
836 4023 888 4083 καὶ
915 4021 1083 4100 λελαιωτί]ν
1106 4025 1159 4099 τῆς
1181 4018 1349 4096 uipe'osrocu
1366 4009 1418 4095 ⁸⁰).

223 4209 256 4275 ⁷²)
275 4211 492 4276 Colornbier,
514 4201 623 4264 litudes
643 4209 712 4264 1870
730 4212 749 4262 Ι.
769 4209 829 4263 378.

223 4281 256 4415 iii
274 4282 503 4404 iiffisiimffifffi
517 4285 617 4417 ibim
636 4282 714 4348 Belj
727 4296 793 4334 aev
811 4283 829 4334 l.
849 4296 872 4334 c.
891 4277 1051 4332 notandum
1071 4279 1123 4328 est.

224 4418 257 4487 ²⁵)
276 4421 345 4474 ibid.
364 4420 423 4474 582,

223 4488 256 4556 ⁷⁰)
276 4491 345 4543 ibid.
364 4491 425 4543 622.

223 4559 244 4594 c
278 4561 284 4572 ·
309 4561 315 4572 ·

223 4559 492 4766 gfflffim

222 4767 257 4836 80)
276 4743 294 4823 13
313 4717 338 4824 {j
356 4741 417 4824 uo]
