3450 5342
723 442 892 495 -tii-

182 629 293 685 siarum
308 629 341 685 in
358 628 479 706 Synodo
496 628 734 706 Constantionsi)
752 640 871 687 auctore
888 628 1020 711 chrico
1046 630 1070 687 1,
1084 632 1092 686 i
1107 630 1152 688 ko
1165 651 1189 686 w
1201 652 1214 689 s
1227 630 1266 687 ki
1291 626 1330 712 (p.
1350 628 1432 711 ile),

182 734 306 791 quarum
328 724 484 792 postquam
507 714 609 773 finitae
632 727 717 774 erunt
740 718 884 774 rationem
910 716 1055 777 dabimus.
1362 718 1390 791 [1.

287 847 471 933 Przequd
486 848 744 934 Powszeefmy,
764 854 939 924 Oraooviam
957 852 1016 916 red.
1031 854 1062 915 J.
1078 854 1228 913 l‘awelski
1242 856 1270 914 S.
1287 857 1309 913 l.
1327 859 1432 915 Annus

187 940 269 998 1905
293 940 427 999 fasciculi
457 936 613 1019 8—124).
639 976 677 985 —
702 941 751 1001 W.
782 938 1051 1000 Gostomski:
1086 944 1290 1001 tlstatnia
1324 943 1432 1021 mysl

182 1025 525 1085 Wlodzimierza
557 1026 812 1087 Solowiewa
845 1028 973 1104 (l'ltima
996 1028 1063 1087 idea
1100 1026 1257 1087 l'ladinriri
1282 1028 1430 1106 Solovhv)

181 1113 272 1173 refert
294 1113 331 1171 de
353 1113 579 1190 eschatologicis
600 1114 789 1193 opinionibus
808 1116 968 1174 Solov'erii
991 1117 1022 1174 in
1048 1117 1110 1173 eius
1134 1114 1228 1175 libro:
1251 1116 1305 1174 Tri
1329 1136 1431 1195 razgo·

184 1221 257 1259 rora
279 1204 431 1279 expositis.
456 1236 494 1243 -
518 1201 573 1261 Ks.
596 1202 636 1259 K.
659 1201 959 1281 Czaykowski
982 1202 1017 1259 'l'.
1040 1202 1091 1262 J.:
1116 1202 1242 1281 Now)-
1265 1202 1432 1261 homeu-

182 1302 276 1347 tarz
314 1286 363 1346 do
399 1287 815 1368 charakterystyki
853 1288 1230 1367 Holowiriskiego,
1271 1290 1361 1349 refert
1394 1289 1431 1348 de

182 1373 310 1453 quodam
334 1373 428 1433 diario
451 1377 658 1453 manuscripto,
678 1374 757 1453 quod
779 1376 872 1435 multa
887 1378 1028 1447 continet,
1052 1395 1127 1453 qnae
1151 1379 1253 1435 iurant
1270 1376 1307 1434 ad
1326 1377 1431 1436 melius

183 1460 416 1538 intellegendam
468 1464 651 1521 activitatem
697 1462 910 1541 archiepiscopi
964 1463 1198 1542 mohyleriensis
1242 1463 1431 1523 Holoairiski

182 1550 213 1624 (†
240 1550 322 1609 1855
345 1546 389 1626 a)
416 1550 538 1627 eiusque
569 1548 775 1608 habitudinem
806 1549 844 1609 ad
868 1548 1043 1627 gubernium
1067 1551 1218 1611 russicam.
1256 1582 1295 1593 —
1317 1550 1372 1609 Ks.
1402 1550 1432 1610 J.

182 1634 319 1695 Urban
342 1635 378 1693 T.
399 1636 448 1694 .I.:
472 1636 494 1693 Ζ
517 1638 830 1713 najnowszego
852 1637 988 1696 rucbn
1023 1656 1048 1693 w
1082 1636 1205 1695 lonie
1228 1636 1434 1695 koiciola

183 1720 448 1801 rosyjskiego
470 1720 554 1803 (fasc.
578 1725 596 1781 9
620 1733 650 1781 et
676 1720 727 1802 12)
751 1724 840 1782 refert
863 1722 900 1781 de
916 1725 961 1793 iis,
985 1744 1060 1801 quae
1076 1726 1237 1781 recentiore
1254 1736 1384 1803 tempore
1400 1726 1431 1783 in

183 1811 248 1867 vita
270 1810 414 1867 ecclesiae
437 1812 565 1868 russicae
588 1808 790 1869 observantur.
826 1846 865 1854 —
890 1810 1015 1891 Lucyan
1049 1810 1109 1891 Ry
1122 1808 1140 1867 d
1153 1810 1211 1868 el:
1247 1810 1333 1889 Gry
1366 1813 1432 1871 uie

183 1894 359 1969 iwiqta‘?
396 1893 516 1976 (Nonne
539 1894 677 1976 sancta?)
701 1896 886 1957 Adhortatur
909 1900 1059 1957 nationem
1083 1897 1229 1975 polanam,
1259 1909 1291 1955 ut
1313 1918 1432 1956 cansam

184 1984 418 2041 canonizationis
450 1982 608 2061 Hedrigis,
642 1986 763 2060 reginae
797 1984 949 2051 Poloniae,
984 1985 1084 2042 uxoris
1121 1982 1266 2042 l'ladislai
1291 1984 1430 2061 ··lagiello

181 2068 414 2148 promovendam
438 2082 528 2129 curet.

289 2202 405 2282 Idem,
430 2228 524 2267 annus
543 2208 793 2286 reconditionis
812 2206 956 2281 xxiii),
981 2209 1114 2267 fasciculi
1141 2211 1232 2280 1-3,
1256 2212 1306 2286 qui
1321 2219 1432 2269 tomum

184 2296 235 2353 89.
259 2295 421 2354 efformant.
445 2331 484 2338 -
508 2295 563 2355 Ks.
586 2294 765 2375 nroybiskup
788 2295 1111 2356 Teodorowicz:
1136 2296 1157 2353 Z
1192 2295 1432 2376 audyencyi

183 2382 415 2441 uPinsa-X.
438 2403 465 2438 w
488 2385 800 2461 sprawiejego
823 2383 938 2441 listu
961 2382 1009 2441 do
1033 2382 1432 2462 Polski(l⁴lxcolloquio

182 2489 249 2527 cum
273 2469 328 2526 Pio
351 2489 428 2548 papa
450 2469 491 2533 X,
513 2471 545 2527 in
567 2472 771 2547 negotiosius
798 2470 964 2529 litterarum
987 2470 1204 2549 encyclicarum
1228 2468 1266 2527 ad
1288 2470 1430 2547 Polonos)

182 2564 213 2614 et
235 2555 267 2615 J.
296 2554 523 2617 Pawelski
552 2556 658 2615 T.J.:
688 2557 898 2634 Program
929 2556 1141 2636 papieski
1171 2555 1244 2615 dla
1274 2556 1431 2615 Polski

182 2663 229 2701 za
240 2642 261 2700 lr
273 2663 290 2701 o
303 2642 376 2701 rdo
390 2665 437 2701 no
452 2664 479 2701 w
492 2644 525 2719 ej
551 2643 755 2721 (ngrsmma
778 2644 884 2723 papale
908 2663 960 2722 pro
982 2644 1108 2702 Polonia
1140 2644 1272 2721 russica),
1304 2653 1431 2703 tractant

183 2728 222 2788 de
244 2732 421 2807 nuperrimis
443 2730 550 2789 litteris
580 2732 740 2811 encyclicis
770 2732 819 2790 Pii
843 2750 937 2808 papae
969 2730 1008 2790 X.
1039 2729 1077 2789 ad
1100 2730 1237 2802 Polonos,
1271 2732 1432 2808 genuinam

183 2825 315 2875 mentem
338 2818 524 2875 Sanctissimi
547 2817 678 2889 Domini,
701 2838 719 2875 a
734 2817 886 2877 nonnullis
904 2837 1041 2895 perverse
1058 2817 1247 2890 intellectam,
1271 2816 1432 2895 declarant,

183 2907 370 2981 programma
392 2906 555 2963 activitatis
578 2904 734 2981 religiosae
757 2916 787 2963 et
810 2904 928 2963 socialis
951 2906 982 2964 in
1006 2925 1041 2963 ea
1063 2904 1207 2963 Poloniae
1230 2915 1320 2983 parte,
1356 2924 1431 2983 quae

183 2991 310 3048 Russiae
327 3001 371 3049 est
385 2989 511 3060 adnexa,
527 2990 688 3054 adlineant.
714 3026 752 3035 —-
776 2991 807 3054 J.
829 2990 912 3050 Urb
926 3011 943 3049 a
956 3013 975 3051 n
998 2991 1033 3049 'it
1056 2990 1107 3053 J.:
1131 2990 1311 3069 Mikolaj
1337 2992 1366 3050 N
1380 2992 1431 3049 ie·

182 3077 337 3155 plajen·
359 3078 369 3134 i
387 3080 489 3155 jego
511 3077 701 3137 bractwa
724 3098 857 3158 pracy
876 3076 1033 3140 tNikolaus
1046 3077 1183 3155 Nepluev
1195 3080 1316 3157 eiusque
1328 3078 1432 3137 frater-

184 3166 293 3222 nitates
317 3163 448 3239 laboris).
479 3164 580 3223 Refert
603 3164 639 3223 de
663 3168 835 3243 organizata
866 3186 916 3243 per
947 3163 1076 3223 nobilem
1100 3164 1237 3243 Nepluev
1266 3168 1298 3223 in
1331 3165 1432 3225 Parva

182 3251 292 3309 Russia
314 3254 524 3310 communitate
552 3252 722 3314 christiana.
752 3273 828 3330 quae
851 3273 888 3311 ex
912 3263 1010 3309 mente
1042 3252 1218 3310 institutoris
1248 3253 1430 3330 primitivam

182 3338 339 3395 ecclesiam
363 3338 656 3417 hierosolymitanam
680 3359 745 3398 cum
768 3342 831 3397 eius
854 3341 1066 3397 communismo
1091 3338 1191 3395 sociali
1211 3348 1430 3415 repraesentare

182 3423 280 3491 debet,
311 3425 488 3503 initiumque
518 3446 627 3504 ponere
657 3426 858 3485 reformationi
883 3424 1136 3503 religioso-sociali
1172 3426 1261 3483 totius
1288 3425 1431 3483 ecclesiae

183 3523 214 3569 et
236 3512 386 3570 societatis
419 3514 557 3571 rnssioae.
592 3512 707 3571 Iudicat
738 3514 995 3571 confraternitates
1024 3532 1041 3570 a
1072 3511 1208 3589 Ncplucv
1242 3510 1431 3583 introductas,

184 3599 320 3675 quamvis
343 3618 412 3656 vere
439 3597 601 3657 christiano
623 3600 729 3677 spiritu
751 3609 891 3675 regantur
913 3612 942 3658 et
965 3596 1112 3677 quoddam
1147 3618 1240 3675 genus
1263 3599 1343 3657 uitae
1365 3598 1433 3657 ieli-

183 3686 285 3762 giosae
307 3683 477 3754 exhibeant,
500 3684 583 3745 illam
598 3696 699 3745 tamen
717 3688 876 3763 practicam
894 3686 1061 3753 utilitatem,
1078 3705 1165 3763 quam
1181 3686 1332 3745 institutor
1347 3686 1432 3763 polli-

184 3780 292 3849 ceatur,
323 3771 524 3831 reformationi
547 3773 649 3831 sociali
673 3773 776 3832 allerre
799 3794 858 3831 nou
882 3793 975 3851 posse,
1007 3784 1107 3851 utpote
1131 3792 1205 3850 quae
1229 3774 1274 3831 ius
1297 3775 1431 3851 privatae

182 3860 371 3937 proprietatis
394 3861 471 3917 iusto
493 3859 559 3937 plus
581 3862 762 3937 restringant
784 3869 813 3918 et
836 3860 898 3919 fere
921 3859 957 3917 de
982 3858 1079 3917 medio
1102 3860 1216 3921 tollant.
1247 3894 1285 3903 -—
1311 3860 1364 3919 Ks.
1387 3858 1430 3919 dr.

183 3944 245 4002 Wl.
278 3944 530 4005 Bandurski:
566 3946 765 4027 Zbudz'my
803 3945 990 4023 Jadwige
1025 3946 1211 4016 (Excitemus
1239 3946 1430 4025 Hedvigem).

184 4030 330 4091 Similiter
351 4052 386 4090 ao
410 4032 507 4111 Rydel
532 4033 682 4110 negotium
706 4034 940 4094 canonizationis
956 4032 1105 4109 Hodvigis
1122 4035 1242 4109 reginae
1259 4054 1429 4111 promovere

182 4120 273 4197 cupit.
297 4153 332 4161 —

287 4257 431 4317 Redaotio
461 4259 548 4317 huius
573 4256 715 4336 periodici
743 4256 893 4336 publicam
925 4256 1147 4335 inquisitionem
1173 4257 1322 4337 (euquete)
1346 4258 1430 4315 insti-

180 4346 239 4402 tnit
261 4344 299 4403 de
321 4346 506 4423 gravissimis
527 4344 671 4425 operibus,
694 4364 770 4423 quse
785 4344 939 4403 catholicis
963 4344 994 4402 in
1017 4344 1143 4403 Polonia
1158 4342 1338 4422 perficienda
1354 4353 1429 4401 suut.

181 4430 345 4510 Hucusque
367 4441 565 4511 apparuerunt
578 4434 618 4490 49
635 4451 785 4510 respousa.
807 4431 866 4490 Suo
882 4442 1014 4510 ternpore
1031 4429 1167 4490 dabimus
1183 4432 1427 4509 appretiationem

182 4520 274 4577 totius
295 4520 506 4598 inquisitionis.
530 4552 569 4561 —
1361 4518 1389 4599 β.

248 4704 271 4772 ⁴)
290 4704 334 4759 De
352 4705 493 4774 prioribus
510 4705 576 4760 ride
594 4710 682 4762 nostr.
700 4704 809 4773 period
827 4704 905 4772 1905,
926 4706 967 4761 19.
985 4704 1028 4760 68.
1048 4705 1107 4759 111.

234 4838 294 4883 Slav.
307 4841 349 4883 litt
361 4842 430 4885 meur.
