3450 5342
762 373 1025 427 --tss-

311 581 417 634 „numm
441 562 623 618 voluntatem
657 561 834 632 ‚Domini
868 561 1004 618 Nostri
1029 561 1117 618 lesu
1137 560 1328 618 Christi‘:
1351 559 1445 619 unde
1465 562 1574 618 iterum

307 647 418 706 diversi
441 647 520 706 nodi
553 647 709 725 possibiles
738 659 770 705 ct
798 649 830 704 in
859 649 1005 724 scripturn
1031 663 1061 704 et
1089 646 1246 706 traditione
1281 649 1400 724 puriter
1426 651 1576 725 usurpari.

306 735 385 794 hunc
408 735 666 812 complexam
692 736 912 812 expressionem
936 731 1114 812 accipiendi:
1147 753 1216 793 nam
1239 737 1408 812 qnscritur.
1436 755 1516 794 unm
1541 733 1576 790 de

308 821 404 880 solo
441 821 599 880 diviua
633 821 745 880 Christi
769 821 921 880 voluntate
944 841 1039 878 sermo
1061 821 1107 891 sit,
1139 841 1207 880 num
1238 821 1403 880 dosora
1429 825 1504 880 eius
1528 843 1577 878 ro-

307 907 421 966 lnntote
451 908 639 973 humanu
671 929 740 966 num
774 928 855 966 uno
878 917 992 966 tantum
1022 910 1257 986 inutraque
1288 911 1352 968 cius
1392 921 1522 980 natura,
1547 911 1575 965 in

308 1005 370 1054 toto
398 997 558 1072 composito
589 994 762 1054 theondrico
791 993 896 1053 messe
926 993 1049 1064 dicotur,
1084 1008 1113 1051 et
1145 1016 1202 1074 qno
1233 1009 1302 1054 tunc
1334 1016 1432 1054 sensu
1473 1013 1572 1057 ..uns

307 1081 513 1160 accipiendum
537 1084 583 1147 sit,
613 1103 701 1140 sensu
734 1081 922 1160 physico
952 1095 980 1140 ot
1005 1084 1221 1140 numerico
1245 1103 1309 1140 cum
1336 1083 1576 1142 Monotheletis.

309 1168 505 1241 intelligendo
520 1170 611 1226 solam
628 1169 810 1227 voluntatem
826 1168 969 1237 divinum,
993 1187 1031 1227 an
1047 1187 1134 1232 sensu
1156 1169 1191 1226 lo
1204 1191 1223 1242 g
1236 1171 1243 1226 i
1258 1189 1311 1240 co,
1336 1172 1381 1227 ita
1400 1183 1433 1228 nt
1452 1182 1574 1228 tantum

308 1257 395 1314 unius
418 1258 527 1334 speciei
552 1269 635 1314 nctus
666 1259 697 1314 in
721 1258 785 1334 ipso
807 1267 955 1332 ponentur
984 1277 1009 1312 e.
1030 1277 1059 1330 g.
1081 1265 1194 1314 tautum
1232 1259 1350 1318 amoris
1374 1277 1420 1314 an
1446 1256 1575 1316 demum

308 1363 395 1400 sensu
426 1343 594 1407 morali,
625 1354 655 1398 et
685 1363 896 1421 quaenam
929 1345 987 1400 sint
1012 1354 1082 1402 tunc
1109 1343 1179 1402 illue
1207 1343 1304 1421 plnres
1337 1343 1570 1416 „voluntates-

307 1449 382 1506 quue
405 1442 524 1506 propter
551 1431 790 1488 conuenientium
814 1431 845 1486 in
869 1427 971 1488 eodem
995 1427 1109 1488 obiecto
1136 1435 1229 1494 „unm
1256 1429 1423 1488 dicuntur?
1449 1436 1574 1489 Suntne

306 1516 405 1594 plures
427 1515 547 1573 volendi
572 1519 789 1594 potentiue.
821 1514 925 1574 dicius
948 1516 1059 1574 scilicet
1082 1528 1111 1575 et
1134 1517 1271 1580 humens,
1294 1537 1333 1575 on
1350 1528 1425 1576 sunt
1450 1517 1571 1576 diversi

307 1601 427 1660 volendi
452 1602 583 1660 nctus?
607 1604 819 1680 ldtquinum
836 1614 918 1662 sotus
942 1614 1017 1664 suist.
1041 1617 1123 1662 octus
1146 1605 1391 1662 inefficaces
1418 1620 1451 1662 et
1478 1607 1572 1662 efli-

309 1709 430 1753 coces,
454 1709 492 1748 uo
515 1701 597 1748 octus
623 1692 820 1748 etsicaces
845 1689 1036 1748 humanae
1061 1691 1212 1750 Christi
1236 1701 1406 1749 naturae
1440 1713 1483 1750 ex
1512 1713 1572 1750 nnc

310 1789 437 1854 parteet
460 1788 569 1834 nctus
593 1790 757 1834 naturae
784 1775 1008 1835 diviusc‘ex
1033 1777 1148 1836 alters?

417 1867 467 1920 30.
490 1864 578 1920 Nunc
593 1876 699 1931 nutem,
723 1867 747 1921 si
768 1883 845 1931 ,uns
863 1864 999 1922 voluntas
1011 1864 1133 1922 Domini
1146 1865 1245 1922 Nostri
1259 1864 1325 1924 lesu
1340 1865 1483 1922 Christi·
1507 1881 1569 1922 tarn

309 1950 435 2009 divorsis
452 1949 586 2008 sensibus
602 1953 697 2028 accipi
713 1962 816 2028 potest,
832 1952 897 2008 sive
912 1971 1011 2009 eornm
1025 1972 1091 2015 uno.
1110 1955 1181 2014 sive,
1197 1963 1314 2028 propter
1326 1971 1430 2008 eorum
1449 1973 1570 2010 nexum

309 2057 374 2096 cum
391 2039 528 2108 invicem,
544 2037 676 2114 pluribus
696 2037 791 2101 simul.
807 2037 965 2115 (ponentur,
988 2059 1059 2116 quo
1075 2041 1164 2116 igitur
1180 2058 1266 2096 seusu
1285 2039 1497 2096 Honorius
1515 2061 1570 2096 ex·

307 2127 488 2202 pressionem
511 2123 588 2182 hauc
613 2127 768 2202 acceperit.
792 2128 891 2202 Atque
915 2127 1040 2202 primum
1065 2125 1185 2204 quidem
1208 2145 1335 2202 quonam
1371 2128 1457 2182 crit
1472 2149 1490 2182 c
1504 2129 1569 2183 rio

305 2213 347 2268 uti
371 2209 520 2271 debemus.
544 2210 582 2268 ad
605 2211 682 2269 lmuc
705 2231 822 2270 sensum
855 2211 1090 2270 inveniendum?
1114 2213 1208 2278 Putet,
1234 2211 1288 2269 hoc
1313 2212 1470 2270 criterium
1498 2234 1567 2271 csse

303 2299 449 2376 imprimis
483 2310 652 2356 contextum
687 2310 748 2356 turn
782 2297 1007 2356 antecedentem
1030 2309 1091 2358 tum
1117 2311 1356 2376 consequentem,
1385 2302 1567 2376 proximum

302 2398 332 2442 ct
346 2397 495 2453 remotum,
512 2384 620 2443 deinde
636 2388 817 2462 propositum
830 2387 918 2442 totius
935 2387 1085 2462 epistolae,
1102 2385 1180 2464 quod
1193 2386 1292 2463 aliquo
1308 2384 1394 2443 modo
1411 2385 1566 2444 illustrari

302 2485 398 2550 potest
422 2493 459 2528 cx
482 2473 608 2550 epistola
631 2475 736 2546 sergii,
759 2471 797 2529 ed
821 2493 909 2550 quum
942 2472 1090 2532 Honorius
1127 2471 1291 2549 respondet.
1326 2471 1447 2530 demum
1474 2477 1566 2530 testi-

303 2561 402 2616 monio
425 2574 548 2617 externa
571 2561 717 2636 imprimis
740 2562 811 2625 eius,
827 2561 877 2637 qui
895 2562 957 2638 ipse
980 2561 1134 2637 epistolam
1159 2561 1284 2636 scripsit,
1309 2559 1433 2618 Ioannis
1450 2560 1565 2617 Philo-

303 2648 387 2724 poni;
411 2646 484 2703 liaeo
507 2648 626 2703 criteriu
647 2667 748 2704 omnes
772 2655 905 2704 suctores
928 2657 1098 2724 agnoscunt,
1122 2649 1177 2704 etsi
1202 2647 1276 2704 forte
1300 2645 1352 2702 nlii
1376 2647 1439 2703 nlin
1455 2651 1563 2722 magis

306 2745 429 2808 urgeant
453 2747 481 2790 et
505 2754 604 2790 corum
628 2753 681 2790 usu
704 2732 741 2791 nd
766 2732 899 2791 ‹liversos
924 2734 1127 2792 conclusiones
1151 2733 1320 2792 deveniunt.

416 2823 466 2877 31.
490 2823 539 2876 Sic
562 2820 706 2877 llolele
737 2819 906 2878 concludit:
945 2822 996 2880 ,ἓν
1027 2821 1099 2878 illud
1132 2819 1264 2900 θέλημα,
1293 2818 1372 2897 qnod
1401 2819 1563 2877 Honorius

308 2908 450 2980 agnoscit,
474 2927 531 2963 nou
555 2919 597 2963 cst
622 2907 759 2966 voluntas
783 2910 951 2984 incorrupta
967 2908 1105 2969 humanu.
1129 2906 1179 2964 sed
1198 2907 1332 2965 voluutas
1355 2905 1503 2963 divina
1527 2910 1561 2964 in

308 2992 427 3050 Christo
452 3037 458 3049 .
481 3037 487 3049 .
512 3039 518 3049 .
543 2994 711 3052 llurnunem
744 2994 855 3052 Christi
891 2995 1072 3052 voluntatem
1108 2997 1227 3052 omnino
1261 2992 1356 3070 perdit
1388 3013 1424 3049 ex
1449 2993 1561 3056 oculis,

309 3079 474 3156 qnia'haec
496 3081 646 3138 moraliter·
669 3101 727 3138 unu
750 3093 794 3138 cst
817 3101 881 3138 cum
905 3079 1060 3138 divinu'et
1085 3081 1234 3139 Honorius
1257 3083 1335 3138 inter·
1357 3080 1503 3136 moralem
1529 3097 1559 3137 er

308 3166 462 3244 physicum
498 3169 640 3225 unitatem
673 3189 731 3225 non
763 3167 945 3244 distirrguit.“
967 3166 1010 3229 4³}
1053 3169 1077 3224 l}
1101 3169 1246 3225 contrario
1284 3167 1370 3224 fero
1407 3187 1559 3224 omncs

309 3253 393 3312 alii
418 3253 604 3316 concludunt,
643 3255 805 3312 lionorium
828 3254 865 3312 dc
889 3254 993 3312 divino
1024 3255 1175 3314 voluntate
1205 3275 1263 3312 non
1294 3255 1448 3329 cogitasse.
1472 3255 1558 3312 nftir-

308 3361 405 3398 mossc
437 3361 507 3398 vero
542 3361 629 3398 tinum
664 3355 777 3399 tantum
813 3342 994 3400 voluntatem
1031 3342 1330 3400 humanitatis
1354 3339 1475 3397 Christi.
1503 3342 1554 3398 Sic

308 3448 374 3484 eum
396 3430 456 3486 ium
484 3427 636 3505 explicant
669 3429 796 3486 loannes
819 3429 881 3496 ll'.,
905 3431 947 3486 sic
970 3431 1142 3486 secretarius
1164 3429 1297 3488 llouorii.
1321 3429 1371 3504 qui
1391 3421 1554 3504 'epistolam

307 3516 432 3592 scripsit.
456 3519 497 3572 sic
521 3536 542 3572 s.
566 3516 715 3572 Maximus
738 3515 809 3572 locis
840 3519 973 3592 superius
1006 3519 1064 3572 ium
1097 3518 1207 3586 citatim
1231 3525 1260 3572 et
1284 3515 1460 3572 recentiores
1492 3515 1554 3570 ferr·

308 3601 498 3679 epistolarum
533 3605 626 3659 textui
651 3623 703 3679 per
725 3603 780 3659 lios
802 3613 891 3660 testes
927 3603 1075 3680 explicato
1100 3604 1259 3660 insistunt..
1282 3601 1355 3672 „itta
1386 3599 1484 3666 verbu,
1510 3603 1553 3658 sic

307 3689 334 3746 'l'
349 3689 366 3746 h
380 3711 400 3767 y
413 3709 506 3747 rsus
542 3690 737 3748 lionzslez
761 3688 939 3766 appellando
962 3689 997 3746 od
1024 3689 1246 3756 llellurrninum,
1285 3707 1389 3745 »tinam
1414 3688 1551 3745 volunte-

307 3786 384 3832 tem‹
413 3798 471 3834 nou
495 3788 562 3833 sunt
585 3775 781 3852 intelligendu
804 3774 841 3833 de
865 3776 984 3834 Christo
1020 3777 1217 3853 specilicutive
1252 3785 1374 3852 sumpto,
1406 3785 1551 3852 spuatenus

309 3875 352 3919 cst
386 3863 465 3920 llous
489 3875 518 3920 et
543 3864 636 3926 homo.
660 3862 712 3921 sed
735 3862 771 3920 dc
796 3863 915 3921 Christo
953 3862 1166 3940 reduplicative.
1189 3877 1219 3920 ur
1244 3862 1375 3933 hominer
1399 3861 1551 3938 solumque

309 3949 479 4023 significant
504 3951 533 4007 in
558 3951 677 4008 Cluisto
701 3964 732 4008 ut
761 3950 879 4007 homine
912 3971 970 4008 non
1001 3971 1065 4007 esse
1096 3949 1169 4007 duas
1193 3949 1359 4007 voluntates
1390 3951 1551 4005 contrarios

308 4034 365 4093 sibi
384 4037 511 4093 invicem
529 4048 734 4112 repugnantes.
759 4051 789 4094 ut
806 4049 874 4094 suut
891 4040 920 4095 in
945 4035 1037 4104 nobis,
1061 4037 1183 4093 ultorum
1201 4037 1305 4105 carnis,
1329 4037 1550 4112 provenientem

308 4144 345 4179 ex
370 4135 497 4198 peccato,
529 4123 651 4180 alteram
688 4126 816 4200 spirituo,
850 4123 901 4181 sed
933 4144 1030 4191 unani,
1062 4121 1222 4180 sdliicctum
1256 4124 1375 4179 omniuo
1408 4121 1549 4178 voluntati

308 4208 446 4265 divinae*
467 4206 519 4283 ⁴⁶).
556 4211 672 4266 similia
694 4210 785 4268 liubet
816 4211 958 4268 Petrus
990 4211 1213 4268 Bulleriui:
1249 4207 1378 4284 „Quodsi
1403 4210 1435 4266 in
1459 4210 1551 4286 prims

307 4295 432 4371 epistola
455 4294 493 4352 nd
516 4299 651 4372 Sergium
682 4318 770 4356 unam
803 4298 983 4355 voluntatem
1009 4311 1158 4360 memoret,
1189 4317 1225 4353 ue
1249 4315 1314 4354 cum
1339 4292 1463 4352 dirorum
1486 4315 1550 4372 opc·

307 4382 452 4437 rationum
476 4381 667 4440 distinctione
699 4388 728 4442 in
760 4383 827 4441 aliis
856 4383 894 4441 od
926 4383 1050 4442 eundem
1082 4383 1189 4440 litteris
1213 4398 1272 4440 tum
1296 4381 1375 4439 olore
1406 4402 1550 4459 expresse

307 4487 463 4544 secumque
503 4491 632 4545 [tricione
670 4469 813 4539 credatur,
852 4491 911 4528 non
948 4471 1115 4528 divinitatis
1162 4479 1190 4526 et
1229 4469 1424 4526 humanitatis
1466 4487 1549 4526 unum

353 4635 388 4697 ⁴⁶)
410 4637 730 4703 Konzilieugeschichtc
750 4640 795 4689 lll.
815 4639 866 4690 149
885 4639 920 4703 (2.
942 4641 985 4692 ed.
1007 4657 1037 4706 p.
1052 4639 1122 4704 151).

356 4703 392 4767 ⁴⁸)
414 4706 457 4755 De
475 4706 685 4759 lulnllibilitute
703 4708 828 4758 Romani
848 4708 995 4760 Pontiticis
1016 4709 1074 4760 721.
