3450 5342
889 307 1084 360 -ess-

364 495 479 553 tialium
505 496 561 551 iam
595 493 669 551 nihil
692 495 791 554 scitur.
821 492 873 551 sed
898 506 1012 571 tempus
1041 508 1069 550 et
1099 515 1187 572 opera
1211 496 1427 572 poenitentiae
1462 490 1602 568 dependere

363 584 484 639 omnino
508 603 526 639 a
550 581 700 638 uoluntate
724 582 816 658 ipsius
839 581 1015 638 confitentis.

471 667 624 744 Principia
648 668 737 742 igitur
760 678 789 724 et
812 677 902 725 totum
928 678 1058 746 systema
1075 669 1283 725 uumocanonis
1305 665 1545 745 poenitentiale·
1564 686 1606 720 nen

364 754 457 812 solum
481 766 548 812 sumt
562 752 681 812 diversa
704 752 854 831 scdplane
878 751 1212 831 contrariadiscipliuae
1237 753 1463 831 poenitentiali
1487 752 1605 809 ecclesie.

364 840 516 898 orientalis
539 853 609 898 ante
632 841 788 899 concilium
811 840 997 898 'l'rullauum
1019 839 1148 898 Proinde
1172 876 1212 883 --
1237 860 1437 898 nomoeanon
1456 861 1516 897 non
1539 842 1606 915 parm

365 926 481 1006 prodire
505 928 556 984 illo
579 938 709 1005 tempere
729 947 779 985 seu
806 961 843 969 -
868 925 946 1004 quod
970 926 1048 985 idem
1071 928 1254 985 estlormnes
1278 927 1437 984 Nesteuta
1465 925 1608 1003 patriarchi

367 1035 441 1074 saec.
466 1010 526 1074 Vlli
548 1035 606 1071 non
629 1025 724 1092 potest
747 1034 811 1071 esse
835 1015 898 1071 cius
921 1025 1029 1073 auctor.

475 1099 629 1158 Accedunt
653 1100 729 1157 aliae
752 1103 894 1158 rationes:
918 1105 960 1160 st.
978 1099 1316 1177 lsidorusllispalensis.
1343 1103 1398 1178 qui
1420 1101 1505 1156 vixit
1528 1098 1607 1154 aulen

367 1191 427 1246 lere
458 1197 596 1264 tempore,
627 1207 684 1264 equo
708 1187 875 1265 patriarcha
906 1188 1057 1249 Nesteuta.
1087 1187 1242 1264 descripsit
1274 1190 1304 1245 in
1328 1207 1427 1265 opere
1463 1185 1542 1263 quod
1568 1202 1610 1239 ese

367 1276 412 1332 De
438 1277 508 1331 viris
532 1273 694 1331 illustribus
712 1276 836 1331 -satis
860 1286 994 1332 accurate
1017 1276 1080 1332 eius
1104 1276 1195 1332 vitam
1223 1310 1259 1316 —
1284 1275 1369 1332 hisce
1398 1274 1521 1331 verbis:
1546 1271 1609 1327 loan-

368 1382 420 1420 nes
443 1373 563 1419 sanctae
587 1363 744 1418 memoriae
761 1362 1107 1439 Constantinopolitanae
1122 1363 1283 1439 episcopus,
1307 1364 1441 1419 natione
1456 1359 1609 1437 Cappadox,

368 1451 414 1505 vir
438 1450 492 1505 fuit
516 1446 741 1505 inaestimabilis
764 1446 963 1506 abstinentiae
986 1460 1015 1505 et
1042 1450 1072 1505 iu
1096 1448 1292 1528 eleemosynis
1315 1451 1348 1506 in
1373 1463 1505 1506 tantum
1528 1447 1611 1519 lurgis·

369 1538 467 1601 simus,
499 1548 529 1591 ut
559 1534 622 1590 zelo
652 1536 796 1591 avaritiae
826 1533 967 1593 adversus
1001 1555 1067 1592 cum
1098 1537 1256 1613 imperator
1279 1536 1448 1593 Mauritius
1484 1551 1611 1611 pennam·-

368 1620 439 1679 urbe
469 1642 611 1699 pauperes
645 1620 797 1697 pellendos
820 1621 961 1680 ediceret:
994 1622 1041 1678 hic
1064 1622 1177 1680 Graeco
1200 1623 1316 1700 cloquio
1339 1621 1445 1680 edidit
1474 1622 1512 1678 de
1536 1641 1613 1675 surrr-

369 1721 467 1765 mento
491 1706 676 1785 baptismatis
701 1710 873 1785 rescriptum
896 1720 951 1766 ete.
975 1709 1191 1767 Nomocanonis
1215 1723 1311 1767 autern
1335 1721 1372 1766 st.
1394 1709 1538 1770 Isidorus
1565 1706 1611 1763 nul·

368 1796 427 1852 lam
451 1794 522 1852 facit
545 1796 732 1852 mentionem.
757 1794 839 1852 Nihil
865 1798 959 1853 sciunt
992 1794 1029 1853 de
1055 1817 1089 1853 00
1113 1797 1267 1874 scriptores
1291 1795 1404 1854 Graeci
1437 1798 1481 1855 lo.
1506 1796 1612 1852 Dama<-

368 1901 458 1940 cenus
488 1895 515 1938 ct
539 1880 713 1939 'l'heodurus
744 1881 884 1939 n'tudites.
919 1883 1022 1959 Neque
1055 1883 1179 1941 l'hotius
1210 1885 1240 1940 in
1270 1904 1358 1960 opere
1384 1880 1606 1961 ,lIeorop'thu

369 1971 432 2025 sire
456 1967 643 2025 Bibliotheca
672 1967 833 2045 quidquam
856 1969 985 2045 loquitur
1015 1968 1051 2026 de
1076 1970 1126 2026 illo
1149 1972 1256 2048 scripto
1278 1973 1428 2027 canonico
1453 1971 1610 2028 Nestoras:

371 2054 488 2112 lleiude
519 2075 612 2131 neque
648 2054 794 2133 „synodus
818 2058 953 2112 unionis·
988 2075 1063 2134 (puae
1095 2068 1222 2124 vocatur,
1254 2059 1337 2113 initio
1362 2079 1447 2115 sace.
1477 2057 1516 2113 X.
1552 2062 1609 2111 pssri

371 2140 473 2199 habita
497 2140 608 2198 sciebat
632 2140 792 2218 quidquam
816 2141 852 2198 de
877 2161 1077 2200 nomocanoue
1097 2144 1310 2220 poenitentiali.
1334 2144 1470 2202 Sienim
1496 2145 1609 2201 scivisse:

371 2241 399 2286 et
423 2231 446 2286 si
471 2248 654 2286 nomecanon
678 2240 746 2285 tunc
770 2232 910 2306 temporis
934 2231 964 2286 in
987 2250 1039 2287 usu
1063 2232 1190 2307 practico
1214 2230 1316 2288 fnisset
1338 2264 1369 2271 —
1385 2247 1474 2288 certe
1500 2226 1611 2307 synode

370 2316 423 2373 illa
446 2327 577 2372 statuens
600 2316 796 2392 poenitentias
821 2329 939 2394 propter
954 2315 1114 2393 bigamiam
1139 2329 1166 2373 ct
1187 2319 1354 2393 trigamiam
1378 2330 1571 2394 provocasset
1583 2312 1607 2367 ul

370 2423 436 2461 cum
452 2412 602 2479 tamquam
627 2423 758 2459 normam
771 2401 946 2480 disciplinae
959 2404 1175 2462 ecclesiastieae
1192 2400 1390 2488 (Oyssopoee.
1417 2424 1470 2464 ren
1484 2417 1610 2483 11011001

372 2507 488 2550 011011,
512 2485 648 2548 nuiurrirr
672 2535 677 2545 .
702 2535 708 2546 .
734 2524 771 2531 —
797 2491 910 2567 pilii]
935 2491 990 2567 sq.)

481 2576 626 2652 Denique,
649 2587 734 2652 prout
758 2579 816 2633 iarn
840 2588 1082 2654 supranotatum
1106 2588 1158 2647 est,
1186 2579 1392 2655 antiquissima
1419 2576 1607 2649 manuscripta

371 2663 458 2720 huius
481 2664 692 2721 nomoeanonis
715 2666 868 2721 continent
892 2666 1012 2721 notitias
1035 2662 1071 2720 de
1096 2663 1270 2741 quibusdam
1295 2666 1444 2722 institutis
1470 2662 1606 2721 ecclesia-

371 2752 447 2818 ticis,
472 2768 547 2826 quae
570 2758 638 2807 ante
662 2769 736 2808 saec.
760 2749 815 2807 lX.
839 2754 871 2808 in
894 2752 1019 2808 eeclesia
1042 2751 1177 2809 orientali
1202 2754 1303 2827 ignota
1326 2764 1423 2821 crant:
1464 2752 1606 2828 posteriora

373 2848 469 2892 autem
493 2837 672 2913 manscripta
703 2839 855 2894 continent
879 2837 1023 2915 quaedam
1047 2839 1138 2894 citata
1163 2841 1344 2915 scriptorum.
1377 2841 1427 2915 qui
1458 2841 1511 2894 rix
1535 2852 1607 2910 usque

374 2921 411 2977 ad
436 2940 510 2977 sace.
533 2921 590 2980 lx.
614 2924 784 2999 pertingunt
809 2924 844 2999 (c.
869 2946 910 3000 gr.
934 2936 1006 3002 patr.
1031 2924 1199 2999 hletlrodii).

482 3006 601 3065 Exinde
618 3011 757 3086 sequitur,
781 3030 998 3069 nomoeanoues
1014 3012 1249 3088 poenitentiales,
1272 3015 1321 3088 qui
1339 3010 1544 3069 inscribuntur
1565 3027 1605 3063 ue

373 3095 453 3152 minc
469 3094 591 3151 Ioannis
606 3096 767 3153 Nestcutae
791 3106 859 3154 ante
884 3118 958 3155 saec.
972 3098 1011 3157 X.
1035 3098 1082 3155 1·οΙ
1100 3099 1203 3156 saltem
1227 3109 1295 3156 ante
1319 3098 1453 3157 medium
1480 3092 1596 3157 saecli

374 3202 432 3239 non
456 3183 649 3239 extitisse-
672 3204 725 3239 nce
749 3183 871 3260 proinde
895 3184 1091 3261 patriarcham
1116 3186 1265 3248 loannem,
1289 3187 1339 3263 qui
1362 3188 1439 3242 vixit
1468 3180 1604 3243 saecl'll.

373 3289 473 3327 eorum
497 3278 644 3325 auctorem
669 3290 732 3327 esse
757 3291 849 3348 posse.
1586 3334 1591 3355 ,

481 3355 544 3412 lam
568 3358 659 3412 oritur
682 3360 822 3434 quaestio,
846 3358 991 3435 quomodo
1007 3358 1151 3435 explicari
1174 3360 1274 3435 possit,
1297 3358 1375 3436 qnod
1400 3372 1601 3418 nomocauuuet

373 3443 492 3499 nominc
522 3443 707 3519 patriarchae
735 3444 896 3502 Nesteutae
919 3447 1053 3522 inseripti
1081 3447 1140 3502 siut
1163 3457 1192 3502 et
1223 3478 1265 3488 -
1295 3444 1366 3523 quid
1397 3445 1554 3504 tenendum
1575 3443 1602 3496 sit

373 3527 411 3585 <le
434 3530 571 3606 opinione
600 3542 628 3586 et
657 3551 800 3589 consensu
829 3534 1000 3608 scriptorum
1026 3535 1205 3589 Graecorum
1233 3531 1302 3590 inde
1325 3553 1342 3589 a
1365 3552 1440 3594 saec.
1470 3533 1539 3590 Xl0.
1566 3528 1602 3603 qui

373 3617 517 3691 originem
543 3619 752 3674 nomocanonis
776 3618 820 3674 illi
843 3618 1028 3695 patriarchae
1051 3617 1243 3678 tribuebant?

481 3703 631 3779 Imprimis
663 3704 959 3763 animadvertendum
984 3719 1027 3762 est
1051 3708 1220 3783 opinionem
1243 3709 1415 3783 scriptorum
1439 3706 1600 3764 Graecorum

373 3791 406 3846 in
429 3788 515 3845 huius
538 3792 655 3865 generis
679 3790 901 3868 quaestionibus
929 3813 987 3850 non
1010 3794 1111 3870 magni
1135 3813 1198 3850 esse
1222 3793 1340 3853 valoris,
1363 3794 1419 3849 Ex.
1442 3814 1489 3868 gr.
1512 3789 1600 3849 iudet

373 3874 554 3952 temporibus
583 3878 769 3936 Balsamonis
801 3900 902 3936 omnes
933 3881 1087 3957 scriptores
1111 3880 1228 3951 Graeci,
1259 3879 1366 3938 deinde
1396 3882 1490 3938 etiam
1521 3892 1599 3935 omues

374 3961 574 4019 occidentales
597 3984 689 4041 usquc
712 3964 750 4022 ad
774 3966 903 4023 medium
927 3968 1115 4043 praeteritum
1140 3967 1287 4025 saeculum
1300 3967 1521 4025 Nomoeanonis
1542 3958 1598 4021 Xll'

372 4050 427 4119 tit,
452 4050 501 4124 qui
526 4047 641 4120 dicitur,
665 4062 812 4110 eructarem
830 4052 969 4110 Photium
993 4053 1182 4111 asserebant*
1196 4053 1295 4112 Hodie
1311 4064 1408 4111 autem
1432 4066 1540 4112 certum
1561 4064 1597 4105 0³1·

375 4133 458 4190 illum
490 4155 719 4195 nomocanonem
752 4142 811 4196 iam
843 4139 893 4197 diu
917 4152 985 4197 autc
1008 4151 1140 4218 tempora
1163 4140 1263 4198 Photii
1294 4153 1445 4200 exaratum
1481 4143 1561 4199 tuisse
1579 4147 1599 4189 a

375 4220 514 4279 Photium
538 4232 651 4280 tuntum
676 4225 803 4284 cationes
819 4225 942 4284 duarum
967 4227 1144 4305 synodorum
1169 4226 1289 4305 abipso
1312 4239 1478 4286 coactarum
1505 4228 1541 4285 illi
1562 4243 1597 4279 110·

375 4309 531 4364 mocanoni
555 4307 714 4368 addidisse.
747 4313 970 4371 lleccntissimis
993 4314 1173 4391 temporibus
1197 4316 1286 4372 etiam
1318 4314 1354 4373 de
1385 4315 1438 4374 hoc
1470 4315 1597 4373 dubitatur

376 4390 440 4473 (011.
465 4389 650 4478 0100001111,
675 4396 861 4460 l'uebnurre
885 4420 1091 4482 uepreouuaro
1115 4420 1226 4484 upana.
1250 4437 1292 4444 —
1315 4401 1360 4460 cd.
1382 4403 1422 4460 Il.
1442 4436 1480 4446 -
1498 4424 1524 4481 p.
1538 4398 1596 4457 leth

376 4480 447 4537 l'eri
472 4483 621 4541 simillime
646 4488 735 4561 igitur
758 4496 834 4543 totus
850 4488 971 4544 Nonroe.
994 4487 1071 4544 xiv
1094 4490 1138 4548 tit.
1162 4488 1229 4546 aliis
1252 4488 1416 4547 auctoribus
1440 4488 1596 4547 debetur*

375 4577 404 4624 et
427 4568 620 4628 nihilominus
644 4574 799 4649 scriptores
823 4573 930 4633 Graeci
955 4577 1101 4632 cummuni
1126 4594 1270 4633 consensu
1293 4597 1357 4634 eum
1383 4575 1491 4633 Photio
1514 4574 1596 4634 tribue
