3450 5342
873 461 1063 519 -198-

342 648 540 703 aestuantium
559 648 692 701 morbum
710 646 919 715 restinguit
939 650 969 699 st
988 646 1100 699 linit“.
1128 646 1273 715 Gregor.
1293 646 1373 697 Nar„
1391 644 1437 697 Or.
1456 643 1501 708 40,
1519 660 1548 695 n.
1566 642 1601 697 8:

344 721 396 770 Hal
413 722 496 770 ταῦτα
514 720 563 769 οὐκ
581 718 659 781 οὔσης
677 719 799 781 acapna
817 718 999 779 ἀναπλάσειος,
1017 718 1070 766 κᾶν
1087 717 1126 766 ὅτι
1144 718 1257 781 μάλιστα
1275 716 1434 779 sermome
1452 716 1551 779 ια”ιτην
1569 714 1600 764 ἐν

342 790 456 850 πολλοῖς
483 793 636 854 στεναγμοῖς
653 802 683 837 τε
709 790 756 837 καὶ
773 788 904 850 δάκρυσιν,
932 786 969 845 ἐξ
991 782 1035 837 ὧν
1059 786 1216 847 curatiorem
1236 786 1281 849 ptr
1310 786 1414 850 ἔρχηαι
1441 787 1517 850 μόγις
1535 818 1543 833 .
1563 818 1599 833 ..

344 856 385 911 cf.
403 858 518 922 hthan,
536 856 568 908 ln
587 856 632 909 Ps.
651 855 684 909 31
703 856 758 921 (hd
774 860 820 921 τῆς
838 861 933 919 πικρᾶς
951 858 1087 919 μετανοίας
1107 852 1348 919 ἐπικαλύπτονται).
1383 853 1454 906 Cum
1475 852 1531 904 hoc
1550 866 1599 905 eo-

344 928 454 988 baeret
472 926 549 992 qnod
567 928 665 991 patres
690 940 848 990 numquam
868 940 932 977 curn
952 927 1034 978 tanta
1055 922 1227 977 certitudine
1251 924 1288 975 de
1307 922 1476 975 remissione
1495 936 1600 988 pecca-

343 1000 438 1051 torum
457 997 495 1048 ab
514 995 636 1048 ecclesia
658 998 740 1047 extra
765 994 943 1060 baptismum
969 992 1142 1047 conferenda
1166 995 1321 1060 loquuntur
1346 993 1420 1045 sicut
1438 992 1475 1044 de
1493 990 1600 1045 remis·

345 1067 426 1119 sione
444 1066 474 1117 in
492 1064 646 1131 baptismo.
675 1064 714 1116 tr.
734 1064 937 1130 Cyprianus
956 1062 994 1129 (1)
1013 1064 1056 1115 De
1074 1064 1224 1126 aleatorib,
1248 1078 1274 1115 n.
1295 1062 1322 1115 l:
1341 1077 1395 1127 „ne
1414 1062 1484 1113 dum
1503 1060 1599 1113 delin-

326 1135 502 1201 quentibus
529 1132 648 1187 assidue
671 1133 857 1202 ignoscimus,
885 1134 941 1199 ipsi
966 1148 1030 1185 cum
1056 1133 1108 1185 eis
1133 1133 1242 1199 pariter
1264 1135 1474 1199 torqueamur.“
1504 1130 1601 1183 Aliter

345 1204 463 1257 omnino
482 1204 608 1269 loquitur
625 1219 647 1257 s.
666 1202 896 1271 Augustinus
921 1204 957 1255 de
981 1202 1139 1269 baptismo:
1163 1202 1323 1269 „Baptizati
1349 1216 1448 1253 sumus
1473 1199 1599 1269 elingit

345 1290 363 1327 a
382 1274 466 1327 nobis
485 1272 648 1326 sollicitudo
665 1272 744 1324 vitae
757 1272 957 1339 praeteritae.“
975 1273 1056 1325 Talia
1068 1273 1157 1325 verba
1176 1272 1212 1325 de
1230 1272 1288 1325 alio
1306 1271 1402 1323 medio
1414 1269 1600 1325 remissionis

346 1360 403 1397 non
422 1342 586 1398 audiuntur.
605 1342 677 1394 item
696 1342 831 1395 cohaeret
848 1358 913 1395 cum
934 1343 987 1395 hoc
1006 1342 1149 1394 sententia
1167 1344 1287 1409 peccata
1306 1341 1334 1393 111
1352 1340 1385 1393 N.
1398 1340 1427 1393 T.
1447 1338 1599 1392 difficilius

346 1413 455 1467 remitti
474 1428 562 1478 quam
582 1412 610 1463 in
629 1412 663 1463 V.
681 1412 709 1463 ’1.
730 1411 770 1464 Cl.
789 1412 928 1481 Gregor
946 1413 1033 1477 Nea,
1052 1410 1144 1463 Carm.
1163 1410 1198 1463 28
1216 1410 1296 1477 (sect
1317 1408 1360 1475 11.)
1379 1425 1405 1461 u.
1424 1408 1475 1461 263
1495 1424 1532 1461 ss.

452 1483 523 1533 llub.
543 1480 567 1534 5.
587 1480 688 1534 Patres
708 1481 813 1534 docent
830 1496 936 1535 munus
955 1481 1138 1533 sacerdotnm
1152 1481 1243 1534 relate
1257 1480 1294 1533 ed
1307 1480 1488 1547 poenitentes
1501 1478 1600 1531 consi-

347 1555 424 1605 stere
442 1552 472 1603 in
491 1565 571 1603 mera
584 1550 794 1603 exhortatione.
814 1550 1065 1617 Firmilianus,
1084 1550 1135 1617 Ep.
1154 1550 1189 1603 75
1208 1550 1283 1603 inter
1295 1550 1396 1615 Cypr.:
1415 1549 1495 1613 „Non
1510 1548 1601 1613 quasi

347 1637 365 1673 a
384 1622 468 1673 nobis
493 1620 694 1673 remissionem
720 1623 903 1686 peccatorum
931 1622 1144 1686 consequantur
1169 1617 1276 1687 [lapsil,
1296 1620 1346 1671 sed
1365 1622 1397 1671 ut
1415 1634 1466 1684 per
1485 1633 1538 1670 nos
1556 1618 1599 1671 ad

348 1690 573 1759 intelligentiam
586 1689 757 1741 delictorum
771 1704 887 1742 suornm
901 1692 1104 1743 convertantur
1117 1693 1145 1741 et
1158 1690 1281 1742 Domino
1299 1688 1413 1755 plenius
1427 1688 1599 1740 satisfacere

348 1759 514 1829 cogantur.“
541 1759 609 1811 ldeo
633 1759 860 1826 Ambrosius,
881 1758 922 1811 De
946 1760 992 1826 Sp.
1012 1774 1034 1812 s.
1053 1760 1077 1825 3,
1097 1774 1119 1811 c.
1140 1757 1173 1812 18
1190 1760 1245 1813 Per
1272 1759 1409 1825 Spiritum
1436 1774 1467 1813 s..
1492 1756 1601 1825 inquit⁷

349 1833 468 1897 peccata
489 1828 649 1894 donantur;
674 1828 807 1881 homines
825 1831 923 1882 autem
949 1828 1142 1882 ministerium
1167 1829 1314 1893 exhibent,
1333 1842 1390 1879 non
1410 1827 1454 1879 ius
1472 1827 1600 1879 alicuius

350 1900 504 1967 potestatis
523 1901 664 1951 exercent.
684 1925 717 1935 -
737 1898 777 1951 Cf.
798 1898 833 1950 lo.
853 1898 999 1963 chrysost.
1019 1900 1050 1951 ln
1070 1898 1139 1951 Gen.
1159 1897 1191 1951 ll
1211 1899 1286 1951 hom.
1306 1898 1349 1961 30,
1368 1913 1394 1949 n.
1413 1896 1437 1949 5.

452 1968 525 2021 Dub.
544 1968 569 2021 6.
588 1968 719 2021 Ecclesia
738 1983 789 2033 pro
808 1968 1024 2034 poenitentibus
1052 1967 1125 2020 nihil
1149 1967 1228 2020 aliud
1247 1971 1342 2033 potest
1366 1967 1422 2019 nisi
1442 1981 1531 2018 orare.
1551 1966 1599 2018 lta

350 2038 434 2091 docet
451 2037 641 2105 Augustinus,
660 2037 702 2089 De
721 2037 799 2103 bapt.
819 2037 888 2091 131
907 2038 999 2105 „Quid
1018 2041 1062 2090 est
1080 2038 1161 2091 aliud
1179 2037 1305 2103 expiatio
1331 2036 1518 2089 sacerdotalis
1537 2035 1600 2087 nisi

349 2108 442 2160 oratio
461 2122 548 2173 super
575 2106 761 2158 hominem‘?“
789 2106 869 2159 idem
898 2108 991 2159 locum
1020 2107 1103 2160 illum
1132 2107 1161 2159 lo
1188 2106 1230 2172 20,
1258 2106 1292 2159 23
1310 2107 1434 2173 explicat
1454 2106 1490 2156 de
1509 2105 1602 2157 modo

350 2176 548 2243 impetratorio
574 2176 755 2228 remissionis
787 2178 978 2243 peccatorum,
1007 2192 1092 2243 quem
1120 2178 1267 2299 progrium
1295 2192 1360 2229 esse
1389 2176 1460 2228 dicit·
1486 2174 1600 2227 sanctis

350 2247 489 2299 ecclesiae
517 2246 664 2297 membris.
693 2246 732 2299 Cl.
761 2246 866 2298 Contra
894 2246 998 2299 Donat.
1023 2248 1040 2299 1.
1066 2247 1091 2310 2,
1110 2246 1166 2299 cl
1197 2248 1241 2312 ;l.
1260 2246 1285 2313 6,
1305 2262 1326 2297 c.
1346 2246 1381 2311 4;
1400 2246 1492 2298 Tract.
1511 2242 1598 2295 58111

348 2318 387 2369 lo.
407 2344 439 2353 —-
460 2315 598 2368 Similiter
614 2315 683 2367 Leo
702 2316 748 2381 M,
761 2316 812 2381 Hp.
826 2315 859 2369 91
875 2316 946 2369 dicit
959 2319 1024 2382 post
1037 2316 1214 2382 baptismum
1229 2316 1441 2383 indulgentiam
1456 2314 1517 2373 Dei,
1531 2312 1548 2365 i.
1562 2328 1599 2381 e.,

348 2386 550 2440 remissionem
579 2384 731 2437 criminum
759 2384 815 2437 nisi
844 2386 1189 2452 supplicationibus
1217 2386 1398 2437 sacerdotum
1425 2399 1482 2437 non
1510 2398 1600 2449 posse

349 2455 490 2521 obtineri,
510 2455 543 2507 ci.
562 2455 614 2520 Ep.
634 2453 692 2507 136.
712 2454 958 2521 Hieronymus
978 2456 1009 2508 ln
1028 2472 1071 2522 ps.
1089 2454 1141 2509 28:
1160 2455 1222 2507 Vox
1241 2454 1357 2507 Domini
1376 2455 1406 2507 in
1425 2468 1601 2519 unoquoque

347 2530 479 2578 nostrum
493 2524 642 2576 flammam
655 2524 786 2576 libidinis
799 2540 850 2591 per
863 2525 1073 2577 contessionem
1084 2532 1112 2578 et
1123 2525 1248 2595 gratiam
1263 2524 1385 2590 Spiritus
1399 2539 1420 2575 s.
1434 2522 1600 2587 intercedit,

349 2596 367 2648 i.
386 2612 419 2658 e.,
439 2610 490 2659 per
518 2594 679 2647 orationem
710 2594 869 2647 sacerdotis
900 2594 969 2647 iacit
997 2612 1118 2647 cessare.
1147 2593 1348 2646 Pacianus:
1376 2594 1429 2660 Qui
1457 2593 1601 2645 iratribus

349 2670 468 2731 peccata
482 2679 534 2715 sua
546 2678 603 2715 non
617 2666 702 2729 tacet,
714 2664 861 2717 Ecclesiae
877 2664 1005 2716 lacrimis
1024 2666 1141 2717 adiutus
1155 2662 1261 2717 Christi
1274 2663 1407 2729 precibus
1427 2662 1599 2715 absolvitur.

350 2735 390 2787 Ci.
410 2734 542 2786 Ambros.
563 2733 594 2784 ln
613 2733 679 2785 Luc.
699 2734 716 2784 1.
736 2733 760 2785 5.
780 2749 802 2785 c.
822 2733 872 2799 11;
892 2733 1016 2802 Origen,
1035 2735 1077 2787 De
1096 2736 1167 2787 orat
1186 2748 1213 2785 n.
1232 2733 1274 2787 28.
1293 2736 1345 2786 etc.

454 2802 528 2855 Dub.
547 2802 570 2853 7.
589 2803 690 2855 Patres
708 2802 814 2856 docent
831 2804 868 2855 ab
888 2803 1010 2857 ecclesia
1036 2806 1149 2857 tantum
1174 2802 1314 2855 offensam
1340 2802 1432 2868 ipsius
1456 2800 1602 2853 ecclesiae

350 2888 435 2939 posse
463 2871 626 2924 condonari.
653 2872 698 2924 lta
725 2872 926 2925 Pacianus:
954 2872 1074 2937 „Cetera
1102 2889 1177 2939 vero,
1202 2872 1304 2939 inquit,
1332 2879 1450 2938 peccata
1471 2870 1602 2937 {praeter

349 2941 554 3008 idololatriam,
578 2940 775 3009 homicidium,
803 2940 990 3009 adulterium]
1016 2944 1168 2996 contrariis
1194 2942 1279 2995 bonis
1303 2942 1438 3008 operibus
1464 2938 1600 2993 sananda

350 3013 443 3063 sunt.‘⁴
472 3011 697 3077 Cyprianus:
726 3012 897 3076 „Poenitens
924 3016 1042 3079 peracta
1069 3012 1267 3065 satisfactione
1294 3027 1367 3077 eam,
1393 3026 1479 3075 (luam
1504 3024 1601 3075 nuper

350 3081 580 3144 contristaverat,
599 3081 707 3132 laetam
725 3081 796 3133 iacit
813 3082 974 3134 ecclesiam.
1001 3082 1173 3135 Constit.
1198 3086 1323 3147 apost.
1348 3098 1370 3133 c.
1390 3080 1436 3131 21:
1462 3080 1523 3130 Ἐὰν
1551 3074 1602 3131 οὖν

349 3167 385 3273 ¹3
404 3153 489 3271 &qu
506 3157 561 3271 τοές
570 3150 749 3271 gyprlcprqadm,
767 3156 821 3214 πῶς
844 3152 916 3216 ὑμεῖς
941 3154 1063 3217 λήψεσθε
1090 3153 1136 3217 τὴν
1163 3155 1254 3215 ἄφεσιν
1278 3157 1328 3202 τῶν
1356 3154 1485 3217 sparsam
1511 3150 1599 3213 ὑμῶνς

365 3221 390 3271 “·
409 3235 436 3285 1>-
483 3219 511 3285 'w
550 3235 597 3272 ¹¹·
634 3260 640 3272 ·

298 3332 302 3338 .
454 3289 528 3342 Dnb.
546 3288 571 3341 8.
589 3290 690 3341 Patres
709 3289 853 3342 communi
873 3305 1013 3342 consensu
1040 3290 1139 3343 dicunt
1163 3295 1312 3356 peccatum
1338 3293 1437 3342 contra
1457 3288 1600 3354 Spiritum

351 3376 373 3413 s.
402 3374 466 3411 esse
496 3358 703 3410 irremissibile.
728 3360 772 3411 lta
797 3360 920 3412 Hermas
945 3360 1017 3412 dicit
1041 3360 1069 3411 in
1098 3359 1148 3427 eis,
1173 3360 1221 3425 qui
1249 3374 1354 3412 nomen
1381 3359 1434 3411 Dei
1459 3357 1599 3423 blasphe-

350 3432 511 3495 maverunt,
530 3428 738 3494 poenitentiam
749 3429 827 3482 vitae
839 3444 896 3481 non
906 3444 971 3481 esse
990 3428 1124 3496 (portuosa
1137 3431 1205 3493 ζωῆς
1223 3430 1273 3479 οὐκ
1285 3427 1376 3495 §mah
1389 3428 1492 3482 talium
1506 3428 1600 3496 igitur

350 3504 473 3551 mortem
498 3512 563 3550 esse
587 3497 661 3564 (1.3,
683 3496 885 3565 11111.6,ιι.2;
914 3512 992 3565 opp:
1020 3500 1047 3549 ἐν
1064 3501 1163 3562 τούτοις
1186 3500 1260 3561 ἐλπίς
1285 3501 1339 3551 ἐστι
1361 3501 1506 3564 μετανοίας,
1531 3492 1599 3561 tut

349 3570 470 3619 δύνανται
499 3563 605 3634 ζῆσαι);
642 3568 776 3620 similiter
809 3567 839 3620 in
873 3567 934 3620 sim.
963 3567 988 3633 8,
1015 3584 1042 3621 n.
1070 3568 1095 3622 6.
1123 3572 1152 3621 et
1177 3567 1212 3630 ὃς
1247 3568 1310 3621 sim.
1343 3568 1368 3633 9,
1396 3584 1423 3619 n.
1454 3566 1494 3620 19.
1521 3566 1598 3619 ltem

350 3638 569 3703 Cyprianus,
587 3637 632 3689 nd
652 3637 802 3705 Quirinum
820 3637 1008 3691 testimoniet.
1029 3641 1046 3691 1.
1065 3638 1090 3705 3,
1109 3655 1132 3691 c.
1148 3636 1194 3704 283
1213 3636 1391 3705 Hilarius,
1412 3636 1559 3690 lnblatth.
1573 3652 1600 3688 c.
1638 3640 1640 3645 ’

352 3708 394 3771 12,
413 3723 440 3759 n.
460 3707 510 3770 173
529 3706 769 3774 Athanasius,
798 3706 842 3758 Ad
871 3707 1015 3772 Serapion.
1042 3723 1084 3774 ep.
1110 3708 1135 3770 4,
1160 3723 1187 3760 n.
1212 3706 1264 3773 23;
1290 3706 1598 3773 n.13;Pacianus,

353 3777 397 3828 nd
423 3777 571 3842 Sympron.
591 3792 635 3842 ep.
653 3776 679 3843 3,
697 3792 725 3828 n.
745 3776 777 3828 15
804 3776 894 3842 („Hoc
923 3781 968 3829 est
992 3793 1069 3847 ergo,
1094 3778 1169 3844 quod
1195 3791 1252 3829 non
1276 3776 1456 3841 dimittetur;
1484 3775 1598 3841 reliqua

351 3845 436 3897 bonis
464 3845 680 3911 poenitentibus
707 3842 898 3911 donantur‘);
927 3848 1152 3913 Ambrosius,
1180 3846 1223 3899 De
1270 3862 1332 3899 oen.
1362 3848 1378 3899 l.
1406 3847 1430 3913 2,
1458 3863 1480 3899 c.
1499 3846 1535 3912 43
1554 3844 1598 3896 De

352 3914 424 3979 Spir.
444 3929 466 3965 s.
485 3916 503 3966 l.
523 3914 547 3979 1,
566 3930 589 3967 c.
607 3914 627 3981 2
643 3916 713 3982 (non
732 3919 828 3981 potest
852 3915 892 3968 ibi
918 3917 1046 3971 exoratio
1065 3933 1129 3969 esse
1147 3862 1280 3982 1111111111),
1305 3916 1482 3983 Didymus
1507 3916 1598 3981 illex,

352 3983 394 4035 Ile
422 3984 467 4049 Sp.
497 4000 519 4035 s.
546 4000 574 4036 n.
602 3985 636 4051 13
667 3985 921 4051 Hieronymus,
948 3986 1107 4053 Εμ42111
1127 3986 1297 4039 Marcellam
1325 4002 1352 4039 n.
1373 3980 1597 4053 1111111111

353 4052 443 4119 igitur
468 4052 596 4118 alique-m
619 4057 788 4122 negatorem
816 4055 979 4107 Beelzebub
1007 4070 1126 4108 vocasse
1151 4055 1306 4122 Christum,
1325 4062 1354 4108 et
1372 4058 1448 4109 ultro
1473 4054 1597 4107 referam

351 4122 484 4190 gradum,
499 4125 667 4190 negatorem
677 4139 735 4176 non
748 4140 833 4190 posse
842 4125 959 4177 veniam
972 4126 1107 4191 consequi
1121 4128 1185 4191 post
1199 4124 1369 4192 ruinam.“);
1388 4126 1424 4179 lo.
1446 4125 1538 4189 Chry
1547 4138 1598 4175 so-

352 4193 503 4255 stomus,
529 4191 563 4243 In
590 4193 694 4245 Matth.
721 4193 798 4246 hom.
830 4193 873 4261 41,
903 4210 929 4247 ιι.
957 4194 973 4246 3
1000 4194 1028 4261 (ἡ
1055 4198 1084 4246 δὲ
1111 4199 1156 4247 τοῦ
1189 4196 1337 4260 Πνεῦματος
1371 4196 1522 4261 βλασφημία
1548 4194 1597 4243 οὐκ

351 4260 523 4325 dqsbqoscm,
542 4262 601 4312 οὐδὲ
620 4262 841 4327 percunctor).
855 4263 895 4318 Ci.
909 4264 998 4317 Mori
1009 4279 1083 4332 nus,
1096 4264 1139 4317 De
1151 4262 1313 4317 administr.
1327 4265 1433 4331 poenit.
1448 4263 1504 4331 19,
1518 4278 1543 4315 c.
1555 4261 1598 4315 28.

456 4330 528 4383 Dub.
547 4330 572 4383 9.
591 4331 687 4384 Etiam
705 4348 763 4385 non
776 4333 879 4385 habita
896 4334 1008 4386 ratione
1027 4334 1220 4388 distinctionis
1240 4337 1422 4399 peccatorum
1435 4335 1464 4387 in
1478 4336 1597 4399 peccata

351 4401 451 4451 contra
470 4400 608 4465 Spiritum
627 4416 648 4455 s.
665 4402 817 4467 etreliqua
835 4404 936 4455 Patres
954 4402 1137 4456 affirmarunt
1155 4418 1219 4457 esse
1237 4406 1356 4469 peccata
1374 4402 1596 4469 irremissibilia

352 4468 442 4520 Velut
464 4469 657 4537 Parianus,
681 4472 833 4525 Paraenes.
852 4472 891 4524 ad
909 4472 1015 4538 poenit.
1035 4488 1061 4525 n.
1080 4472 1114 4526 5:
1134 4474 1207 4541 Quid
1227 4488 1294 4526 vero
1313 4474 1400 4526 faciet
1417 4474 1597 4539 contemptor

354 4536 430 4617 Dei?
458 4538 531 4605 Quid
562 4544 632 4607 aget
661 4541 888 4610 sanguinarius?
907 4542 987 4609 Quod
1011 4542 1172 4595 remedium
1192 4544 1287 4610 capiet
1310 4542 1485 4597 fornicator?
1507 4543 1598 4595 Num-

353 4606 423 4673 qurd
442 4611 494 4660 aut·
510 4611 626 4675 placare
644 4610 736 4663 Deum
756 4612 886 4664 desertor
911 4610 1004 4677 ipsius
1028 4612 1142 4679 poterit,
1160 4617 1211 4665 aut
1229 4628 1398 4666 conservare
1422 4612 1597 4681 sanguinem

352 4678 513 4757 suum,·qui
532 4678 608 4730 ludit
618 4679 754 4740 alienum,
767 4684 818 4733 aut
830 4680 1029 4750 redintegrare
1041 4682 1094 4735 Dei
1113 4684 1262 4749 templum,
1275 4683 1325 4747 qui
1337 4682 1410 4735 illud
1428 4681 1598 4735 iomicando

351 4744 494 4797 violavit?
519 4747 577 4799 ista
603 4751 671 4801 sunt
694 4750 839 4815 capitalia,
866 4750 978 4819 iratres,
1006 4752 1063 4804 ista
1087 4752 1245 4804 mortalia.
1266 4753 1395 4805 ..Haec
1423 4753 1600 4817 quicumque
