3450 5342
837 512 878 525 -,
904 482 964 536 eii.
990 513 1018 521 -

307 680 379 741 erat,
402 690 478 748 quae
502 681 616 748 pareret
640 672 735 749 ipsum
760 668 975 749 Cypriauum“.
1000 669 1062 727 Alii
1085 678 1193 727 vocant
1215 668 1401 725 Novatianos
1427 676 1564 724 auctores

308 757 487 835 disciplinae
504 757 583 815 illius
600 758 791 835 perniciosae.
814 756 873 833 (Cf.
891 757 1087 835 Cypriani
1109 756 1165 833 Ep.
1188 756 1240 813 59:
1268 754 1294 827 ,i
1305 764 1344 812 ut
1355 774 1393 811 ru
1404 752 1566 829 duxitss).

420 845 451 925 θ)
475 844 638 902 Novatiaui
673 843 859 902 adversarios
900 841 1066 901 habueruut
1109 843 1209 901 statim
1248 860 1276 899 ss
1322 840 1445 902 Patres:
1484 838 1564 918 quod

310 931 424 1008 alioqui
446 930 512 988 fieri
534 950 593 989 nou
616 932 767 1009 potuisset.

419 1012 458 1095 d)
483 1019 643 1095 speciatim
666 1016 990 1074 Tertullianus
1015 1015 1195 1093 praeclarum
1229 1014 1272 1071 rei
1310 1012 1396 1071 huius
1430 1014 1564 1070 testimo·

311 1106 393 1162 nium
427 1104 558 1162 exhibet.
588 1105 627 1175 Is,
661 1105 843 1163 ldoutanista
873 1102 976 1174 factus,
1004 1110 1128 1160 testatur
1151 1120 1182 1159 se
1214 1102 1392 1159 senteutiam
1416 1118 1499 1156 suam
1523 1097 1562 1156 de

312 1192 496 1269 poenitentia
529 1200 729 1259 mutasse,
763 1210 852 1268 quam
883 1192 963 1268 prius
1002 1208 1107 1263 ,cum
1142 1186 1367 1266 pluribus“
1407 1194 1561 1243 tenuerat:

312 1279 360 1336 Ita
381 1278 518 1356 loquitur,
542 1298 606 1335 cum
630 1278 677 1336 De
699 1276 796 1356 pudic.
819 1298 844 1337 c.
870 1280 896 1335 l.
920 1275 1048 1335 edietum
1071 1274 1108 1333 de
1131 1276 1314 1353 poenitentia
1337 1272 1467 1331 moechis
1491 1292 1562 1329 eon·

313 1364 447 1424 cedenda
470 1364 696 1423 condemnavit:
732 1365 816 1435 ,Erit
842 1364 935 1441 igitur
957 1372 987 1421 et
1010 1363 1059 1420 hie
1082 1360 1223 1419 adversus
1253 1360 1410 1439 psychicus
1436 1358 1488 1436 l:
1511 1378 1561 1415 ca-

312 1451 448 1528 tholicos]
484 1452 594 1523 titulus,
629 1451 770 1510 adversus
804 1470 889 1508 meae
923 1470 1038 1529 quoque
1077 1450 1242 1507 sententiae
1277 1457 1354 1504 retro
1378 1466 1468 1525 penes
1493 1446 1562 1503 illos

313 1541 492 1608 sociotatem,
515 1559 572 1615 quo
596 1540 691 1615 magis
715 1538 770 1595 hoc
792 1538 865 1595 mihi
890 1539 922 1594 in
946 1546 1045 1595 notam
1069 1535 1200 1595 levitatis
1219 1533 1376 1593 obiectent.
1400 1534 1561 1610 Nunquam

312 1627 462 1684 societatis
496 1624 650 1703 repudium
679 1624 780 1682 delicti
812 1622 1025 1702 praeiudicium
1049 1632 1102 1693 est,
1125 1624 1209 1700 quasi
1233 1641 1291 1679 nun
1315 1620 1431 1678 facilius
1455 1622 1493 1677 sit
1516 1640 1562 1677 er-

314 1732 378 1770 rare
402 1732 466 1770 cum
490 1710 631 1790 pluribus,
655 1712 773 1790 quando
796 1714 907 1769 veritas
930 1730 996 1768 cum
1019 1711 1119 1787 paucis
1140 1718 1261 1767 ametur.
1285 1757 1291 1767 .
1317 1756 1323 1767 .
1347 1751 1353 1764 .
1376 1708 1471 1764 Nemo
1496 1726 1562 1783 pro-

312 1800 416 1857 ficiens
446 1798 601 1856 erubescit.
633 1797 734 1856 Habet
761 1808 791 1856 et
821 1800 853 1856 in
884 1797 1004 1856 Christe
1027 1798 1154 1855 scientia
1176 1804 1288 1853 aetates
1312 1814 1387 1863 siras,
1411 1814 1464 1871 per
1487 1812 1562 1870 quas

315 1883 470 1944 devolutus
493 1895 546 1953 est,
569 1898 598 1943 et
621 1886 770 1963 apostolus
793 1931 801 1943 .
823 1934 829 1947 .
854 1930 860 1941 .
884 1883 958 1943 adeo
980 1882 1103 1942 divertit
1126 1904 1143 1941 a
1166 1882 1322 1941 sententiis
1348 1882 1488 1959 pristinis,
1506 1899 1564 1936 nec

315 1972 424 2031 idcirco
447 1972 581 2050 deliquit,
604 1971 682 2050 quod
710 1963 890 2044 ,aemulator
917 1972 1010 2029 factus
1041 1973 1116 2041 est“,
1147 1990 1205 2027 non
1240 1976 1444 2047 ,paternarum
1468 1966 1562 2023 tradi·

314 2063 457 2129 tionum“,
480 2058 532 2117 sed
556 2059 809 2133 Christianarum
833 2104 839 2117 .
863 2104 870 2115 .
896 2107 901 2117 .
925 2058 1090 2117 Durissime
1106 2078 1159 2117 nos
1174 2056 1353 2114 infamantes
1372 2053 1561 2112 Paracletum

315 2146 491 2224 disciplinae
515 2148 690 2204 enormitate
713 2145 848 2223 digamos
879 2146 950 2203 foris
980 2147 1119 2216 sistimus,
1150 2142 1275 2201 eundem
1299 2142 1423 2199 limitem
1447 2141 1561 2198 liminis

315 2234 446 2311 uioechis
470 2254 585 2311 quoque
607 2243 637 2290 et
660 2232 885 2291 fornicatoribus
909 2232 1034 2309 figimus,
1057 2232 1171 2289 ieiunas
1193 2231 1276 2308 pacis
1303 2229 1440 2286 lacrimas
1463 2226 1531 2304 prof
1549 2261 1563 2270 -

316 2323 398 2390 suris,
421 2341 476 2378 nec
500 2320 626 2398 amplius
649 2320 686 2378 ab
709 2320 834 2378 ecclesia
858 2340 946 2397 (luam
970 2317 1200 2395 publicationem
1223 2314 1377 2375 dedecoris
1395 2314 1561 2375 relaturis&

316 2408 379 2465 Nec
403 2418 473 2465 tunc
495 2407 569 2464 forte
592 2418 707 2465 tantum
730 2416 906 2485 potestatem
938 2406 1081 2463 eeclesiae
1116 2404 1284 2481 denegavit,
1308 2422 1372 2459 cum
1397 2403 1476 2479 prius
1501 2404 1561 2458 iam

316 2515 399 2553 usum
430 2514 489 2551 non
519 2495 691 2571 agnoverit3
724 2493 755 2550 id
785 2493 864 2571 quod
895 2512 1034 2571 expresse
1065 2502 1154 2569 negat
1177 2492 1223 2548 lle
1247 2487 1369 2569 pudicit.
1392 2508 1415 2549 c.
1440 2490 1489 2545 21.
1521 2522 1560 2529 -

317 2583 409 2657 Atqui
433 2581 644 2652 'l'ertulliauns
667 2601 733 2638 curn
757 2580 920 2638 catholicus
943 2589 1028 2650 esset,
1045 2579 1118 2637 hauc
1137 2576 1301 2636 sentiebat:
1325 2576 1371 2633 De
1395 2595 1479 2653 poen.
1496 2596 1521 2631 e.
1536 2577 1564 2633 7.

317 2671 496 2725 enumeratis
531 2669 738 2745 peccatis
772 2666 1062 2745 capitalibus,
1095 2664 1133 2723 ad
1166 2684 1241 2743 quae
1264 2662 1399 2721 diabolus
1423 2662 1566 2720 seducere

316 2764 412 2813 tentat
435 2754 569 2812 homiues
597 2754 707 2826 ,Haec
731 2756 835 2832 inquit,
859 2774 976 2812 venena
999 2755 1061 2811 eius
1084 2751 1243 2829 providens
1258 2750 1348 2818 Deus,
1372 2749 1471 2806 clausa
1495 2749 1565 2807 licet

318 2844 505 2898 innocentiae
528 2842 617 2899 ianua
640 2850 669 2899 et
691 2843 876 2900 intinctionis
900 2860 965 2899 sera
988 2839 1136 2898 obstructa
1166 2838 1280 2917 aliquid
1311 2834 1407 2894 adhuc
1431 2838 1565 2913 permisit

317 2942 426 3005 patere.
451 2927 616 2985 Collocavit
638 2930 668 2986 in
692 2928 838 2985 vestibulo
862 2929 1075 3005 poenitentiam
1099 2924 1266 2995 secumdam,
1283 2944 1357 3001 (pirae
1379 2922 1565 3001 pulsantibus

319 3014 485 3092 patefaciat,
508 3014 642 3072 sedium
666 3015 765 3083 semel,
799 3016 870 3092 quia
902 3017 960 3072 iarn
993 3012 1130 3073 secundo.
1154 3056 1160 3069 .
1184 3057 1190 3069 .
1214 3061 1220 3073 .
1245 3014 1275 3069 si
1299 3009 1354 3068 tibi
1378 3009 1564 3085 indulgentia

319 3102 441 3158 llomini
471 3101 680 3169 accommodat,
708 3101 786 3159 urrde
815 3103 961 3171 restituas,
989 3100 1067 3179 quod
1098 3102 1247 3169 amiserae,
1284 3100 1388 3155 iterato
1419 3096 1565 3154 beneficio

319 3203 419 3264 gratus
451 3199 521 3260 esto,
554 3188 661 3246 nedum
692 3189 841 3266 ampliato.
865 3238 872 3250 .
896 3236 902 3248 .
926 3239 931 3249 .
957 3188 1066 3246 Verum
1090 3208 1148 3245 non
1173 3188 1272 3244 statim
1300 3182 1495 3243 succidendus
1530 3204 1565 3241 ac

319 3274 502 3333 subruendus
525 3285 570 3333 est
592 3278 708 3334 animus
731 3275 945 3354 desperatione,
969 3278 993 3333 si
1018 3272 1163 3334 secundae
1194 3274 1260 3351 quis
1290 3272 1490 3348 poeniteutiae
1514 3270 1566 3327 dc-

319 3363 397 3420 bitor
419 3363 524 3435 fuorit3
547 3364 648 3439 pigeat
670 3383 741 3420 sane
765 3382 886 3439 peccare
911 3383 1016 3432 rursus,
1049 3360 1101 3419 sed
1134 3380 1231 3419 rursus
1266 3362 1416 3437 poenitere
1441 3378 1499 3415 nou
1522 3359 1566 3434 pi-

320 3461 405 3523 geat3
429 3451 528 3527 pigeat
553 3452 657 3506 iterum
682 3450 850 3527 periclitari,
879 3448 929 3507 sed
962 3469 1020 3506 nou
1053 3450 1158 3506 iterum
1182 3447 1311 3506 liberari.
1334 3446 1489 3503 Neminem
1515 3465 1566 3522 pu·

320 3536 406 3600 ‹leatz
441 3538 641 3594 iteratae
672 3535 961 3594 valetudinis
996 3534 1207 3593 iteranda
1244 3532 1470 3591 medicina
1504 3544 1566 3603 est,

319 3638 420 3699 gratus
443 3624 474 3679 in
500 3624 657 3680 llomiuum
682 3624 839 3693 exstiteris,
862 3625 886 3680 si
911 3622 988 3701 ‹luod
1012 3621 1067 3680 tibi
1091 3623 1235 3680 Dominus
1255 3620 1346 3687 offert,
1370 3640 1428 3677 nun
1451 3639 1566 3677 recusa—

320 3712 408 3766 veris.
433 3708 542 3776 Habes,
565 3711 611 3766 cui
636 3710 809 3781 satisfacias,
833 3720 862 3766 et
886 3708 1004 3787 quidem
1022 3709 1178 3767 volentem.
1202 3708 1236 3765 ld
1261 3710 1285 3765 si
1309 3706 1434 3773 dubitas
1451 3706 1566 3773 evolve,

320 3816 396 3873 (pirae
428 3798 553 3873 Spiritus
583 3796 716 3853 ecclesiis
747 3795 856 3867 dicat⁴,
888 3810 916 3854 et
947 3806 1099 3854 enumerat
1126 3798 1230 3855 iterum
1262 3808 1381 3871 peccata
1416 3794 1565 3872 capitalia.

321 3881 550 3957 Quibusverbis
573 3882 929 3960 omnibuspeccatis,
953 3886 1084 3941 etiam
1109 3880 1394 3960 capitalibus
1417 3888 1448 3935 ut
1472 3880 1564 3957 stupri

320 3981 349 4025 et
367 3969 550 4029 idololatriae
572 3971 580 4025 i
594 3968 613 4025 d
626 3990 641 4026 e
653 3990 681 4026 m
699 3972 898 4047 poenitentiae
915 3969 1075 4028 remedium
1092 3973 1271 4047 proponitur,
1287 3966 1364 4046 quod
1388 3986 1462 4026 ean
1475 3966 1493 4025 d
1507 3987 1523 4023 e
1536 3986 1565 4022 m

320 4059 568 4113 sanitatem
599 4056 691 4113 eflicit
722 4077 756 4113 ac
787 4056 943 4133 baptisma.
975 4058 1045 4127 Nec,
1076 4077 1142 4113 cum
1174 4060 1215 4114 ita
1245 4057 1381 4133 loquitur,
1405 4052 1441 4113 dc
1465 4055 1567 4133 poeni·

320 4145 415 4200 tentia
437 4155 523 4200 extra
545 4140 701 4201 ecclesiam
725 4142 843 4219 agenda
865 4144 993 4220 intelligi
1018 4154 1121 4221 potest.
1157 4144 1235 4201 Nam
1258 4141 1291 4217 a)
1315 4154 1465 4218 comparat
1489 4144 1567 4199 lianc

318 4232 531 4307 poenitentiam
556 4249 621 4286 curn
645 4228 799 4306 baptismo,
829 4232 862 4309 β)
895 4232 1077 4307 poenitentia
1109 4231 1181 4289 haee
1204 4226 1425 4307 comprehcndit
1455 4228 1568 4306 ,publi-

319 4320 466 4374 cationem
490 4318 564 4383 sui“,
584 4316 682 4386 talem,
700 4338 788 4395 quam
808 4317 943 4375 nonnulli
959 4316 1069 4395 pudore
1090 4318 1283 4393 ,suffugiantu
1306 4315 1353 4373 vel
1374 4314 1569 4386 „differam-'3

318 4417 347 4460 et
370 4424 445 4481 quae
468 4403 604 4461 condicio
627 4406 794 4461 necessaria
816 4412 860 4460 est
884 4403 922 4461 ad
945 4404 1069 4462 salutem
1093 4403 1325 4481 adipiscendam.
1361 4404 1428 4475 ,An
1464 4402 1571 4461 melius

322 4501 364 4547 est
391 4488 561 4548 damnatum
585 4490 685 4561 latere,
710 4511 798 4568 quam
821 4490 919 4568 palam
944 4490 1096 4549 absolvi?“
1136 4492 1198 4549 Nec
1222 4500 1250 4548 te
1274 4506 1399 4557 moveat,
1423 4489 1500 4568 qrrod
1525 4486 1569 4545 di-

321 4580 360 4635 cit
378 4576 574 4635 confitendum
599 4578 818 4650 esseDomino3
842 4598 911 4635 nam
935 4578 1099 4655 paulopost
1123 4580 1164 4635 ait
1180 4598 1238 4646 reos,
1262 4580 1312 4655 qui
1326 4578 1454 4635 Domino
1477 4576 1569 4635 conli-

322 4677 428 4732 teutur,
451 4663 632 4742 presbyteris
656 4662 775 4719 advolvi
801 4675 828 4721 et
852 4665 928 4721 caris
953 4664 1009 4723 llei
1034 4663 1244 4740 adgeniculari,
1276 4674 1305 4722 et
1336 4666 1378 4723 ita
1401 4662 1569 4722 concludit:

326 4750 432 4824 ,lli-go,
466 4770 530 4806 cum
566 4761 595 4807 te
633 4747 671 4804 ad
701 4748 824 4806 fratrum
847 4770 944 4825 genua
966 4750 1125 4827 protendis,
1150 4752 1300 4810 Christum
1324 4756 1506 4811 contrectas“
1534 4748 1567 4828 γ)
