3450 5342
769 630 822 689 IV.

255 765 302 823 De
325 765 512 843 paschalibus
536 769 613 825 inter
635 768 760 827 Romam
783 779 812 826 et
835 766 1052 827 Alexandriam
1075 766 1339 846 disceptationibus

617 852 808 913 brevissimus
832 874 982 913 excursus.

281 992 496 1067 Argumentum
520 992 576 1049 hoc
599 1012 659 1050 nou
681 994 810 1071 pertinet
841 993 879 1051 ad
907 1012 1026 1072 scopum
1050 990 1136 1050 huius
1165 994 1341 1069 scriptionis,
1366 1012 1425 1051 nec

168 1090 270 1154 posset
302 1080 404 1155 paucis
438 1076 562 1136 absolvi.
606 1078 673 1137 Hoc
704 1090 819 1138 tautum
851 1076 1146 1139 animadvertendum
1182 1099 1288 1137 censeo
1318 1098 1418 1139 veram

169 1162 277 1221 harum
299 1163 546 1242 disceptationum
561 1185 679 1225 causam
698 1186 756 1225 non
772 1169 804 1225 in
827 1166 977 1245 cyclorum
991 1164 1164 1224 diversitate
1180 1174 1230 1225 aut
1246 1167 1418 1225 astronomi-

167 1269 271 1308 carum
304 1253 555 1329 computatiouum
588 1251 763 1323 differentia,
797 1252 905 1313 sedin
928 1252 983 1312 hoc
1010 1254 1196 1331 potissimum
1219 1251 1417 1331 quaerendam

166 1357 245 1403 esse,
275 1336 353 1415 quod
387 1358 466 1397 nova
494 1339 583 1416 plane
605 1341 760 1418 principia,
795 1338 985 1399 Christianae
1009 1341 1180 1417 antiquitati
1203 1341 1312 1417 ignota
1346 1339 1419 1399 Ale·

167 1422 310 1482 xaudriui
344 1427 376 1482 iu
410 1425 542 1502 paschali
573 1437 709 1505 computo
739 1425 924 1486 introducere
947 1436 1015 1485 sunt
1038 1428 1178 1503 aggressi,
1206 1446 1302 1505 neque
1325 1424 1419 1485 donec

164 1509 338 1569 eorumdem
355 1511 536 1571 obtinuerint
557 1513 738 1591 triumphum
754 1516 902 1592 quievere.
926 1512 1066 1573 Subiecta
1080 1512 1154 1572 haec
1169 1512 1271 1572 tabula
1293 1511 1419 1573 docebit.

196 1623 233 1682 In
256 1626 348 1682 veteri
373 1627 580 1684 aute-nicaeno
602 1637 746 1704 computo.
863 1628 901 1685 In
923 1636 1058 1705 computo
1081 1623 1276 1685 alexandrino
1299 1638 1377 1705 post·

1053 1732 1186 1772 meoeno.

214 1824 239 1881 Ι.
260 1824 394 1882 Primum
409 1825 548 1902 paschale
568 1825 772 1903 plenilonium,
860 1826 884 1887 1.
908 1826 1042 1884 Primum
1061 1824 1200 1904 paschale
1216 1823 1421 1903 plenilunium,

166 1908 220 1969 die
247 1912 285 1969 18
309 1913 417 1969 martii.
819 1911 870 1971 die
894 1914 932 1971 21
957 1914 1065 1971 martii.

213 1996 253 2057 II.
276 1997 394 2057 Pascha
414 1997 518 2057 alona
532 1998 609 2055 XIV
630 1997 668 2057 ad
684 1998 774 2058 XXI.
862 1998 903 2058 II.
926 1998 1043 2058 Pascha
1065 2019 1084 2057 a
1105 1999 1177 2058 luna
1191 1996 1252 2056 XV
1268 1996 1306 2056 ad
1329 1996 1418 2057 XXI.

164 2082 313 2143 celebrari
351 2094 457 2163 potest,
501 2094 588 2143 octo
625 2084 767 2145 videlicet
812 2084 955 2145 celebrari
987 2095 1091 2165 potest,
1121 2092 1270 2163 septem
1304 2082 1418 2143 scilicet

165 2171 282 2229 lunaris
305 2173 416 2230 mensis
438 2169 550 2229 diebus.
816 2173 929 2231 lunaris
952 2176 1062 2232 mensis
1085 2170 1197 2231 diebus.

213 2258 269 2315 111.
301 2258 333 2317 Si
367 2260 447 2316 iutra
479 2258 627 2336 paschalis
661 2261 771 2319 mensis
852 2260 917 2319 -ΙΙΙ,
940 2260 972 2319 si
1003 2261 1081 2318 intra
1111 2256 1230 2319 eosdem
1252 2259 1371 2329 limites,
1402 2278 1420 2315 a

166 2344 281 2403 limites
304 2345 356 2422 (22
373 2355 457 2407 mart.
475 2378 513 2387 -
540 2348 578 2403 21
597 2347 670 2424 apr.)
693 2346 769 2404 XIV
816 2349 866 2405 22.
889 2348 988 2405 martii
1018 2344 1057 2405 ad
1085 2348 1134 2407 21.
1157 2366 1218 2424 apr,
1240 2344 1312 2404 luna
1334 2342 1419 2403 XIV.

166 2431 242 2490 luna
271 2434 303 2490 iu
333 2431 511 2490 dominicam
542 2430 622 2491 diem
656 2431 769 2508 incidit,
814 2443 845 2492 et
859 2432 924 2493 dies
938 2431 1087 2491 dominico
1098 2434 1286 2503 conveniunt,
1302 2431 1420 2490 Pascha

165 2518 287 2577 Pascha
309 2532 380 2577 tunc
403 2528 448 2577 est
470 2517 687 2580 celebrandum.
815 2521 1040 2598 insequentem
1062 2517 1242 2579 dominicam
1256 2528 1302 2577 est
1324 2530 1419 2577 trans·

817 2606 979 2667 ferendum.

214 2692 267 2750 IV.
290 2694 319 2751 A
349 2690 398 2751 die
427 2695 465 2750 18
489 2694 596 2763 martii,
631 2714 649 2751 a
678 2695 773 2771 primo
858 2694 912 2755 IV.
943 2694 973 2751 A
995 2690 1044 2751 die
1075 2694 1115 2751 22
1147 2693 1246 2751 martii
1280 2713 1299 2750 a
1324 2693 1417 2768 primo

166 2778 285 2838 scilicet
305 2778 455 2858 paschalis
473 2778 630 2856 plenilunii
652 2778 710 2851 dio,
733 2778 772 2839 ad
816 2781 931 2839 scilicet
953 2778 1101 2858 paschalis
1117 2778 1274 2858 plenilunii
1297 2778 1354 2849 die,
1378 2776 1416 2836 ad

169 2867 210 2923 21
235 2885 296 2945 apr.
318 2868 442 2943 triginta
471 2868 601 2945 quinque
624 2865 688 2926 dies
718 2887 771 2925 nu·
816 2869 856 2926 25
889 2866 1000 2945 aprilis,
1033 2867 1157 2945 triginta
1189 2866 1318 2945 quinque
1352 2863 1415 2923 dies

167 2964 328 3011 merantur.
357 2952 509 3012 Pascha
530 2962 631 3011 tamon
653 2974 769 3032 semper
813 2963 1018 3015 numerantur.
1048 2952 1231 3013 Decima
1260 2962 1420 3031 quarta

167 3041 250 3098 intra
263 3038 469 3098 traditionales
483 3039 594 3098 limites
616 3040 669 3117 (22
685 3050 770 3099 mart.
814 3048 915 3100 tamen
932 3040 1026 3099 lune
1042 3060 1157 3118 semper
1172 3042 1251 3098 intra
1273 3038 1353 3098 diem
1377 3041 1416 3095 22

171 3159 213 3169 -
238 3128 277 3184 21
302 3122 376 3207 apr.)
399 3126 571 3185 celebratur.
818 3138 904 3189 mart.
927 3137 958 3187 et
980 3129 1020 3185 25
1044 3127 1146 3206 aprilis
1169 3128 1302 3186 occurrit.

276 3239 373 3315 Quam
404 3260 510 3317 graves
533 3239 643 3297 luerint
673 3242 860 3313 mutationes,
891 3260 964 3319 quas
995 3239 1196 3299 Alexandrini
1225 3241 1256 3297 111
1286 3237 1419 3316 paschali

168 3336 307 3403 compoto
330 3326 439 3385 inferre
462 3324 632 3384 nitebantur
654 3346 742 3385 nemo
765 3348 824 3386 uon
846 3326 938 3386 videt.
976 3328 1155 3387 Praesertim
1179 3346 1249 3383 vero
1275 3346 1313 3383 ex
1336 3334 1419 3403 parte

168 3413 371 3471 Romanorum
394 3411 530 3472 obstabat
552 3410 673 3472 traditio
697 3446 738 3457 —-
761 3415 794 3473 iu
817 3417 933 3494 syriaco
957 3434 1072 3493 quoque
1094 3414 1242 3473 Chronico
1258 3410 1296 3470 ad
1309 3430 1419 3469 annum

170 3500 234 3557 349
259 3509 421 3558 memorata
449 3508 479 3557 et
501 3501 559 3577 ipsi
582 3499 714 3578 apostolo
743 3500 833 3560 Petro
864 3500 1005 3561 attributa
1031 3534 1069 3545 -
1094 3499 1172 3579 quod
1200 3518 1361 3577 numquam
1383 3496 1420 3554 li·

168 3596 250 3644 ceret
273 3586 391 3644 Pascha
413 3584 525 3645 tardius
548 3606 637 3664 quam
661 3590 699 3644 21
725 3588 839 3665 Aprilis
863 3587 912 3646 die
935 3586 1091 3651 celebrare.
1134 3584 1280 3647 Obstabat
1303 3604 1418 3663 quoqne

169 3672 300 3736 insolita
324 3694 361 3731 ne
384 3672 481 3733 dicam
504 3683 681 3751 portentosa,
709 3674 889 3733 christianas
911 3676 1082 3753 antiquitati
1105 3694 1222 3753 prorsus
1244 3675 1346 3749 ignota
1369 3690 1419 3749 pa-

168 3758 281 3819 schalis
312 3762 423 3818 mensis
445 3780 538 3838 usque
571 3759 609 3818 ad
638 3762 678 3819 35
713 3760 777 3820 dies
799 3764 967 3839 protractio.
1013 3760 1160 3822 Obstabat
1189 3758 1325 3838 denique,
1361 3778 1420 3816 nou

169 3847 236 3906 sine
271 3845 454 3925 quarundam
482 3848 729 3906 conscientiarum
759 3847 954 3919 turbamento,
987 3868 1084 3926 poena
1119 3849 1220 3907 mortis
1252 3849 1283 3905 iu
1318 3846 1418 3903 Veteri

168 3933 363 3993 Testameuto
386 3936 503 3992 animae
526 3933 571 3991 illi
594 3935 781 4006 comminata,
812 3956 896 4013 quae,
928 3944 1044 4013 praeter
1066 3954 1169 3994 causas
1192 3936 1224 3993 in
1251 3936 1316 4011 ipso
1339 3932 1420 4010 Lege

168 4019 380 4091 consideratas,
402 4019 519 4079 Pascha
542 4040 614 4080 ausa
635 4021 724 4079 fuerit
744 4020 893 4080 celebrare
916 4024 955 4080 in
977 4042 1106 4080 meuse
1129 4019 1297 4079 secundo.
1321 4016 1421 4099 (Num.

169 4106 228 4165 ΙΧ,
254 4106 402 4183 10-13).

280 4194 376 4252 Nemo
405 4214 475 4270 ergo
498 4192 661 4265 mirabitur,
695 4196 728 4265 si,
759 4196 913 4253 occasione
936 4194 1093 4255 Paschatis
1127 4194 1199 4252 anni
1234 4196 1306 4264 455,
1341 4212 1423 4251 snam

170 4280 345 4359 Imperatori
377 4280 587 4339 adhaesionem
621 4278 660 4339 ed
686 4280 787 4340 datum
815 4284 856 4339 24
880 4282 982 4359 aprilis
1012 4282 1203 4361 pertinaciter
1231 4279 1268 4339 ab
1292 4278 1425 4337 Alexan·

170 4369 246 4426 rinis
268 4366 422 4426 defensum
438 4369 668 4439 communicans,
690 4370 754 4445 ipse
777 4389 902 4445 maguus
918 4368 996 4449 Leo
1019 4368 1075 4427 hoc
1091 4366 1200 4426 addere
1222 4365 1302 4424 haud
1326 4383 1425 4442 super·

169 4454 263 4513 fluum
280 4452 451 4513 crediderit:
479 4469 579 4527 ,non
602 4457 703 4533 quia
725 4455 795 4513 hoc
818 4457 940 4514 ratio
964 4454 1207 4514 manifesta
1228 4452 1425 4523 docuerit,

170 4538 254 4600 sed
291 4543 405 4619 quia
440 4542 669 4613 unitatis,
707 4562 839 4620 quam
872 4544 1076 4601 maxime
1110 4539 1423 4609 custodimus,

170 4648 281 4686 cura
311 4631 641 4707 persuaserit“
667 4626 797 4707 idipsum
828 4629 889 4688 fere
911 4639 1047 4707 repetens
1071 4630 1102 4686 in
1125 4630 1185 4686 suis
1215 4646 1267 4705 pro
1290 4622 1422 4683 eiusdem

170 4716 243 4774 anni
266 4715 413 4777 Paschate
435 4716 597 4774 Litteris
621 4715 805 4784 formatis,
829 4718 860 4774 iu
884 4714 989 4795 quibus
1013 4715 1086 4774 haec
1108 4715 1258 4791 leguntur:
1287 4709 1421 4785 ,malui
