3450 5342
687 335 880 390 -251-

152 519 261 584 piidie.“
283 517 307 570 1³
324 525 354 571 ct
366 520 540 573 catholicum
555 520 833 586 „Kirchenlexikon“
852 519 879 572 1²
892 523 923 574 et
934 521 1017 573 iusta
1033 519 1103 586 proi.
1115 521 1267 573 Russicum
1279 522 1408 574 Brouzos

152 589 284 654 exponit
304 589 468 643 Docti-inam
484 590 666 657 catholicam,
685 605 759 656 quae
775 589 805 642 in
818 591 907 644 citato
925 589 1204 656 „Kircheolexikon“
1224 595 1253 644 ot
1271 590 1408 643 historice

153 669 182 710 et
206 659 363 711 theoretice
382 662 458 712 clare
483 660 643 726 exponitur,
668 675 769 726 partun
789 661 916 727 respicit,
940 660 993 712 sed
1018 659 1108 712 daea
1136 660 1294 712 secundnm
1313 661 1408 713 lentas

154 729 382 792 protestanticos
401 732 428 781 et
440 730 576 782 Russicos
595 727 743 782 diiudicat.
762 730 806 783 lta
820 729 883 782 lieri
902 729 1003 796 potuit,
1021 731 1054 780 nt
1071 727 1239 794 affirmaret,
1257 730 1408 798 theologos

154 797 325 856 catholicos,
345 800 514 862 praesertim
535 799 724 852 scholasticos
749 813 849 851 omnes
868 799 1023 852 detondere
1043 798 1227 860 sententiam,
1246 801 1328 850 actus
1347 813 1407 850 mo-

154 869 234 920 rales
255 869 283 920 in
298 868 446 920 individuo
461 869 659 922 indifferentes
671 885 771 921 revera
790 870 915 922 existere
928 867 1065 935 (tet-2),
1084 871 1278 934 protestantes
1291 871 1408 921 econtra

154 937 357 1001 ‹praestionetn
377 938 564 998 „subllmius“
584 941 708 992 tractare
723 941 752 992 et
764 938 950 992 existentiam
968 941 1085 991 actuum
1104 938 1296 990 humanarum
1315 952 1408 990 mora·

155 1007 225 1058 liter
244 1007 470 1060 indifferentium
484 1023 591 1076 negare
604 1006 757 1074 (lea-sa).
778 1007 919 1062 Catholici
932 1007 1092 1060 secundum
1111 1010 1258 1060 auctorem
1276 1009 1408 1060 nostrum

155 1082 241 1128 actus
261 1077 385 1128 morales
404 1093 438 1128 ex
459 1081 540 1142 parte
558 1077 699 1130 exteriore
717 1079 831 1131 tantum
851 1074 1046 1140 considerant,
1067 1080 1097 1130 et
1114 1080 1232 1143 propter
1250 1077 1326 1128 hunc
1345 1091 1408 1142 per-

155 1161 274 1197 versum
300 1146 502 1200 considerandi
527 1148 644 1200 modum
664 1147 700 1200 ad
720 1148 825 1200 salsam
844 1149 899 1200 hac
924 1149 953 1200 in
976 1163 1007 1199 re
1026 1147 1188 1200 doctrinam
1215 1150 1410 1213 pervenerunt

155 1215 240 1280 (tte).
260 1211 297 1266 D.
317 1231 385 1282 ergo
404 1217 565 1270 doctrinam
586 1217 665 1269 illam
685 1217 721 1268 de-
739 1216 917 1285 adiaphoris,
942 1232 1029 1282 quarn
1048 1216 1222 1270 catholicam
1241 1231 1306 1268 esse
1325 1218 1409 1281 putat

156 1285 250 1350 reicit,
278 1289 306 1336 et
334 1287 508 1338 sententiam
533 1286 797 1354 Schleiermaoheri,
826 1303 901 1353 «puae
927 1287 1003 1339 inter
1025 1288 1220 1352 protestantes
1248 1284 1407 1337 secundnm

156 1351 195 1404 D.
216 1355 376 1406 communis
395 1355 454 1408 lere
473 1357 574 1422 evasit,
593 1357 700 1422 accipit
717 1355 871 1423 (195-98).
896 1358 934 1408 At
952 1357 976 1408 si
996 1352 1033 1408 D.
1053 1354 1214 1408 doctrinam
1234 1354 1407 1408 catholicam

157 1424 330 1488 pracsertim
350 1425 376 1478 S.
395 1425 521 1478 Thomas
540 1425 702 1478 accuratius
716 1426 881 1494 inspiceret,
900 1425 957 1478 sibi
976 1425 1151 1492 persuadere
1162 1427 1284 1492 poterat,
1303 1424 1410 1476 doctri-

157 1509 227 1545 nam
248 1493 484 1546 scholasticorum
499 1511 563 1547 cnm
577 1510 630 1547 sua
648 1495 743 1562 quoad
756 1495 915 1550 essentiam
934 1495 1108 1560 coincidere3
1128 1509 1195 1546 nam
1214 1495 1296 1546 actus
1315 1508 1409 1546 mora-

158 1563 226 1614 liter
251 1563 279 1614 in
300 1564 448 1617 indiuiduo
477 1565 675 1617 indifferentes
700 1581 756 1617 non
782 1566 892 1630 haberi,
920 1566 979 1618 lere
1003 1565 1165 1617 communis
1193 1563 1409 1616 moralistarum

158 1633 365 1685 catholicorum
386 1635 529 1686 sentent-ia
554 1637 632 1688 tenet
653 1635 777 1702 (Noldin,
803 1635 844 1687 De
863 1634 1014 1701 principiis
1031 1634 1101 1687 3-4
1119 1633 1151 1686 81
1172 1635 1202 1685 et
1219 1632 1273 1696 87).
1302 1631 1408 1686 lisdem

159 1701 219 1754 lere
244 1704 424 1766 arettrttenlis
449 1709 547 1756 auctor
573 1720 623 1769 pro
643 1705 788 1758 sententia
816 1719 869 1757 sua
887 1705 986 1771 utitur,
1010 1704 1115 1770 quibus
1134 1703 1270 1756 catholici
1288 1704 1408 1756 utuntur

159 1779 206 1829 tex
228 1789 249 1823 s.
269 1772 325 1823 Ser.
352 1789 374 1824 e.
395 1789 421 1840 g.
442 1773 465 1826 1.
485 1775 546 1826 Cor.
565 1773 606 1840 10,
631 1773 677 1840 313
705 1773 878 1841 001.3,17;
904 1775 954 1826 hit.
973 1773 1015 1840 12,
1039 1771 1094 1838 36).
1121 1769 1158 1826 D.
1177 1772 1298 1826 ulterius
1326 1771 1410 1824 docet

158 1842 558 1976 ⁰⁵⁵⁰¹¹¹i(³›¹30“¹„¹2¹p⁰¹{³m⁸t⁹m
579 1847 695 1896 actuum
715 1859 770 1896 non
790 1861 826 1896 ex
838 1843 958 1911 obiecto,
978 1844 1029 1896 sed
1049 1858 1065 1894 e
1084 1841 1141 1895 line
1160 1845 1190 1895 et
1208 1842 1325 1895 motivis
1345 1841 1409 1894 des-

160 1911 244 1962 sumi.
278 1921 293 1962 ι
400 1913 437 1964 7.
633 1915 636 1920 “

262 1995 289 2049 J,
310 1994 454 2063 Zeremalci,
473 1999 639 2052 Odlazak
665 2015 709 2051 sv.
729 2000 905 2064 porodice
929 2015 948 2049 v
966 2000 1101 2068 ligipat
1125 1998 1218 2066 [Fuga
1237 2017 1258 2049 s.
1279 1998 1408 2050 familiae

159 2067 187 2117 in
208 2067 383 2134 Aegyptum)
403 2069 450 2132 tx,
469 2069 545 2132 3-9‚
564 2069 676 2134 tit-stt,
697 2069 823 2122 toa-62.
848 2097 882 2106 -·
900 2070 1041 2137 Exegesis
1059 2070 1089 2123 in
1109 2069 1157 2121 hlt.
1177 2069 1202 2134 2,
1220 2066 1332 2120 13-25.
1356 2068 1408 2120 Ze-

159 2137 269 2189 remslti
295 2153 395 2189 revera
419 2138 570 2204 perspicue
594 2141 623 2191 et
643 2138 800 2192 scientifice
826 2139 958 2208 singulas
982 2140 1133 2206 pericopas
1155 2137 1341 2206 evangelicas
1360 2153 1410 2190 ex-

158 2207 255 2271 plicat.
282 2207 311 2257 V.
332 2207 373 2259 14.
399 2204 437 2272 (p.
456 2209 483 2266 c,
509 2208 675 2261 addendum
701 2215 762 2260 erat
787 2209 1008 2277 evangelistam,
1036 2225 1101 2262 cum
1126 2208 1236 2262 diceret
1252 2207 1408 2273 Iosephum

158 2276 305 2342 accepisse
324 2292 443 2342 puerum
463 2281 492 2329 et
510 2281 668 2330 matrem
688 2279 750 2330 eius
764 2279 832 2344 (nrm
852 2295 997 2332 uxorem
1017 2276 1121 2345 suam),
1140 2279 1170 2330 id
1183 2292 1296 2345 quoque
1316 2278 1409 2329 inten-

159 2346 246 2412 disse,
266 2349 296 2398 ut
315 2347 621 2413 indicaretlosephum
641 2363 696 2400 non
712 2363 777 2401 esse
795 2350 958 2401 naturalem
978 2353 1091 2414 patrem
1101 2349 1173 2401 lesu.
1193 2347 1225 2399 V.
1246 2346 1286 2399 to.
1307 2342 1346 2414 (p.
1356 2345 1408 2398 6-

158 2413 186 2479 8)
207 2430 228 2468 s.
248 2415 388 2468 familiam
414 2432 472 2468 non
491 2416 560 2469 2--8
583 2431 674 2470 annos
701 2418 731 2470 in
750 2420 882 2486 Aegypto
901 2420 1108 2471 commoratam
1133 2433 1197 2470 esse
1216 2413 1248 2468 Z.
1269 2416 1409 2482 concedit,

159 2485 248 2536 immo
267 2485 448 2538 demonstrat
467 2487 624 2538 secundum
638 2488 727 2540 verba
745 2488 945 2556 evangelistae
960 2488 1214 2540 commorationem
1233 2487 1264 2538 in
1277 2487 1409 2554 Aegypto

160 2553 231 2606 duos
251 2570 365 2607 menses
383 2571 441 2608 nou
459 2557 634 2625 transgredi,
659 2573 724 2609 cum
744 2557 812 2624 luga
838 2558 867 2610 in
886 2559 1049 2624 Aegyptum
1068 2557 1152 2610 initio
1177 2556 1314 2609 lebruarli
1332 2555 1410 2608 lacta

161 2624 198 2674 sit
217 2627 245 2677 et
264 2625 409 2677 Herodem
423 2625 506 2679 initio
516 2627 623 2692 Aprilis
643 2631 787 2679 mortuum
807 2641 871 2680 esse
891 2631 968 2679 certo
982 2628 1102 2678 constet.
1122 2627 1202 2678 idem
1221 2641 1286 2678 cum
1306 2625 1410 2690 proba-

159 2693 273 2747 bilitate
292 2695 418 2759 quadarn
443 2696 629 2748 confirmatur
647 2713 680 2748 ex
701 2712 726 2746 v.
745 2697 780 2748 22
804 2696 842 2762 (p.
863 2695 935 2764 tas),
959 2696 1009 2747 ubi
1034 2695 1140 2748 dicitur
1163 2695 1322 2747 Archelaus
1340 2696 1410 2746 tunc

160 2778 339 2830 regnasse
368 2765 398 2816 in
426 2766 540 2818 iudaea.
574 2767 792 2820 Testamentum
828 2767 906 2818 enim
933 2765 1057 2818 Herodis
1089 2765 1231 2817 Archelao
1263 2764 1408 2830 iudaeam,

161 2833 328 2886 idumaeam
347 2837 376 2886 st
396 2834 556 2888 Samariam
581 2851 639 2889 una
658 2851 722 2888 cum
747 2836 831 2889 titulo
850 2836 928 2904 regis
947 2834 1127 2903 assignavit3
1152 2836 1300 2902 Augustos
1319 2833 1408 2898 impe

160 2910 239 2954 rator
262 2918 328 2956 vero
352 2905 468 2956 titulum
493 2906 570 2973 regis
589 2905 730 2958 Archelao
755 2921 811 2958 non
836 2905 995 2971 concessit3
1023 2909 1089 2971 post
1113 2905 1260 2957 decretum
1283 2903 1408 2972 Augusti

161 2986 228 3038 ergo
247 2973 405 3026 Archelaus
426 2989 483 3027 non
502 2974 627 3040 amplius
646 2979 675 3027 ut
696 2990 747 3028 rex
766 2992 796 3027 se
816 2991 916 3042 gerere
935 2979 962 3027 et
981 2975 1124 3040 appellari
1143 2974 1243 3040 potuit.
1286 3038 1318 3092 F
1344 3039 1367 3090 G

630 3199 946 3279 SLOVENICA.

265 3372 425 3460 „loditelj
450 3391 468 3440 ν
490 3373 704 3460 hopcslcvnih
721 3375 859 3443 vedah“.
890 3371 1056 3442 taos-7.

270 3473 330 3539 ΤΙι.
349 3475 633 3560 Letltpl,Ranne
654 3480 854 3559 pripombe
880 3481 1133 3558 kzgodovini
1157 3478 1409 3537 ss.Cirilain

164 3565 301 3622 llctocla
326 3566 446 3631 (latiae
470 3568 690 3626 elisere-'ationis
708 3572 737 3626 in
752 3569 904 3627 historiam
928 3591 964 3628 ss.
978 3568 1086 3646 Opilii
1101 3578 1130 3625 at
1143 3565 1300 3641 llethodii)
1318 3565 1408 3621 1907.

270 3653 427 3712 'l'ractatus
444 3656 491 3711 hic
515 3668 545 3712 ut
562 3659 664 3714 tertius
688 3655 800 3714 ncctnlit
818 3655 855 3713 ad
872 3654 929 3713 duo
945 3657 1056 3732 priores
1079 3657 1110 3711 in
1127 3653 1239 3712 eisdem
1262 3671 1410 3710 commen-

165 3741 244 3796 tariis
275 3738 369 3798 etlitos
401 3741 563 3799 abeodem
596 3744 744 3820 scriptore.
768 3747 890 3800 Summa
912 3763 1016 3802 retum.
1047 3761 1119 3818 <luas
1143 3743 1303 3811 continent,
1337 3738 1409 3795 haec

166 3825 222 3882 lere
246 3839 297 3882 cst.

269 3917 294 3972 1,
320 3915 402 3986 ihren
430 3937 452 3974 s.
477 3915 592 3994 t'yrilll,
616 3936 683 3994 ¹qua
713 3915 933 3994 presbyteratus
964 3913 1067 3972 ordina
1095 3913 1223 3971 admisso
1254 3913 1285 3969 in
1308 3931 1409 3968 mona·

165 4001 281 4056 sterium
306 4000 453 4078 quoddam
478 4023 508 4059 sc
531 4006 641 4080 recepit
665 4001 748 4082 (Via
765 4004 866 4060 Cenat.
883 4023 907 4060 c.
921 4001 962 4078 4),
986 4011 1053 4079 apto
1077 4001 1241 4078 explicatur
1256 4009 1407 4075 tamquam

164 4086 287 4144 imitatio
312 4090 481 4146 notissimae
506 4089 593 4165 fugae
617 4092 711 4146 sancti,
727 4088 863 4164 Gregorii
889 4090 1079 4157 Nazianzeni,
1103 4089 1184 4145 cuius
1208 4087 1324 4162 scriptis
1349 4084 1409 4163 (ly-

164 4172 243 4230 rillus
267 4195 285 4231 a
307 4187 409 4232 tenet-a
433 4178 491 4232 iarn
516 4187 612 4234 aetate
629 4177 859 4234 familiarissime
883 4175 1025 4234 utebatur.
1050 4174 1259 4232 Monachatum
1276 4171 1407 4249 Oyrillns

165 4279 256 4335 neque
280 4260 334 4318 hac
353 4265 504 4320 occasione
528 4265 662 4340 suscepit,
688 4284 740 4320 nce
764 4273 866 4340 postca
882 4262 1063 4341 itttllympo,
1087 4259 1138 4319 sed
1156 4262 1266 4316 Rornae
1290 4258 1408 4315 demum

167 4361 230 4402 atttc
255 4345 365 4405 obitum
391 4369 481 4408 statim.

268 4437 295 4490 2’.
319 4434 473 4509 (Quomodo
497 4436 628 4514 Cyrillus
659 4445 687 4492 ct
712 4434 881 4492 hlctltodius
904 4456 974 4510 erga
997 4431 1306 4510 [tscttdopatriarcham
1330 4429 1409 4487 Pho-

166 4520 236 4576 tiotn
260 4541 289 4578 sc
314 4521 478 4592 habuerint,
511 4523 699 4596 singulariter·
721 4523 847 4579 illustrat
873 4522 982 4578 tactum
1007 4520 1043 4578 ah
1068 4521 1227 4578 Anastasio
1251 4515 1409 4572 bibliothe

167 4609 241 4662 cario
264 4607 395 4668 relatum.
431 4609 507 4686 qum]
533 4610 655 4667 Pltotius
679 4611 815 4666 eremitas
840 4611 871 4665 in
895 4619 993 4664 ntontc
1016 4606 1153 4684 tllyrnpo,
1189 4606 1258 4681 quia
1281 4621 1409 4659 commu·
1454 4605 1456 4609 '
