3450 5342
855 423 895 430 —-
923 395 983 446 tau
1011 423 1045 432 -—

437 583 488 638 to.
511 583 694 656 Quaerunt
718 578 775 641 bie,
798 600 856 656 quo
878 581 940 637 iure
964 579 1118 638 concilium
1142 578 1199 637 sibi
1224 579 1369 636 iudicium
1390 579 1432 636 de
1454 581 1590 638 Humano

328 669 467 746 pontifice
502 666 638 738 arrogare
669 669 804 744 potuerit,
837 687 888 724 cur
910 667 999 742 legati
1031 677 1150 724 sanetae
1180 665 1265 724 sedis
1288 677 1398 724 eontra
1421 667 1590 724 anathema

328 755 463 812 Honorio
484 753 630 812 inflictum
654 754 806 830 protestati
829 773 888 812 nou
912 755 980 822 sint,
1004 766 1098 811 utrum
1119 753 1275 824 Honorius,
1298 755 1393 810 etiam
1410 775 1432 811 a
1451 753 1589 830 legitima

330 841 448 900 concilii
472 843 503 898 in
528 840 691 898 Honorium
714 850 858 916 potestate
882 838 1088 908 abstrahendo,
1121 843 1194 898 iuste
1217 839 1378 898 damnatus
1403 843 1457 900 sit.
1492 855 1589 898 utrum

329 930 420 1006 igitur
443 927 593 986 Honorius
615 927 744 1004 aliquem
767 925 915 986 defer-tum
938 943 967 984 et
990 947 1147 1004 quemnam
1170 929 1300 1005 praecise
1324 930 1530 987 commiserit.

433 1013 521 1090 Quod
543 1016 668 1091 primam
692 1015 894 1091 quaestionem
918 1016 1032 1084 attinet,
1066 1034 1154 1092 quam
1177 1035 1228 1092 per
1251 1013 1372 1072 modum
1398 1017 1495 1072 nnius
1522 1035 1591 1071 eon-

332 1101 462 1160 siderare
486 1121 647 1178 possumus,
680 1120 746 1178 quo
770 1102 845 1157 iure
873 1121 917 1158 sr.
940 1101 1128 1158 concilium
1152 1099 1193 1158 de
1217 1101 1373 1158 Humano
1398 1103 1591 1178 pontifice

331 1188 578 1251 iudicaverit,
613 1190 708 1264 potuit
741 1187 897 1246 concilium
933 1199 1042 1264 putare,
1084 1187 1120 1244 de
1156 1187 1286 1245 Humano
1320 1188 1472 1264 pontifice
1516 1189 1592 1245 iam

330 1275 517 1333 defuneto
540 1276 600 1332 iam
622 1273 679 1332 sibi
704 1273 843 1332 iudicium
867 1285 1041 1351 competere,
1065 1285 1095 1331 ut
1111 1276 1161 1352 qui
1181 1277 1238 1332 iarn
1262 1273 1392 1352 amplius
1418 1295 1485 1332 non
1510 1289 1589 1332 esset

329 1372 429 1442 pastor
461 1375 490 1419 et
513 1372 615 1419 rector
637 1361 780 1418 ecelesiae
814 1360 938 1438 ideoque
961 1381 1015 1418 nee
1044 1361 1168 1418 coneilio
1191 1363 1334 1438 superior3
1371 1361 1453 1418 haee
1487 1365 1596 1440 opinio

329 1459 428 1526 posset
458 1467 492 1506 ee
523 1468 664 1525 expressa
694 1447 797 1514 rideri,
831 1447 908 1525 quod
932 1448 1089 1506 concilium
1113 1450 1142 1504 in
1174 1446 1426 1506 condemnatione
1454 1449 1590 1506 Honorii

329 1534 376 1593 bis
399 1533 502 1592 addat:
540 1537 608 1614 ,qui
633 1536 712 1592 fuit
743 1555 821 1612 papa
843 1537 983 1612 antiquae
1006 1535 1147 1602 Romae,
1170 1544 1202 1592 ut
1223 1536 1314 1592 etiarn
1337 1533 1528 1593 Hadrianus
1554 1536 1593 1592 H.

330 1624 361 1679 in
377 1621 502 1698 epistola
526 1642 593 1678 mox
617 1620 738 1678 citanda
761 1633 850 1686 notat,
876 1622 1008 1679 Honorio
1031 1634 1117 1699 post
1141 1630 1299 1678 mortem
1325 1622 1500 1680 anathema
1525 1643 1594 1679 esse

329 1707 449 1766 dietum.

433 1795 534 1852 Potuit
555 1795 643 1851 etiam
668 1793 720 1851 iHa
743 1797 890 1852 sententia
912 1794 989 1864 duei,
1020 1814 1094 1872 quae
1118 1807 1217 1852 censet
1242 1814 1348 1871 papam
1381 1798 1515 1853 etiam
1540 1799 1593 1852 ri·

330 1903 421 1953 rum,
444 1902 511 1939 eum
534 1881 764 1938 haereticus
794 1882 853 1945 tiat.
883 1903 918 1940 eo
941 1884 1004 1960 ipso
1028 1880 1189 1940 membrum
1213 1880 1338 1958 ideoque
1361 1883 1462 1940 otiatur
1501 1901 1591 1960 eaput

330 1969 474 2028 ecelesiae
504 1984 574 2025 esse*
591 1967 786 2035 desinere,
817 1966 942 2045 ideoque
965 1981 996 2026 ut
1019 1967 1179 2046 quemlibet
1203 1968 1383 2026 haereticum
1411 1968 1552 2026 iudicari
1577 1991 1594 2025 a

329 2056 454 2114 oeueilio
476 2051 621 2132 possem).
670 2054 751 2112 Haee
774 2057 874 2131 opinio
903 2054 1170 2112 fundamentum
1195 2054 1312 2133 quidem
1337 2055 1470 2133 aliquod
1497 2057 1592 2114 babet

329 2145 360 2201 in
391 2142 515 2220 epistola
538 2141 687 2200 Hadriani
713 2141 750 2198 H.
773 2140 812 2198 ad
842 2143 999 2200 concilium
1029 2153 1174 2209 octavum,
1208 2143 1322 2200 actione
1354 2145 1504 2218 septima
1537 2143 1594 2200 nbi

329 2229 443 2288 scribit:
482 2229 665 2300 ,Romanum
706 2229 874 2304 pontificem
914 2228 951 2286 de
994 2231 1123 2288 omnium
1166 2227 1354 2287 eeclesiarum
1391 2230 1599 2306 praesulibus

329 2316 475 2374 iudicasse
497 2317 630 2390 legimus,
653 2314 690 2372 de
712 2335 747 2372 eo
769 2335 840 2372 rere
861 2335 1039 2393 quemquam
1063 2315 1207 2374 iudicasse
1231 2335 1288 2374 uon
1311 2315 1456 2390 legimus.
1505 2319 1593 2374 Lieer

329 2406 409 2461 eninr
433 2403 565 2461 Honorio
595 2401 633 2458 ab
656 2401 858 2460 Orientalibus
889 2402 1048 2460 anathema
1080 2414 1158 2481 post
1193 2414 1340 2460 mortem
1375 2405 1417 2459 sit
1456 2403 1595 2462 dietum:

329 2488 512 2548 sciendum
546 2502 663 2546 tamen
696 2500 750 2546 est
783 2487 874 2566 quod
909 2491 1025 2547 fuerat
1060 2509 1162 2566 super
1197 2489 1335 2546 haeresi
1372 2504 1594 2554 aecusatus,

329 2585 472 2654 propter
495 2596 596 2652 quam
619 2575 731 2634 solnm
755 2575 894 2634 licitum
918 2589 970 2634 est
1001 2575 1198 2635 minoribus
1229 2578 1403 2634 maiorum
1438 2598 1593 2636 suorum

330 2662 487 2722 motibus
511 2662 706 2720 resistendi
730 2662 777 2719 rel
793 2683 900 2739 pravos
918 2684 1020 2720 sensus
1042 2661 1135 2720 libere
1158 2660 1344 2740 respuerrdi“.
1369 2662 1493 2722 Verum
1519 2680 1596 2722 tuuc

329 2749 416 2808 simul
440 2749 601 2807 notandum
624 2762 677 2819 est,
699 2749 845 2808 haeresim
870 2752 1042 2808 notoriam
1067 2771 1130 2808 esse
1154 2749 1260 2808 debere
1276 2761 1305 2807 et
1321 2750 1492 2808 concilium
1519 2769 1595 2809 tune

334 2836 516 2898 „haeresiuff
555 2837 627 2894 satis
662 2837 759 2912 largo
783 2857 870 2893 seusu
894 2857 1007 2895 sumere
1030 2835 1175 2904 debuisse,
1199 2847 1230 2894 ut
1252 2856 1289 2894 ex
1314 2837 1368 2894 hoe
1394 2837 1456 2894 sibi
1485 2842 1593 2916 eapite

329 2923 419 2980 licere
442 2933 558 2998 putaret
580 2932 682 2980 contra
707 2924 869 2981 Hortarium
894 2923 1058 3000 precedere.

435 3026 521 3082 Atia
543 3037 642 3084 tamen
658 3027 818 3103 explicatio
841 3027 1065 3104 probabilior
1089 3027 1212 3084 ridetur.
1238 3025 1330 3084 Addit.
1343 3026 1530 3086 Hadrianus
1545 3030 1586 3086 H.

327 3121 393 3191 pust
416 3112 508 3171 rerba
529 3113 632 3170 allata:
660 3113 822 3188 „Quamvis
846 3135 899 3172 net·
925 3113 974 3186 ibi,
998 3135 1051 3172 net·
1076 3113 1306 3191 patriarcharum
1330 3133 1384 3171 nee
1409 3125 1589 3172 ceterorum

330 3201 495 3258 antistitum
529 3202 657 3276 cuipiam
680 3200 717 3257 de
740 3221 774 3257 eo
798 3203 842 3257 t'as
866 3201 953 3258 fuerit
978 3201 1144 3278 proterendi
1168 3204 1353 3270 sententiam,
1378 3203 1449 3258 uisi
1492 3205 1588 3259 eius-

329 3287 405 3344 dern
430 3290 564 3366 primae
589 3286 691 3344 Sedis
722 3288 911 3363 pontificis
942 3309 1133 3346 consensus
1164 3290 1426 3366 praecessisset
1462 3300 1589 3346 aueto-

328 3377 447 3432 ritae.
490 3375 606 3431 Revera
629 3376 813 3430 notissimum
837 3384 889 3444 est,
916 3375 1061 3433 Honranos
1091 3375 1245 3452 pontifices
1268 3375 1347 3432 nullo
1371 3376 1436 3432 iure
1460 3383 1589 3434 coaetos

328 3456 452 3539 saepius
468 3460 583 3518 libero
606 3481 638 3518 se
658 3483 675 3516 a
691 3461 906 3538 suspicionibus
930 3475 1031 3520 eontra
1046 3465 1125 3539 ipses
1141 3461 1337 3520 existentibus
1363 3482 1462 3520 eoram
1485 3461 1587 3519 cardi-

329 3548 446 3606 nalibus
470 3559 499 3604 et
531 3549 676 3625 episeopis
699 3568 847 3625 purgasse,
872 3550 913 3606 sie
937 3552 1025 3606 etiarn
1050 3552 1112 3606 sine
1135 3548 1225 3607 dubio
1248 3549 1333 3606 simul
1357 3569 1423 3605 eum
1449 3549 1587 3607 concilio

328 3636 365 3693 de
388 3645 572 3693 antecessore
595 3655 646 3692 suo
671 3635 728 3691 iarn
752 3634 890 3692 defuneto
914 3634 1043 3693 iudicare
1067 3645 1221 3713 [ressuut.

431 3724 509 3780 'l'ota
531 3725 622 3799 igitur
644 3724 778 3799 quaestio
793 3732 845 3787 est,
869 3732 992 3780 utrum
1016 3741 1233 3780 censensus
1257 3723 1383 3780 Rotnani
1415 3723 1585 3800 pontificis.

330 3822 361 3866 ut
390 3809 563 3866 Hadrianus
595 3810 634 3869 H.
666 3811 749 3879 inuit,
792 3829 933 3866 reret-a
964 3808 1136 3866 adfuerit
1159 3817 1189 3866 et
1212 3829 1284 3886 qua
1309 3809 1429 3866 forma
1462 3807 1588 3867 datus

328 3898 398 3953 sit:
434 3898 458 3953 si
482 3898 561 3952 enirn
584 3917 602 3952 a
625 3897 793 3953 testimonio
819 3895 973 3966 Hadriani,
998 3897 1183 3974 aliquatenus
1206 3897 1340 3974 positivo.
1365 3894 1585 3954 abstrahimus.

330 4001 387 4058 qno
411 3983 493 4037 iure
512 4002 628 4058 quaque
652 3984 747 4039 t'orm
758 4002 776 4039 a
800 3982 867 4039 buie
883 4003 1056 4040 eonsensum
1073 3982 1173 4040 datum
1190 4001 1261 4054 esse,
1278 3984 1417 4060 spectatis
1435 3982 1586 4049 fontibus,

330 4068 485 4124 admittere
501 4088 654 4144 possumus
669 4082 718 4126 aut
734 4068 895 4126 debemus?
913 4073 939 4126 A
963 4071 1047 4146 prio
1060 4072 1089 4127 ri
1114 4071 1193 4127 enim
1219 4071 1315 4147 petius
1343 4069 1452 4127 veris
1463 4071 1473 4125 i
1484 4091 1518 4128 m
1529 4072 1538 4126 i
1550 4071 1560 4128 l
1570 4093 1588 4126 e

330 4174 388 4210 nou
424 4165 475 4220 est,
517 4153 593 4211 bunc
629 4175 802 4213 eorrsenstun
826 4155 927 4214 datum
952 4177 1023 4214 esse.
1069 4155 1228 4214 liebut'sset
1251 4158 1329 4214 enirn
1354 4154 1417 4212 dari
1443 4159 1591 4234 proxime

330 4239 366 4295 ab
402 4239 605 4314 Agathone
636 4254 705 4299 tune
736 4245 876 4320 temporis
899 4243 1031 4301 Romano
1062 4243 1216 4321 pontifice:
1252 4263 1352 4300 rerum
1376 4262 1446 4300 num
1473 4242 1529 4302 hie
1555 4267 1588 4301 se

328 4325 502 4401 dispositum
525 4327 654 4385 ostendit
676 4327 713 4385 ad
737 4330 825 4386 talem
850 4351 1024 4387 eonsensum
1048 4329 1185 4400 dandum,
1210 4333 1272 4406 ipse
1295 4331 1346 4407 qui
1371 4331 1400 4386 in
1416 4327 1484 4388 locu
1512 4351 1588 4388 suae

329 4411 367 4468 ad
390 4412 547 4470 concilium
570 4415 712 4491 epistolae
735 4418 888 4474 notissimo
913 4417 1077 4474 Honorium
1108 4418 1197 4474 etia-m
1229 4415 1349 4474 laudare
1378 4414 1513 4484 ridetur,
1552 4440 1588 4474 eo

329 4497 407 4574 qnod
424 4501 558 4572 Sergium
574 4505 727 4572 monuerit,
750 4512 782 4559 ut
798 4524 815 4559 a
833 4525 908 4560 noro
932 4502 1069 4580 dogmate
1086 4501 1283 4580 praedicando
1306 4503 1427 4574 ,saltem
1450 4505 1592 4562 tacendo

376 4681 411 4748 ³¹)
430 4685 469 4736 t's.
488 4689 684 4753 Seheeben,
706 4690 763 4741 Has
781 4691 991 4742 tikurnenisebe
1010 4691 1111 4744 Kouril
1134 4693 1164 4743 H.
1186 4691 1236 4743 113
1255 4707 1297 4756 sq.
