3450 5342
209 490 556 652 §teucrum
612 494 843 651 literae
899 497 1302 695 theologicae.

379 710 754 849 eonspectae
796 717 1137 850 periodieus.

111 983 169 1037 Dr.
191 985 220 1043 J
223 996 287 1043 oe.
306 984 518 1055 rumpaen,
545 987 596 1042 Dr.
616 902 916 1048 Anilffle’rdtdlldha.
948 988 1024 1047 Ad.
1045 981 1240 1064 sparuna,
1266 998 1397 1073 Pragae.

227 1071 267 1131 J.
289 1072 437 1137 Urbem
458 1074 619 1129 cracoviae.
844 1077 894 1129 Dr.
913 1076 1011 1136 Luc.
1031 1078 1148 1147 delle,
1167 1084 1292 1143 dadrae.

108 1190 1404 1321 'sins—'uum
1507 1238 1511 1247 ’

108 1328 1401 1377 ——q

609 1456 899 1538 BOHEMICA.

108 1704 201 1761 1906
225 1615 284 1673 Dr.
302 1609 596 1760 Eils‘lmm'
621 1614 643 1683 0
666 1614 906 1684 oerwiniemu²
930 1616 992 1699 (iic
1014 1614 1263 1703 iiarwioiemo).
1287 1630 1393 1695 Praha

209 1725 217 1777 ἱ
244 1721 318 1781 Pag-
387 1747 393 1759 ·

223 1789 283 1847 Dr.
307 1783 484 1851 Edwurd
506 1782 652 1866 Bacca,
688 1786 856 1858 titireorii
879 1790 1038 1877 vy'vnjove
1062 1792 1284 1875 (italicensis
1308 1816 1385 1868 evo

106 1870 289 1955 tutionis).
314 1875 396 1933 Bmo
419 1874 561 1953 (amnne)
587 1880 682 1952 1904;
708 1882 767 1937 177
791 1900 866 1959 pag„
890 1884 931 1939 ca
955 1884 1045 1959 imag.
1072 1916 1111 1925 -
1135 1883 1216 1941 Prot.
1240 1886 1259 1942 3
1285 1886 1318 1945 u.

229 1960 258 2027 Ι,
285 1962 335 2019 De
358 1962 466 2021 litteris
488 1964 701 2043 philosophicis
724 1965 921 2025 Bohemorum
945 1970 1056 2046 optime
1079 1971 1278 2033 merituslh.
1301 1974 1378 2050 Eng.

105 2048 309 2109 Kudeiavelr
334 2048 390 2107 hoc
413 2047 488 2107 libro
511 2050 704 2111 fundamenta
727 2064 756 2112 et
776 2056 959 2113 consectaria
981 2053 1134 2113 doctrinae
1157 2054 1378 2119 darwinisticae

105 2139 251 2216 exponit.
286 2135 381 2195 Cuius
404 2140 521 2213 generis
544 2138 620 2197 hanc
643 2140 735 2199 solam
759 2141 1004 2219 monographiam
1033 2142 1206 2220 apologetae
1236 2145 1376 2204 catholici

104 2224 223 2283 litteris
245 2222 425 2281 Bohemicis
441 2224 635 2285 inseruerunt.
657 2226 828 2304 Diligenter
843 2228 967 2287 collecta
982 2228 1031 2287 hie
1047 2230 1184 2289 invenies
1199 2242 1376 2306 argumenta

104 2321 216 2369 contra
229 2310 498 2369 Darwinianorum
511 2314 677 2389 opinionem
691 2316 893 2391 generationis
909 2318 1136 2393 „aequivocae“‚
1156 2318 1373 2393 „aelectionis“‚

105 2398 295 2457 certaminis
320 2395 452 2469 devita,
475 2396 603 2458 hominis
627 2420 692 2459 cum
716 2399 820 2461 bestiis
844 2404 1076 2474 coniunctionis3
1104 2412 1280 2479 argumenta
1303 2426 1373 2464 veru

104 2484 362 2544 adversariorum
393 2482 566 2545 refelluntur
594 2497 624 2545 et
653 2486 878 2565 redarguuntur.
907 2489 976 2547 Non
1007 2488 1126 2567 quidem
1158 2492 1265 2561 omnia,
1296 2512 1373 2568 quae

101 2574 135 2631 in
162 2572 360 2631 contrariam
382 2579 494 2648 partem
518 2573 615 2633 afferri
636 2586 768 2653 possunt,
791 2576 847 2634 hoo
865 2574 941 2634 libro
956 2574 1252 2654 comprehenduntur,
1275 2597 1372 2655 neque

102 2676 327 2737 quaecumque
361 2658 420 2715 iam
454 2658 528 2717 alies
564 2680 581 2718 a
615 2660 712 2721 doctis
745 2665 827 2734 viris,
864 2664 1010 2740 imprimis
1048 2664 1079 2720 in
1117 2664 1372 2740 praestantissimo

103 2742 333 2824 Wigandii
357 2764 443 2822 opere
467 2742 542 2823 (Der
557 2748 773 2809 Darwinismus
796 2748 858 2807 und
881 2749 930 2806 die
952 2748 1209 2826 Naturforschung
1228 2750 1372 2808 Newtons

101 2832 168 2892 und
207 2833 347 2891 Cuviers
381 2830 501 2891 L-vl.
536 2835 769 2913 Braunsohweig
806 2833 967 2912 1874-7)
1001 2837 1064 2894 iure
1095 2838 1264 2913 vituperata
1295 2845 1372 2907 sunt,

102 2930 305 2999 repetuntur,
328 2926 429 2975 tamen
450 2921 523 2979 satis
546 2932 782 2999 argumentorum
808 2921 845 2980 ad
869 2922 1079 2981 confutandam
1102 2924 1271 3000 opinionem
1295 2923 1372 2981 Dar-

101 3010 280 3066 winianam
308 3002 457 3063 subicitur.

216 3092 358 3169 Logicae
388 3094 458 3150 artis
488 3096 609 3165 ratione,
640 3116 657 3154 a
681 3096 885 3154 Darwinianis
912 3116 1090 3173 magnopere
1120 3096 1283 3172 neglectae,
1314 3095 1372 3153 fre-

101 3190 240 3259 quenter
265 3175 441 3256 praedicata
463 3178 539 3239 liber
562 3184 690 3257 eminet3
721 3184 872 3260 opinionis
901 3202 1001 3240 eornm
1032 3185 1167 3241 notiones
1194 3184 1305 3259 primas
1332 3181 1370 3238 ab

99 3268 156 3327 illa
182 3268 319 3326 omnino
343 3262 498 3325 abhorrere
522 3268 599 3326 clare
621 3268 796 3329 ostenditur.
820 3268 864 3341 ld,
881 3268 959 3346 quod
973 3290 1002 3347 p.
1019 3271 1059 3326 26
1076 3268 1263 3327 mediocriter
1278 3270 1370 3344 signi-

98 3356 232 3414 ficatum
270 3360 327 3421 est,
365 3351 547 3413 Darwinium
583 3358 761 3415 sententiam
798 3354 834 3413 de
869 3355 1046 3434 explicando
1080 3366 1180 3413 mutuo
1210 3354 1369 3413 formarum

98 3443 326 3519 organicamm
350 3458 426 3497 nexu
449 3450 607 3519 mutuaque
630 3445 798 3523 specierum
821 3442 1029 3520 dependentia,
1053 3446 1143 3501 etiam
1165 3444 1229 3501 sine
1243 3440 1370 3519 physice

98 3530 226 3607 origine
253 3526 415 3583 formarum
439 3547 476 3584 ex
499 3528 575 3599 aliis,
599 3532 713 3589 ratione
737 3529 839 3601 ideali,
862 3539 1018 3607 propterea
1037 3550 1096 3587 non
1112 3530 1267 3606 recepisse,
1291 3526 1369 3605 quod

98 3626 244 3675 mentem
270 3620 366 3669 totam
389 3616 556 3691 empirismo
578 3616 751 3691 tradiderat,
775 3616 911 3695 pluribus
933 3616 1120 3675 tractandum
1137 3615 1255 3673 videtur
1270 3614 1370 3672 fnisse.

216 3700 256 3757 In
282 3699 422 3775 opinione
450 3701 626 3763 evolationis
657 3706 802 3763 universa
833 3702 993 3762 iudicanda
1022 3704 1075 3761 lir.
1098 3700 1280 3759 Kadeidvek
1303 3700 1371 3759 aliis

96 3788 230 3849 videtur
255 3805 290 3842 se
313 3782 480 3845 subiecisse.
504 3786 592 3847 Unde
615 3790 823 3868 discrepantes
847 3793 1012 3849 sententiae
1034 3789 1185 3867 profectae
1207 3809 1271 3846 esse
1295 3788 1369 3846 mihi

97 3876 271 3934 videntur:
297 3870 391 3928 altera
412 3869 451 3954 (p.
478 3876 535 3947 163
559 3874 596 3933 ab
621 3879 656 3939 E.
678 3878 859 3947 Wasmann‚
883 3879 994 3955 opinor,
1017 3876 1149 3953 accepta)
1173 3896 1236 3933 esse
1260 3874 1370 3934 formas

96 3964 279 4041 organicas,
304 3976 381 4039 quae
401 3963 591 4037 generatione
614 3975 704 4042 atque
728 3964 906 4023 educatione
929 3963 1058 4023 naturali
1082 3962 1262 4039 (odrozenim
1282 3982 1300 4019 a
1315 3964 1367 4041 pli-

97 4043 233 4125 atenim)
266 4065 307 4102 ex
331 4048 426 4121 speeie
456 4050 583 4107 naturali
612 4053 643 4108 in
671 4053 904 4129 systematieam‘
927 4058 1088 4121 transeant,
1119 4050 1213 4108 altera
1243 4048 1365 4127 (p.17;

97 4134 299 4197 communior
323 4139 353 4188 et
375 4134 492 4213 nostra),
524 4134 555 4193 id
578 4156 642 4195 esse
665 4146 786 4208 certum,
818 4137 928 4195 formas
956 4139 1108 4195 variantes
1139 4138 1239 4216 (tvary
1262 4158 1277 4193 z
1299 4139 1366 4215 pie-

97 4221 203 4281 chodii
229 4240 265 4279 se
289 4216 386 4295 illici)
415 4223 530 4299 species
553 4221 678 4281 iudicari
702 4244 761 4281 non
784 4243 879 4300 posse.
911 4223 970 4282 Sed
1001 4225 1135 4303 quaestio
1163 4222 1238 4281 haec
1265 4224 1366 4282 aliena

98 4319 154 4379 est,
181 4324 288 4384 neque
313 4305 377 4362 sine
398 4307 536 4386 diligenti
560 4312 712 4387 utriusque
735 4318 832 4368 sectae
856 4313 995 4368 examine
1018 4308 1170 4369 solvenda.

211 4394 295 4452 Cum
319 4411 348 4467 p.
365 4393 400 4450 27
425 4406 528 4455 contra
550 4406 725 4473 argumenta
748 4416 785 4453 ex
809 4397 1014 4474 morphologia
1036 4396 1125 4455 dueta
1148 4395 1228 4454 dicat
1250 4398 1366 4473 origine

98 4484 239 4540 omnium
275 4478 448 4540 animalium
479 4491 669 4562 satorumque
691 4485 787 4561 posita
810 4486 841 4541 in
865 4485 1034 4542 evolutione
1058 4486 1177 4541 interna
1198 4483 1264 4558 lege
1287 4482 1366 4541 ordi-

100 4576 181 4640 nata,
207 4562 413 4639 homologlam
443 4588 620 4647 organorum
651 4570 780 4647 perfecte
811 4570 963 4646 explicari,
994 4572 1084 4629 etiam
1107 4569 1236 4627 hominis
1260 4589 1365 4647 eorpus

101 4654 283 4713 evolutione
307 4657 400 4711 ortum
422 4676 487 4715 esse
512 4676 528 4713 e
551 4656 653 4715 formis
677 4655 863 4714 inferioribus
887 4656 1005 4715 videtur
1028 4658 1208 4715 existimare.

154 4786 218 4829 stau.
235 4782 284 4824 litt.
297 4782 369 4827 theol.
1173 4773 1203 4824 ll
