3450 5342
755 410 797 417 -
821 378 884 431 arii
909 410 948 417 -

233 557 325 613 Suoi
358 562 432 612 atti
459 574 475 612 e
504 558 595 613 Suoi
625 558 932 623 iutendImentiae,
966 560 1056 614 citius
1083 564 1192 614 auctor
1219 575 1354 629 persona
1380 574 1479 641 papae

199 672 214 692 ,
231 629 429 697 proximati),
457 628 571 682 damna
589 633 619 682 et
637 629 822 683 detrimenta
843 628 1067 683 ecclesiaticae
1088 628 1169 683 vitae
1192 631 1222 683 in
1242 628 1331 683 Italia
1351 628 1480 697 inquirit

232 702 262 752 et
276 696 382 752 varios
401 712 437 751 ea
450 696 636 751 emendandi
650 698 760 751 modos
774 706 876 763 urget:
898 698 1046 753 rnaiorem
1062 702 1120 753 sim
1145 697 1290 753 licitatem
1305 703 1477 767 apparatus

233 765 337 832 palatii
357 766 485 835 papalis,
514 765 751 821 diminutionem
773 766 896 821 nutrieri
915 768 1061 821 ordinum
1087 714 1305 833 religiosorum
1327 767 1477 822 reforma·

233 834 411 905 tionemque
430 836 717 905 congregationum,
739 836 989 902 seiniaariorum,
1010 835 1062 891 ubi
1083 832 1211 891 libertas
1231 839 1280 891 sui
1298 836 1403 891 iudicii
1423 852 1477 906 op·

233 904 380 974 primitur
399 909 430 959 et
458 903 614 965 simulatio
633 905 734 969 alitur,
763 906 981 975 purgationem
1003 906 1120 970 cultus;
1150 905 1323 960 cardinales
1342 922 1404 961 non
1431 921 1476 961 se·

231 974 368 1029 cundum
397 974 566 1043 dignitates
593 974 801 1029 hierarchicas
830 976 884 1029 sed
911 976 1083 1029 secundum
1113 976 1223 1031 rnerita
1250 982 1396 1030 creentur
1420 982 1475 1034 etc.

234 1043 296 1099 ccl.
315 1045 374 1099 667.
403 1074 434 1083 -
464 1042 707 1099 Deliberationes
735 1044 954 1114 episcoporum
976 1044 1145 1099 Dalmahac
1172 1050 1202 1099 et
1227 1044 1339 1100 Istriae
1359 1045 1476 1101 Romae

232 1112 355 1168 habitae
373 1118 462 1183 gesta
490 1112 528 1167 de
547 1114 738 1168 restItuenda
759 1113 806 1169 vel
826 1114 1042 1168 orinservanda
1062 1113 1182 1169 Slavica
1206 1114 1313 1183 lingua
1331 1114 1476 1183 liturgica

233 1187 404 1237 narrantur
431 1197 567 1305 spesque
594 1182 832 1237 restaurationis
862 1183 955 1237 liuius
974 1186 1052 1238 iuris
1071 1184 1137 1238 iere
1161 1184 1245 1238 uuila
1273 1185 1475 1253 promittitur.

234 1251 296 1308 Col.
315 1253 375 1306 699.
393 1282 427 1292 -
464 1257 565 1307 teruin
585 1252 691 1307 eadem
713 1253 841 1307 rriateria
870 1256 901 1307 in
920 1252 1022 1307 torma
1041 1252 1190 1321 epistolae
1208 1253 1323 1307 Romae
1343 1253 1476 1323 scriptae

232 1326 261 1376 et
283 1323 432 1375 »llancaoc
451 1324 747 1445 caesanossuascrso«
779 1322 951 1377 intitulatae
969 1323 1086 1391 aequali
1113 1338 1181 1377 curn
1202 1322 1379 1377 diffidentia
1398 1333 1475 1377 trac·

234 1394 325 1445 tatur.
355 1390 418 1447 Col.
437 1394 497 1445 775.
535 1422 552 1429 -
609 1396 773 1446 ecensctur
800 1392 952 1459 encyclica
980 1392 1024 1446 Pii
1045 1392 1079 1446 X.
1099 1393 1136 1445 ad
1166 1391 1330 1461 episcopos
1361 1390 1475 1456 Italiae,

232 1475 294 1529 qua
323 1460 436 1514 Leonis
455 1459 544 1514 XIII.
569 1459 738 1528 prohibitio
768 1461 1013 1529 participationis
1042 1461 1263 1515 catholicorum
1294 1461 1325 1513 in
1354 1460 1478 1529 politica

232 1544 267 1583 ac
285 1528 460 1599 legislativa
480 1529 599 1584 actione
624 1527 732 1583 ltaliae
757 1530 936 1589 abrogatur.
968 1530 1032 1585 Col.
1050 1533 1109 1584 795.
1137 1559 1167 1571 -
1199 1530 1375 1583 Secundum
1396 1545 1477 1598 opus

234 1598 307 1653 Dris
325 1598 499 1668 Verguni
518 1598 557 1653 de
577 1597 713 1667 periculo
733 1600 1000 1668 pangermanismi
1019 1598 1212 1653 deliberatur
1230 1598 1406 1653 ostenditur
1432 1614 1477 1667 ue,

232 1669 391 1737 quomodo
404 1672 560 1723 certamen
579 1684 648 1723 cum
666 1670 943 1737 pangermanismo
962 1683 1024 1723 nrm
1040 1669 1139 1723 solum
1161 1668 1199 1723 ad
1216 1668 1325 1723 Slavos
1339 1616 1477 1723 ‹tertigen-

232 1737 309 1791 tales
329 1736 384 1792 sed
413 1736 500 1793 etad
520 1738 530 1791 i
554 1752 607 1791 sos
629 1736 750 1792 Russos
770 1738 931 1807 pertineat.
962 1738 1024 1793 Col.
1044 1740 1103 1792 830.
1124 1768 1155 1777 -
1182 1736 1378 1792 Describitur
1397 1738 1475 1792 xvi.

234 1806 433 1875 Congressus
464 1822 505 1861 ss.
527 1752 741 1861 Eucharistiae
769 1808 971 1862 adtiratorum
997 1808 1113 1861 Itomae
1141 1810 1154 1860 1
1191 1804 1309 1861 filunii
1330 1808 1397 1861 lucc
1427 1808 1478 1862 ha·

234 1875 326 1931 bitus.
357 1876 420 1932 Col.
435 1878 494 1931 923.
515 1908 545 1913 -
567 1878 638 1929 llas
658 1878 680 1929 ll
715 1894 795 1931 arsa
816 1876 965 1943 (Litterae
985 1877 1086 1945 Praga
1107 1875 1242 1937 missae.)
1262 1876 1477 1931 Veterocatho·

233 1944 291 2011 lici,
319 1960 449 2014 quorum
473 1945 612 2000 nonnulli
633 1894 821 2015 quibusdam
846 1945 1101 2000 concessionibus
1119 1944 1253 2014 acceptis
1272 1948 1312 2013 (v.
1331 1961 1378 2014 gr.
1397 1961 1478 1999 com·

235 2014 338 2069 munis
369 2013 589 2083 confessionis)
617 2014 647 2068 ia
677 2014 835 2069 ecclesiam
868 2015 1072 2070 orthodoxam
1102 2030 1203 2084 nuper
1230 2014 1366 2084 ingressi
1395 2020 1476 2077 suist,

233 2083 340 2153 paucis
354 2083 605 2139 hebdomadibus
625 2084 739 2154 elapsis
756 2085 815 2139 iam
836 2084 1035 2139 declararunt
1054 2099 1087 2138 se
1103 2083 1144 2138 nil
1164 2098 1329 2138 commune
1342 2100 1412 2138 cum
1431 2100 1478 2137 ee·

232 2152 325 2208 cicala
344 2152 520 2209 orthodoxa
539 2153 674 2223 amplius
690 2154 812 2209 habere.
835 2154 1010 2223 Episcopus
1025 2152 1204 2220 ZadrensIs‚
1222 2161 1316 2223 caput
1329 2153 1476 2209 ecclesiae

232 2222 423 2277 orthodoxae
454 2226 485 2277 in
503 2225 630 2278 Austris
658 2223 873 2292 expostulato
900 2224 1046 2293 guberuii
1065 2222 1114 2277 ius
1145 2221 1420 2278 veterocatholicos
1443 2223 1476 2277 in

232 2291 391 2347 ecclesiam
406 2292 611 2347 orthodoxam
622 2292 790 2363 recipIendi
805 2293 903 2361 iisque
915 2293 1090 2348 functiones
1104 2292 1297 2359 parochiales
1308 2292 1476 2347 exhibendi

232 2361 405 2417 orthodoxo
425 2362 508 2416 clero
529 2360 679 2432 Prageusi
699 2362 822 2417 ademit.
845 2366 961 2417 ductor
979 2361 1129 2431 epistolae
1150 2376 1265 2417 munus
1285 2361 1476 2416 orthodoxae

233 2430 378 2485 ecclesiae
397 2430 568 2513 Pragensis
587 2432 735 2500 expendit
763 2438 793 2485 ct
812 2447 999 2501 persuasum
1020 2432 1114 2486 habet
1142 2430 1218 2486 illud
1238 2446 1299 2485 aon
1320 2430 1351 2485 in
1371 2446 1477 2500 prose·

232 2500 241 2553 l
266 2498 360 2555 tismo
388 2500 443 2555 sed
463 2516 494 2555 in
525 2500 814 2570 slavjanofii‘stvo·
845 2501 1025 2556 consistere.
1063 2500 1179 2556 Suadet
1201 2501 1304 2566 simul,
1333 2508 1367 2554 ut
1389 2516 1478 2555 sacra

255 2568 338 2624 ivina
351 2570 472 2639 Pragae
491 2568 585 2625 simili
599 2570 692 2625 modo
711 2574 745 2625 ut
763 2570 794 2625 in
817 2571 931 2626 Russia
949 2571 1067 2639 absque
1080 2570 1290 2625 contractione
1310 2572 1390 2624 ritus
1403 2570 1477 2625 cele

234 2638 373 2693 brentur.
388 2638 714 2709 Repraesentationem
726 2638 928 2695 orthodoxiae
940 2641 1059 2709 Pragac
1070 2639 1277 2694 sufficientem
1292 2654 1362 2693 esse
1375 2646 1476 2708 negat.

233 2708 301 2772 Quo
322 2708 448 2763 meliore
459 2709 567 2763 habitu
583 2708 758 2763 orthodoxa
777 2709 905 2763 ecclesia
916 2710 1085 2779 Pragensis
1104 2716 1213 2764 ornata
1224 2710 1290 2775 erit,
1310 2724 1346 2763 eo
1361 2711 1478 2763 maiore

233 2777 264 2831 vi
283 2792 326 2843 ea,
355 2792 435 2847 quae
463 2777 634 2847 antiquitus
663 2794 719 2847 per
738 2792 780 2833 ss.
801 2778 951 2848 cyrillum
981 2784 1012 2833 et
1032 2778 1223 2833 llethodium
1253 2777 1366 2832 tradita
1394 2783 1476 2842 sunt,

235 2848 353 2917 Pragae
373 2846 653 2915 resuscitabuntur,
673 2862 771 2918 eoque
791 2848 891 2903 rnaior
910 2864 983 2916 spes
1002 2848 1062 2903 erit
1083 2848 1236 2902 Bohemoe
1256 2848 1295 2901 ad
1315 2846 1475 2902 ecclesiam

232 2916 436 2971 orthodoxam
457 2916 634 2972 reducendi.
660 2916 719 2981 Qui
739 2924 869 2972 conatus
889 2933 951 2971 non
970 2916 1092 2973 Initium
1113 2918 1168 2972 sed
1187 2916 1282 2971 tinem
1302 2916 1477 2972 industriae

233 2986 436 3041 orthodoxiae
456 2984 625 3055 Pragensis
645 2986 776 3056 expleat,
796 3002 923 3042 necesse
942 2992 998 3041 est.

340 3056 489 3110 Praeterea
507 3060 647 3109 tractatus
664 3062 811 3109 notentur:
840 3058 957 3125 ,loopoc
978 3074 1095 3109 uauaao.
1117 3052 1181 3111 cot.
1199 3058 1258 3111 705.
1285 3054 1473 3121 (Translatio

234 3124 413 3193 Scripturae
434 3140 539 3179 sacrae
558 3124 589 3178 in
608 3124 747 3195 linguam
765 3124 897 3180 Russiae
916 3140 1032 3194 parvae
1051 3132 1086 3179 ut
1105 3125 1221 3180 bonum
1243 3124 1364 3179 initium
1385 3130 1475 3192 grate

232 3192 294 3247 acci
317 3195 401 3257 itur)
422 3225 448 3232 -
473 3195 504 3248 il.
534 3195 722 3263 lini-uess,
754 3196 848 3265 Hygia
874 3212 929 3248 unu
949 3196 971 3248 l(
994 3212 1112 3249 across.
1145 3194 1208 3249 coi.
1231 3195 1290 3249 709.
1314 3194 1424 3319 &Quod
1444 3194 1475 3248 in

232 3210 367 3333 quagam
386 3280 403 3319 e
427 3262 780 3319 hemerideGermanica
799 3264 915 3333 legitur
928 3264 958 3318 in
974 3214 1059 3319 Leito
1077 3280 1147 3318 curu
1164 3263 1297 3331 Japcnie
1339 3264 1475 3317 hristum

232 3347 250 3386 a
269 3332 379 3387 Budha
412 3332 498 3387 uisse
516 3332 641 3397 victum,
661 3333 774 3389 laisum
796 3350 866 3389 esse
885 3333 1070 3398 ostenditur,
1089 3348 1159 3387 curn
1179 3332 1210 3386 in
1231 3333 1289 3387 hoc
1308 3332 1388 3387 bello
1407 3348 1476 3386 con·

234 3402 389 3457 troversia
409 3402 537 3457 Budhac
555 3418 625 3457 cum
644 3402 769 3459 Christo
789 3419 850 3457 non
872 3406 911 3457 sit
930 3406 1017 3470 acta.)
1036 3435 1068 3440 —
1088 3406 1119 3457 A.
1133 3404 1167 3457 x.
1184 3404 1223 3458 ¹1..
1243 3402 1393 3471 Crpaauoe
1413 3419 1477 3470 rpe-

233 3473 361 3527 cosmoe.
395 3470 458 3529 Col.
477 3473 536 3527 814.
568 3471 792 3541 (Impugnatur
817 3476 925 3528 votum
946 3473 1110 3534 Theodori.
1142 3479 1175 3527 ut
1201 3469 1477 3526 excommunicatio

233 3542 355 3597 comitis
375 3542 408 3597 L.
428 3542 463 3596 N.
482 3540 600 3611 Tolstcj
622 3542 756 3596 tollatur.
777 3542 858 3606 Qiiid
881 3542 952 3597 mali
971 3542 1075 3596 comiti
1096 3541 1213 3611 Toletoj
1234 3540 1361 3596 evenit?
1385 3540 1476 3603 Quod

233 3610 378 3666 ecclesiae
414 3609 575 3679 praesules
629 3614 858 3678 ronuntiarunt‚
896 3627 958 3666 non
990 3618 1039 3665 est
1070 3610 1146 3665 nial:
1187 3610 1345 3676 Doctrina=
1364 3610 1477 3663 Leonis

234 3680 352 3751 Tolstoj
382 3678 541 3735 doctriuae
560 3626 706 3735 ecciesiae
731 3681 924 3736 orthodoxae
943 3681 1146 3746 adversatum
1176 3695 1233 3734 nos
1254 3688 1397 3749 pastores
1426 3678 1479 3733 do·

235 3748 365 3805 ctrinam
396 3748 463 3804 eius
491 3764 652 3804 erroneam
675 3750 927 3819 pronuntiamus
955 3757 985 3805 ct
1010 3765 1079 3805 cum
1100 3749 1218 3819 Tolstoj
1249 3752 1315 3819 ipse
1335 3748 1477 3814 declaret,

235 3832 268 3871 se
282 3818 428 3873 ecclesiae
441 3818 631 3873 orthodoxae
645 3820 820 3875 membrum
836 3835 990 3885 conasse,
1005 3836 1060 3874 nec
1073 3820 1200 3874 ecclesia
1214 3835 1284 3873 eum
1300 3819 1476 3872 membrum

234 3903 325 3943 suum
346 3887 470 3954 iudicat,
490 3888 588 3943 dttnec
606 3887 675 3957 ipse
687 3888 726 3943 ad
746 3904 812 3943 eam
835 3890 938 3943 redire
956 3890 1112 3953 voluerit.)
1126 3920 1158 3931 -
1172 3889 1205 3943 V.
1226 3886 1477 3958 Vvedenskij,

234 3958 440 4012 Ermcaoucrso
470 3975 486 4011 n
505 3974 710 4012 noriamecrso.
740 3958 803 4015 Col.
821 3961 880 4013 865.
909 3958 1064 4024 (Censura
1084 3965 1234 4014 tractatus
1265 3956 1429 4027 »Episcopi
1448 3961 1478 4011 et

235 4026 391 4081 monachi·
407 4028 468 4081 iam
482 4029 686 4083 ann01863in
699 4030 721 4081 ll
744 4030 1015 4093 autocephaliam
1029 4028 1185 4098 publicati.
1199 4030 1292 4083 modo
1303 4031 1334 4082 in
1349 4025 1478 4096 proprio

233 4094 336 4150 llbellc
367 4095 451 4151 editi.
488 4096 651 4151 Tractatus
705 4047 854 4153 ofemicus
887 4101 1042 4153 adversus
1074 4101 1237 4167 opiniones
1268 4095 1478 4167 ephemeridis

232 4166 337 4235 dens,
367 4164 446 4221 acsi
468 4164 640 4220 canonibus
665 4112 772 4221 estctio
791 4167 1010 4237 episcoporum
1040 4185 1057 4222 e
1082 4168 1157 4221 solis
1184 4166 1343 4220 monachis
1370 4164 1478 4219 admit·

233 4240 324 4289 tatur.
345 4234 539 4315 Ostenditur,
558 4236 739 4301 canonibus,
758 4242 920 4359 postremo
939 4235 970 4291 in
991 4237 1113 4305 synodo
1127 4236 1282 4302 Trullana,
1304 4235 1380 4288 nihil
1394 4233 1478 4287 aliud

234 4305 396 4425 Kostularu
426 4320 486 4359 rusi
515 4311 549 4359 ut
578 4305 715 4373 episcopi
743 4305 830 4360 secti
859 4306 1008 4373 coniuges
1035 4321 1110 4359 suas
1137 4304 1317 4372 dimittant.)
1336 4334 1368 4343 -
1392 4304 1479 4371 Aru.

250 4372 390 4443 lipsii,
423 4375 580 4428 lliiucaouu,
601 4392 616 4427 u
636 4376 844 4444 lioacucropin.
876 4374 939 4430 Col.
964 4376 1023 4429 897.
1060 4374 1313 4439 rCcnsistoriuru,
1343 4371 1427 4441 ‘lucil
1447 4372 1479 4425 in

233 4442 349 4497 Russia
375 4458 392 4497 a
413 4444 442 4498 S.
463 4442 591 4512 Synodo
610 4442 792 4499 nominatur
819 4450 848 4497 et
868 4444 933 4499 iere
953 4443 1001 4498 sui
1022 4442 1099 4497 iuris
1119 4442 1310 4512 praesidium
1332 4441 1480 4510 episcopo

232 4526 294 4566 non
314 4510 463 4579 concedit,
484 4512 598 4567 malum
619 4526 689 4567 esse
708 4512 885 4582 exponitur,
904 4512 1164 4580 desideraturque
1184 4520 1219 4567 ut
1236 4512 1267 4565 iu
1288 4508 1480 4565 sacerdotale

233 4580 445 4637 consiliarium
462 4580 626 4651 collegium
646 4597 662 4637 e
686 4581 783 4651 iscopi
800 4581 1006 4647 immutetur.)
1032 4612 1058 4621 -
1080 4582 1113 4637 E.
1132 4580 1366 4646 Akvilcnov,
1386 4581 1480 4658 lissa-

230 4668 313 4714 anau
333 4669 411 4713 nam
431 4654 638 4721 unoshpuauu.
659 4598 721 4706 gol.
740 4652 799 4707 970.
826 4651 1037 4721 (Exprimitur
1055 4650 1256 4714 desiderium,
1277 4658 1311 4704 ut
1329 4654 1478 4716 ‹luaestio
