3450 5342
802 409 996 464 —114-

277 594 337 648 hoc
355 608 453 648 unum
478 595 601 646 constat
618 607 655 647 ea
674 607 691 646 a
711 592 775 648 Deo
793 607 811 647 e
830 592 956 662 speciali
984 591 1200 648 benevolentia
1218 593 1290 647 data
1310 591 1409 648 fuisse
1426 593 1457 644 et
1476 588 1525 643 in·

279 662 452 718 servivisse
475 659 611 716 maxime
629 661 669 716 ad
688 661 847 717 ecclesiam
873 661 1063 717 dilatandam
1083 667 1114 716 et
1132 660 1415 726 corroborandam;
1435 657 1525 729 quod

279 733 318 786 de
337 730 465 788 Latinae
484 729 609 812 linguae
627 746 688 786 usu
707 733 739 787 iii
757 730 884 802 liturgia
904 731 957 787 vix
976 738 1085 788 auctor
1103 731 1285 788 affirmabit
1464 797 1470 808 Ι

380 800 489 856 Latina
516 799 623 870 lingua
641 799 719 870 tegit
747 800 840 856 etiam
861 801 978 856 multos
1005 800 1147 856 defectus
1179 799 1361 864 sacerdotis
1388 811 1529 852 maxime

284 869 462 926 devotionis
480 869 645 930 defectum.
669 870 756 940 quod
774 875 883 926 auctor
901 871 1003 926 citatis
1023 870 1119 926 variis
1139 876 1301 926 auctorum
1321 867 1425 924 effatis
1445 881 1533 922 coni-

285 940 421 1010 probare
439 939 559 994 nititur.
577 941 807 1010 Argumentum
826 956 865 995 ex
885 939 1110 1010 apostolicitate
1125 955 1187 995 non
1200 945 1303 1010 potest
1322 939 1401 994 bene
1419 935 1535 1010 teneri.

284 1009 435 1065 statuitur
452 1008 535 1064 enim
555 1008 813 1078 apostolicitatem
839 1009 993 1075 eeclesiae,
1019 1015 1175 1080 quatenus
1194 1009 1261 1065 eius
1280 1013 1354 1064 nota
1372 1013 1428 1074 est,
1449 1007 1534 1062 bene

284 1078 419 1149 exprimi
437 1094 495 1147 per
513 1091 606 1134 usum
626 1078 760 1160 liuguae,
779 1094 841 1150 qua
860 1080 910 1134 usi
931 1080 994 1135 sint
1013 1078 1146 1150 apostoli
1166 1079 1197 1134 in
1212 1077 1372 1148 primitiva
1390 1074 1533 1131 ecclesia.

281 1151 321 1203 At
348 1148 528 1218 negandum
553 1153 610 1216 cst,
634 1163 739 1215 primo
756 1153 787 1204 et
806 1148 944 1204 secundo
970 1149 1095 1205 saeculo
1117 1148 1149 1204 iii
1176 1164 1237 1204 usu
1256 1147 1354 1204 fuisse
1383 1145 1528 1217 linguam

280 1217 421 1273 Latinam
432 1219 464 1272 in
475 1217 706 1273 ecclesiaelitur
729 1221 765 1273 ia.
775 1219 894 1274 Graeca
904 1218 986 1274 enim
997 1218 1097 1275 fuisse
1108 1218 1241 1282 videtur,
1255 1226 1290 1274 ut
1298 1218 1375 1272 bene
1385 1215 1529 1271 ostendit

279 1288 314 1342 cl.
341 1286 432 1343 Fern.
466 1285 610 1343 Gabrol
638 1288 675 1342 Ο.
723 1329 730 1342 .
759 1287 794 1352 Β.
826 1288 967 1358 Liturgie
992 1288 1049 1343 der
1075 1289 1188 1344 Kircbe
1214 1288 1331 1348 (iibere.
1351 1301 1413 1342 von
1433 1284 1529 1351 Pletl)

280 1357 434 1426 Kempten
452 1357 518 1412 und
538 1355 693 1413 Miincheu
712 1358 788 1414 1906.

382 1425 565 1507 Sequuntur
591 1432 777 1496 argumenta
805 1426 1039 1484 convenientiae
1065 1443 1123 1497 pro
1148 1443 1208 1484 usu
1232 1426 1357 1496 linguae
1377 1429 1524 1480 mortuae

278 1495 309 1549 iii
335 1493 463 1565 liturgia
488 1495 645 1551 catholica.
666 1495 786 1620 Religio
810 1496 960 1552 catholica
984 1496 1190 1554 immutabilis
1214 1501 1278 1562 est;
1306 1510 1404 1566 quare
1429 1493 1526 1549 valde

280 1564 470 1620 couveniens
489 1569 545 1630 est,
564 1569 599 1619 ut
618 1565 709 1620 etiam
747 1565 851 1648 ingua,
871 1582 933 1636 qua
951 1565 983 1622 iii
1003 1565 1211 1622 sanctissimis
1237 1564 1336 1620 utitur
1355 1565 1458 1630 rebus,
1478 1563 1526 1617 sit

280 1649 341 1689 usu
368 1633 552 1704 quotidiano
581 1633 686 1691 illaesa
704 1639 735 1690 et
753 1635 859 1706 aliquo
887 1650 983 1692 sensu
1012 1636 1142 1691 stabilis.
1171 1635 1311 1706 Linguae
1335 1634 1530 1690 domesticae

281 1707 444 1759 mutantur
461 1709 492 1758 et
511 1704 713 1760 vehementer
730 1705 858 1776 quidem
878 1705 929 1774 ita,
949 1712 983 1762 ut
1002 1706 1099 1762 verba
1117 1711 1148 1762 et
1167 1706 1300 1776 phrases
1313 1703 1437 1775 poetali
1460 1703 1530 1758 uod

281 1778 407 1842 tempus
427 1771 687 1844 significationem
707 1774 868 1830 interdum
888 1774 979 1844 plane
998 1775 1185 1832 contrariam
1206 1774 1349 1840 babeant,
1369 1719 1458 1844 quodl
1472 1773 1532 1852 ob·

282 1847 367 1896 esset
386 1841 572 1898 veritatibus
591 1841 748 1914 religiosis
766 1845 800 1898 in
817 1844 946 1914 liturgia
964 1844 1126 1902 contentis.
1146 1843 1268 1914 Lingua
1288 1851 1412 1899 mortua
1430 1846 1531 1896 natio-

282 1909 419 1966 nalitatis
439 1927 568 1967 sensum
588 1911 777 1969 effrenatum
802 1913 921 1984 optime
946 1919 1049 1984 potest
1073 1915 1265 1978 demulcere;
1291 1929 1369 1984 ergo
1393 1927 1462 1967 cum
1482 1910 1530 1965 sit

282 1981 432 2036 catholica
445 1980 501 2036 reli
525 1984 554 2036 io
567 1997 625 2051 pro
638 1982 787 2039 omnibus
799 1983 934 2054 populis,
948 1984 1084 2040 maxime
1096 1984 1286 2040 conveniens
1299 1991 1355 2046 est,
1369 1989 1404 2038 ut
1417 1985 1528 2036 utatur

281 2049 335 2106 tali
360 2049 476 2122 lingua.
528 2051 696 2108 omesticae
722 2051 766 2108 liu
790 2068 848 2109 uae
874 2069 952 2109 usus
971 2053 1003 2108 in
1021 2054 1149 2125 liturgia
1174 2059 1317 2109 causaret
1341 2050 1525 2108 indefinitas

281 2119 453 2202 versiones.
473 2119 596 2202 Lingua
608 2120 719 2204 Latina
730 2069 905 2194 iniimrgia
918 2122 1055 2206 ostendit
1068 2123 1185 2206 populo
1198 2123 1348 2205 unitatem
1368 2120 1525 2188 ecclesiae,

279 2190 1068 2341 stt{tillet⁸lfsaltt¹¹ltltstl¹¹¹llillt
1087 2192 1215 2332 illim
1235 2193 1528 2340 {illusseris

302 2328 425 2384 ubhcus
444 2344 551 2384 rerum
572 2345 707 2386 maxime
725 2332 844 2387 nostris
863 2333 1061 2404 temporibus
1079 2332 1228 2403 exposcit,
1247 2348 1286 2387 ne
1304 2331 1475 2403 quidquam
1489 2345 1525 2384 iii

279 2344 408 2480 liturgia
440 2403 585 2454 mutetur.
616 2399 753 2457 Ecclesia
781 2401 922 2458 Romana
950 2417 1013 2458 non
1041 2408 1150 2484 posset
1177 2404 1256 2460 beue
1284 2401 1456 2472 invigilare,
1484 2413 1527 2455 ne

278 2467 425 2536 liturgiae
443 2475 732 2539 corrumperentur,
752 2469 826 2526 siin
839 2471 937 2527 variis
950 2471 1067 2542 linguis
1082 2472 1263 2528 domesticis
1283 2472 1526 2526 celebrarentur.

283 2536 361 2594 Cum
391 2537 622 2593 introductione
646 2538 771 2610 linguae
801 2540 991 2597 domesticae
1016 2541 1047 2596 in
1067 2541 1225 2613 liturgiam
1255 2541 1367 2596 crescit
1394 2538 1526 2594 facilitas

279 2605 488 2664 schismatum
515 2612 546 2662 et
572 2607 755 2665 defectionis
780 2611 820 2666 ab
839 2610 968 2666 ecclesia
997 2611 1145 2668 Romana.
1171 2611 1274 2677 Quare
1300 2609 1525 2680 postulandum

278 2681 335 2743 est,
355 2681 390 2732 ut
408 2682 567 2732 remaneat
587 2693 665 2734 usus
684 2677 810 2749 liuguae
825 2680 953 2736 Latinae
971 2681 1003 2736 iu
1021 2680 1149 2753 liturgia
1170 2681 1318 2736 Romana.

380 2761 423 2818 11.
442 2763 559 2819 Auctor
581 2764 689 2834 incipit
714 2767 837 2823 solvere
856 2767 1039 2824 notissimas
1067 2768 1269 2824 difficultates
1296 2773 1404 2822 contra
1431 2779 1522 2822 usum

283 2830 409 2902 linguae
429 2833 556 2888 Latinae
574 2833 606 2888 in
625 2834 753 2907 liturgia
770 2836 880 2892 afferri
900 2837 1023 2893 solitas:

330 2955 334 2961 .
384 2904 408 2956 1.
427 2903 582 2984 antonius
601 2905 756 2974 Vogrinec
775 2906 885 2962 scribit
910 2907 1050 2962 Latinam
1077 2907 1216 2978 linguam
1237 2921 1308 2962 esse
1328 2905 1520 2960 retinendam

280 2974 400 3026 tantum
427 2987 459 3026 m
479 2987 594 3028 missae
622 2975 784 3044 sacrificio,
803 2975 835 3031 in
854 2977 1126 3032 administratione
1154 2992 1230 3032 vero
1257 2975 1398 3031 omniurn
1425 2989 1524 3029 sacra·

280 3047 459 3096 mentorum
478 3044 630 3098 utendum
650 3059 721 3100 esse
739 3045 847 3116 lingua
874 3046 1054 3102 domestica.
1074 3048 1156 3115 (Ant.
1183 3045 1384 3116 Vogrinec,
1410 3044 1524 3099 Nostra

278 3109 414 3190 maxima
427 3110 747 3193 culpaluvindobonae
760 3117 848 3183 1904.)
869 3117 1028 3173 Perochus
1043 3115 1197 3188 Vogrinec
1210 3115 1305 3182 varia,
1319 3129 1400 3196 quae
1414 3121 1522 3169 auctor

279 3184 1012 3323 1111111111Ἒῐιῐῗὲῐέ1111111111
1032 3183 1524 3312 prsiittltffllsttitli

280 3317 326 3373 dit
344 3318 461 3375 librum
481 3326 549 3375 eius
568 3336 586 3375 a
605 3296 825 3391 superioribus
843 3271 1062 3381 ecciesfasuiis
1081 3326 1181 3381 fuisse
1209 3323 1420 3394 probibitum;
1441 3337 1526 3392 prae·

280 3396 364 3443 terea
381 3396 569 3459 argumenta
587 3406 650 3446 nou
666 3407 761 3461 posse
780 3393 961 3450 satisfacere
980 3395 1103 3451 criticae
1123 3409 1217 3450 sanae
1244 3395 1347 3464 aliqua
1367 3409 1437 3448 csse
1461 3397 1523 3447 tam

279 3455 470 3540 simpliciaet
481 3474 549 3514 cum
562 3460 651 3530 praxi
665 3462 847 3532 quotidiana
859 3466 1041 3535 pugnantia,
1055 3471 1089 3520 ut
1102 3465 1182 3521 liber
1191 3439 1242 3520 ilse
1252 3465 1369 3520 nullum
1383 3461 1527 3518 babuerit

284 3531 456 3596 practicum
477 3533 679 3586 momentum.

356 3684 362 3696 υ
381 3617 406 3670 2.
426 3614 676 3700 QatbolicismuS,
695 3619 749 3690 qui
766 3619 882 3677 dicitur
903 3622 1082 3702 modernus
1097 3621 1128 3676 in
1148 3620 1331 3704 regionibus
1350 3620 1519 3702 §iaromir

280 3699 416 3809 miliar
429 3701 466 3810 ll
481 3687 853 3814 assiluimus
873 3691 1259 3830 siluissemus
1273 3690 1521 3828 cerrima

277 3769 406 3890 ffibum
435 3825 608 3904 vexillum).
636 3827 683 3882 Ex
709 3827 807 3883 variis
829 3776 1086 3886 {eontradictoriis
1115 3829 1219 3886 effatis
1247 3777 1366 3886 auctor-y
1380 3827 1522 3908 colligere

279 3897 411 3946 conatur
429 3893 564 4018 ιιΙιὲιιιψι
586 3897 749 3979 synopsin,
768 3914 849 3980 quae
868 3899 995 3981 respicit
1013 3899 1171 3983 imprimis
1193 3899 1306 3982 missae
1326 3898 1521 3978 sacrificium.

283 3960 438 4030 »Linguae
494 3968 594 4019 atinae
617 3980 710 4021 usum
736 3983 768 4022 m
801 3968 929 4038 liturgia
957 3985 1019 4024 non
1045 3985 1114 4025 esse
1142 3977 1224 4026 iuste
1250 3967 1464 4024 introductum
1492 3980 1522 4020 in

281 4030 400 4108 nostris
430 4031 627 4101 regionibus;
653 4051 716 4091 non
741 4051 836 4106 posse
886 4039 1014 4108 epulum
1041 4038 1223 4110 intelligere,
1253 4039 1329 4109 quid
1347 4039 1380 4093 in
1399 4035 1524 4108 liturgia

282 4097 353 4166 fiat;
372 4115 479 4180 'quare
498 4102 756 4186 introducendam
777 4123 848 4162 esse
863 4055 1007 4178 Yinguam
1028 4109 1231 4165 domesticam
1255 4153 1260 4162 .
1279 4150 1286 4165 .
1306 4151 1313 4164 .
1332 4133 1354 4164 ,ι
1376 4108 1418 4163 ita
1431 4121 1526 4177 quon·

282 4167 356 4248 dam
369 4183 402 4223 m
414 4168 476 4250 illis
490 4176 723 4230 commentariis
738 4181 888 4232 statutum
900 4183 956 4234 est.
968 4179 1044 4234 Post
1056 4177 1175 4249 aliquot
1188 4194 1288 4235 annos
1299 4176 1526 4234 consideratius

282 4251 344 4292 iam
364 4247 561 4308 scripserunt
580 4249 610 4298 et
629 4243 810 4301 desiderant
829 4247 932 4303 solum
958 4248 1098 4318 linguam
1124 4247 1392 4372 palaeoslavicam.
1420 4248 1527 4302 Postu·

282 4306 380 4362 latum
396 4309 455 4390 boc
468 4311 518 4365 his
531 4311 662 4369 firmant
674 4316 888 4386 argumentis:
908 4320 937 4384 a)
951 4317 1123 4389 Intelligibi
1136 4334 1184 4374 em
1200 4317 1242 4372 lin
1267 4333 1338 4374 uam
1353 4316 1528 4388 liturgicum

282 4377 423 4458 postulat
441 4395 491 4434 ius
510 4385 648 4462 naturae,
677 4392 842 4455 praecepta
855 4387 1079 4470 ¹paedagogica
1099 4393 1129 4470 el
1148 4385 1216 4457 ipse
1245 4335 1392 4444 {hristus
1412 4392 1443 4468 et
1461 4401 1529 4510 apo·

285 4445 365 4526 stoli,
389 4463 487 4503 imino
507 4465 531 4504 s.
552 4457 722 4521 scriptura:
753 4456 895 4512 »Psallite
920 4463 1085 4527 sapienter,
1112 4459 1142 4513 id
1169 4463 1225 4526 est,
1251 4463 1346 4522 orate,
1370 4462 1405 4512 ut
1424 4461 1486 4512 iiite
1497 4455 1530 4510 li·

281 4519 487 4643 saltatis>
500 4519 674 4647 talitali
687 4522 1116 4664 illiullllrllllaqlffisl
1138 4527 1267 4668 sellis
1284 4525 1528 4652 1111111111

280 4657 307 4721 c)
327 4656 446 4712 nostris
472 4659 678 4740 temporibus,
705 4663 822 4732 quibus
847 4681 889 4735 po
914 4666 984 4721 ulus
1011 4672 1173 4737 tantopere
1193 4667 1334 4723 deficite
1352 4665 1526 4734 fidequae

282 4725 397 4802 rendae
417 4731 492 4780 sunt
516 4741 616 4783 novae
636 4745 705 4784 viae
715 4732 754 4786 ad
774 4734 870 4788 corda
889 4682 1068 4797 Hominum:
1089 4737 1159 4792 talis
1179 4741 1283 4793 autem
1304 4751 1387 4792 nova
1406 4735 1456 4790 via
1480 4735 1526 4788 est

275 4791 383 4860 lingua
409 4795 584 4851 domestica
609 4799 726 4868 populo
756 4800 962 4872 intelligibilis
988 4805 1020 4859 iii
1045 4805 1187 4876 liturgia;
1216 4807 1251 4874 d)
1280 4806 1388 4876 lingua
1407 4802 1525 4860 Slavica
