3450 5342
687 507 880 562 -tst-

264 686 306 755 Ν.
325 687 482 773 Lipslciy',
508 692 855 758 llcnxoaorasecafa
879 710 1020 759 ocnoru
1043 710 1329 775 yncrrenuarou
1354 712 1410 777 pe·

156 778 333 843 ‚andoeno
356 797 644 862 usapcrncuuarc
664 780 884 846 nccnnraala
901 800 947 845 ns
967 785 1220 855 acmscasuull
1241 780 1407 863 aspicit».

159 862 326 927 Hisacuas
351 869 433 925 teca
457 875 506 938 (m.
530 871 548 928 i.
572 889 599 946 p.
622 868 655 944 t.)

249 966 324 1019 Post
343 972 431 1020 actus
445 966 614 1020 sensitivos
634 967 747 1021 transit
760 974 869 1022 auctor
888 966 925 1019 ad
945 973 1032 1020 actus
1053 966 1173 1020 animae
1189 965 1409 1021 intellectuales

158 1036 349 1103 (Paacyacaa,
370 1054 387 1087 a
406 1037 575 1103 srsrruaenie,
595 1051 623 1104 p.
642 1039 697 1103 73.)
718 1037 843 1091 Primus
858 1035 990 1090 effectus
1004 1035 1218 1089 intellectualis
1238 1035 1405 1091 activitatis

158 1104 283 1158 animae
296 1113 344 1157 est
356 1104 443 1159 iuxta
455 1113 614 1161 auctorem
628 1105 773 1160 distincta
788 1106 873 1159 notio
892 1105 1081 1159 universalis
1095 1106 1248 1171 triennale).
1271 1105 1406 1159 Medium

158 1174 264 1227 lecum
284 1174 366 1227 inter
384 1174 527 1229 notiones
547 1175 742 1229 universales
762 1184 792 1229 et
806 1174 1108 1242 repraesentationes
1132 1175 1299 1230 sensitivas
1326 1181 1409 1229 tenet

161 1243 265 1312 magis
278 1242 327 1297 vel
343 1242 446 1297 atinus
460 1243 648 1297 universalis
663 1243 908 1314 repraesentatio
923 1248 1035 1308 (carnee
1056 1245 1281 1312 spelmannum
1297 1286 1302 1297 .
1324 1244 1409 1299 Haec

159 1322 211 1366 est
224 1312 326 1367 adhuc
340 1313 508 1367 sensitivae
521 1314 708 1383 cognitionis
721 1322 808 1368 actus
823 1319 852 1368 et
866 1313 992 1383 quidem
1015 1314 1197 1376 memoriae3
1220 1314 1407 1368 universalis

161 1382 234 1435 ideo
253 1390 392 1448 vocatur,
420 1382 493 1451 quia
522 1383 658 1437 omissae
686 1389 760 1438 sunt
787 1386 816 1438 in
845 1399 880 1436 ea
909 1382 1075 1437 nonnullae
1103 1382 1312 1437 individuales
1344 1399 1409 1452 per-

161 1451 312 1505 fectiones
331 1450 441 1506 obiecti
461 1460 491 1505 et
509 1452 608 1506 solum
630 1468 691 1518 eae,
710 1468 790 1522 quae
811 1454 910 1519 magis
931 1452 978 1505 vel
1000 1453 1102 1505 minus
1123 1468 1304 1507 ccirrrmunes
1327 1460 1409 1519 sunt,

161 1536 333 1589 expressae
359 1528 441 1577 sunt.
462 1521 505 1575 De
525 1522 657 1591 simplici
677 1523 926 1592 apprehensione
946 1530 1104 1590 tamquam
1126 1521 1165 1575 de
1185 1524 1313 1603 proprie
1340 1527 1409 1577 actu

161 1589 337 1645 intellectus
362 1597 469 1645 auctor
488 1607 550 1645 non
570 1592 719 1661 loquitur.
749 1594 865 1647 Contra
892 1592 948 1645 hoc
982 1600 1060 1645 teste
1088 1590 1275 1645 conscientia
1298 1608 1407 1646 verum

161 1667 212 1713 est
231 1660 401 1728 simplicem
422 1661 703 1729 apprehensionem
734 1667 889 1729 tamquam
916 1668 1017 1714 actum
1045 1660 1218 1714 intellectus
1244 1661 1408 1716 distinctas

162 1729 307 1783 notiones
330 1730 524 1784 universales
551 1731 744 1799 praecedere.
773 1731 894 1784 Scimus
915 1731 1005 1792 enirn,
1026 1729 1207 1799 prinsquam
1235 1731 1408 1785 intellectus

164 1798 517 1866 hasefformaverit,n0s
526 1800 758 1869 apprehendere
769 1801 888 1854 obiecta
901 1799 1071 1867 singularia
1083 1804 1117 1853 ut
1128 1800 1229 1864 realia,
1241 1810 1269 1853 et
1281 1800 1407 1868 quidem

162 1867 207 1921 ita
228 1868 330 1933 realia,
360 1876 394 1923 ut
412 1884 447 1923 ea
475 1870 513 1923 de
533 1870 626 1924 nullis
654 1870 722 1923 aliis
744 1869 886 1923 similiter
915 1878 944 1923 et
971 1868 1062 1923 simul
1092 1870 1298 1937 apprehensis
1324 1884 1411 1937 prae·

164 1936 297 1991 dicanda
316 1954 386 1992 esse
400 1938 508 1993 saltem
530 1939 676 2008 implicite
691 1941 926 2008 perspiciamus.
947 1938 1029 1993 Talis
1044 1944 1131 1991 actus
1148 1947 1270 1991 nonest
1287 1954 1409 2003 sensus,

164 2006 238 2075 quia
267 2008 316 2061 hic
342 2022 403 2062 non
429 2014 533 2077 potest
560 2010 795 2077 apprehendere
824 2009 978 2063 obiectum
1001 2018 1034 2062 ut
1060 2008 1148 2073 reale,
1169 2009 1222 2061 sed
1250 2016 1296 2061 est
1323 2016 1410 2062 aetus

164 2076 339 2130 intellectus
357 2077 421 2159 iqui
441 2080 524 2132 iuxta
551 2079 734 2133 sententiam
763 2078 967 2132 scotist-arum
990 2086 1019 2131 et
1039 2077 1175 2131 Suarezii
1201 2077 1409 2165 apprehendit

166 2145 321 2201 obiectum
343 2148 501 2216 singulare
520 2148 636 2201 directe
665 2147 849 2212 immediate,
870 2148 952 2201 iuxta
973 2147 1157 2201 sententiam
1179 2162 1201 2200 s.
1228 2148 1359 2201 streniae
1379 2154 1408 2203 ct

166 2215 400 2271 Themistarum
420 2232 490 2271 cum
511 2218 644 2287 quadam
667 2218 832 2272 reflexione
851 2216 890 2271 ad
911 2218 1117 2285 phantasma).

257 2311 367 2377 Exeo,
417 2312 479 2366 nod
509 2319 596 2381 putat
625 2320 742 2374 auctor,
770 2312 912 2366 notiones
934 2311 1128 2366 universales
1149 2310 1311 2365 distinctas
1341 2328 1412 2366 esse

166 2380 305 2461 primunt
332 2329 518 2449 proiiuctum
546 2382 761 2437 intellectualis
788 2382 987 2451 operationis,
1013 2380 1202 2503 intellipitur,
1228 2398 1284 2435 cur
1307 2388 1410 2435 aetum

165 2450 270 2505 iudicii
289 2450 440 2519 pastillas
460 2451 586 2505 demum
607 2463 709 2519 ponat,
730 2452 774 2505 Ad
796 2450 956 2505 materiam
969 2450 1050 2504 enim
1072 2450 1115 2503 inc
1129 2450 1173 2503 icii
1189 2450 1411 2521 (Spibjectuml

164 2527 196 2573 et
224 2520 481 2589 Plraedicatumll
519 2521 722 2589 requiruntur
751 2522 901 2585 illationes,
933 2534 1012 2589 quae
1042 2519 1160 2573 obiecta
1189 2520 1228 2573 ab
1257 2520 1411 2575 intellectu

165 2590 290 2658 cognita
309 2589 492 2659 exprimant.
512 2590 549 2644 In
569 2590 765 2669 philosophia
786 2589 978 2653 scholastica,
999 2596 1120 2643 tenente
1136 2589 1330 2655 sententiam,
1351 2589 1411 2644 iam

166 2674 224 2727 per
238 2658 409 2727 simplicem
424 2660 705 2728 apprehensmncm
721 2661 875 2713 obiectum
891 2660 930 2713 ab
944 2659 1099 2713 intellectu
1114 2659 1267 2724 citqrrosci
1286 2659 1413 2727 ponitur

165 2736 255 2783 actus
274 2728 377 2782 iudicii
397 2736 469 2783 ante
488 2731 629 2783 notiones
650 2730 845 2791 universales
864 2728 1036 2781 distinctas.
1059 2728 1124 2781 lloc
1144 2738 1222 2781 recte
1241 2726 1413 2797 fie1·i,patet

165 2797 258 2851 etiam
277 2813 312 2851 ex
327 2814 371 2862 ec,
387 2798 471 2868 quod
486 2800 523 2851 ad
540 2800 681 2853 notiones
701 2797 897 2852 universales
917 2797 1079 2851 distinctas
1092 2796 1306 2851 efformandas
1323 2798 1412 2866 plura

167 2866 280 2921 iudicia
299 2878 373 2922 sunt
393 2868 576 2921 necessaria.
603 2868 695 2922 Recte
720 2868 793 2922 dicit
817 2873 926 2921 auctor
957 2866 1191 2920 similitudinem
1219 2868 1411 2921 obiectorum

167 2952 240 2990 esse
258 2937 498 2991 fundamentum
520 2938 681 2991 notionum
695 2937 930 2992 universalium.
950 2936 995 2989 hd
1014 2952 1065 2989 cas
1081 2936 1294 2990 effiminandas
1307 2952 1413 3005 perre-

167 3007 273 3059 nimus
294 3022 349 3075 per
368 3008 632 3075 comparationem
659 3006 867 3075 complurium
895 3005 1141 3071 individuortmr,
1171 3006 1412 3061 abstractionem

166 3074 393 3143 perfectionum
408 3076 644 3130 individualium
665 3084 694 3131 et
705 3078 849 3130 unionem
866 3076 1089 3144 perfectionum
1103 3075 1318 3143 compluribus
1332 3092 1413 3130 com·

167 3145 310 3199 munium
325 3145 356 3199 in
376 3160 469 3200 unam
485 3148 651 3200 notionem.
670 3146 701 3200 Si
717 3147 790 3200 haec
806 3145 906 3199 stilum
921 3144 1103 3199 essentiales
1125 3144 1329 3213 perfectiones
1344 3162 1412 3199 con·

165 3214 252 3279 tinet,
272 3225 403 3269 vocatur
416 3215 501 3269 uctio
514 3214 688 3269 essentialis
704 3216 834 3282 irretiarie
848 3237 873 3259 ·:
885 3216 1056 3278 cpemtneaie
1070 3232 1332 3284 cyrnea-rrumamri,
1348 3234 1414 3284 npu-

167 3302 304 3336 anaaoaa,
324 3302 480 3353 apernere,
500 3301 527 3354 p.
548 3288 602 3342 75).

273 3354 334 3407 Sed
353 3368 472 3423 quaeso
492 3386 522 3392 —
542 3354 619 3408 fitne
648 3353 697 3407 illa
725 3353 916 3422 comparatio
937 3359 966 3405 et
995 3352 1164 3407 abstractio
1184 3368 1238 3420 per
1266 3353 1348 3406 solas
1370 3368 1415 3407 re·

168 3424 438 3491 praesentationes
465 3423 633 3478 sensitivas
650 3439 688 3477 an
709 3438 765 3491 per
784 3422 919 3476 iudicia?
943 3422 1073 3491 Propria
1102 3421 1293 3491 experientia
1320 3423 1412 3476 unius

167 3492 321 3561 cuiusque
340 3500 481 3558 testatur,
501 3501 667 3562 utramque
687 3508 742 3561 per
756 3492 868 3546 iudicia
883 3491 952 3546 fieri
967 3500 1094 3615 reptante
1114 3491 1274 3560 inquisitio
1295 3492 1414 3546 scienti·

166 3561 228 3615 fica
248 3578 304 3630 per
319 3563 416 3617 multa
428 3562 586 3617 ratiocinia
596 3569 626 3617 et
637 3562 746 3629 longas
759 3562 982 3615 inductionesa
1016 3560 1230 3615 efformandas
1251 3560 1414 3615 distinctas

168 3630 313 3685 notiones
331 3632 526 3686 universales
547 3647 638 3701 saepe
658 3639 706 3685 est
726 3632 938 3695 necessarial).

275 3725 480 3795 Operationes
513 3728 734 3782 intellectuales
768 3726 911 3806 specifice
946 3725 1076 3780 differre
1112 3726 1151 3779 ab
1181 3726 1415 3794 operationibus

169 3810 322 3851 sensuum
353 3803 581 3866 consequenter
600 3797 690 3851 etiam
713 3797 870 3850 hommem
889 3797 1033 3857 abruto),
1054 3794 1199 3864 pluribus
1220 3795 1414 3850 firmissimis

169 3866 346 3920 rationibus
365 3867 404 3921 ab
424 3873 545 3921 auctore
564 3868 718 3935 probatur
738 3865 896 3932 (facultate
916 3864 1128 3919 alistrahendi.
1142 3881 1222 3934 <puae
1239 3866 1297 3919 iam
1312 3866 1342 3919 in
1354 3865 1416 3920 fine

169 3934 263 4003 primi
291 3936 363 3989 anni
389 3936 420 3989 in
440 3935 613 3990 infantibus
642 3951 711 3989 sese
742 3935 928 4001 manifestat,
957 3935 1083 4003 aptandi
1114 3935 1213 3988 media
1242 3936 1280 3989 ad
1311 3935 1416 4000 finem,

168 4004 378 4073 cognoscendi
406 4020 520 4059 nexum
554 4005 633 4060 inter
660 4005 806 4059 effectum
836 4013 866 4059 et
894 4019 1030 4071 causam,
1058 4018 1119 4074 qua
1149 4004 1293 4059 facultate
1324 4006 1417 4059 bruta

168 4073 298 4127 omnino
317 4082 430 4140 carent,
451 4091 478 4143 p.
497 4077 552 4141 93.)

274 4160 403 4215 Praeter
421 4161 597 4216 facultatem
626 4161 824 4229 cogitativam
855 4160 1068 4227 (intellectum)
1088 4160 1227 4229 loquitur
1247 4170 1355 4216 auebn·
1375 4163 1413 4214 de

169 4229 333 4298 superiore
351 4231 486 4300 quadam
507 4231 651 4285 facultate
670 4230 891 4299 cognoscitIva
912 4245 1003 4298 quam
1017 4230 1167 4284 rationem
1186 4231 1321 4299 appellat
1338 4232 1418 4297 (Paa-

168 4316 234 4380 yns
253 4322 263 4344 .-
298 4316 405 4355 rozum
427 4325 450 4345 ·.
469 4300 518 4355 die
539 4301 700 4365 vernunst,
720 4316 748 4369 p.
767 4302 821 4359 99.)
852 4300 942 4354 Ratio
959 4298 1148 4353 discriminis
1160 4299 1243 4354 iuxta
1254 4306 1412 4355 auctorem

167 4384 199 4423 m
219 4384 256 4423 ec
266 4376 323 4436 est,
341 4370 426 4439 qnod
437 4370 611 4425 intellectus
622 4380 769 4424 versatur
782 4369 862 4423 circa
882 4367 1001 4422 obiecta
1016 4369 1221 4437 experientiae
1241 4371 1301 4437 (rel
1313 4369 1417 4439 potius

168 4439 245 4493 circa
274 4453 318 4505 ea,
342 4440 499 4508 quomodo
523 4441 614 4494 nohis
643 4455 689 4493 res
709 4454 766 4507 per
792 4438 1014 4506 experientiam
1042 4446 1215 4507 apparenti,
1245 4441 1322 4494 ratio
1342 4454 1418 4493 vero

168 4507 271 4562 elevat
287 4523 320 4562 se
336 4524 432 4579 supra
446 4510 661 4578 experientiam
677 4515 707 4563 et
723 4509 864 4562 consistit
879 4507 909 4561 in
923 4506 1018 4561 firmo
1028 4507 1099 4561 nisu
1111 4523 1146 4561 ac
1161 4509 1254 4563 veluti
1269 4509 1417 4563 instinctu

170 4577 325 4645 spirituali
344 4579 527 4646 penetrandi
546 4580 585 4634 ad
606 4578 692 4647 ipsas
712 4593 818 4632 rerum
837 4577 1040 4643 substantias,
1065 4576 1205 4645 singulas
1225 4578 1417 4647 cognitiones

169 4646 201 4701 in
221 4661 319 4702 unum
341 4655 480 4716 systema
500 4648 763 4703 redactashabere
783 4647 862 4710 (idea
876 4646 961 4713 veri),
981 4660 1169 4715 cognoscere
1181 4662 1242 4701 non
1264 4648 1364 4701 solum
1377 4646 1417 4713 id,

169 4716 253 4783 quod
272 4722 329 4781 est,
349 4717 506 4773 sedetiam
526 4718 567 4785 id,
587 4718 671 4787 quod
683 4723 888 4785 oportetesse
907 4716 987 4783 (idea
1000 4714 1094 4781 bonit,
1114 4731 1302 4784 cognoscere
1314 4716 1417 4771 onmia

169 4785 202 4839 in
222 4784 398 4840 harmonica
418 4788 566 4841 unitatem
588 4794 618 4841 et
637 4786 850 4847 universitate.
878 4785 1032 4854 imprimis
1051 4800 1099 4839 res
1128 4801 1237 4840 omnes
1257 4793 1416 4855 tamquam
