3450 5342
675 454 867 510 -281—

147 639 229 698 nulla
259 650 313 697 est.
344 640 448 698 Altera
476 652 574 699 autem
612 642 802 713 ,confitemur
831 644 863 699 in
895 642 931 697 l).
963 642 1030 699 Iesu
1062 662 1151 699 unam
1189 642 1391 700 voluntatem‘

146 737 226 785 recte
250 726 426 803 intelligitur
448 747 464 785 e
487 738 674 799 contextae
698 748 755 807 quo
779 738 860 805 patet
883 730 1026 787 unitatem
1049 728 1092 787 uil
1116 728 1197 787 aliud
1223 748 1393 808 essequam

146 812 313 872 absentiam
329 816 553 882 contrarietatis,
569 834 657 893 quam
674 814 808 873 homiues
824 815 899 892 lapsi
915 818 948 875 iu
963 814 1103 875 membris
1118 818 1179 875 suis
1195 819 1395 895 experiuntur.

147 900 286 959 Ceterum
319 899 466 967 liebedev,
498 903 549 979 qui
571 903 681 979 scripta
713 901 793 961 illius
827 902 941 980 periodi
976 905 1109 980 apprime
1144 906 1265 980 cognita
1296 902 1395 975 habet,

144 989 336 1045 auctoritates
359 999 497 1045 externas
520 1008 541 1045 s.
565 988 690 1047 Maximi
713 1000 742 1047 et
766 988 887 1047 loannis
909 988 1026 1047 abbatis
1054 1009 1174 1048 causam
1200 990 1327 1048 lionorii
1349 991 1395 1048 iu-

144 1072 377 1152 expugnabilem
410 1072 534 1133 reddere
566 1078 672 1153 poterit
701 1074 947 1136 animadvertere.
979 1074 1065 1152 Quae
1097 1076 1216 1155 quidem
1247 1076 1391 1135 ecclesiae

145 1160 259 1219 latinae
282 1181 468 1239 nequaqnam
492 1163 585 1219 amice
608 1165 717 1239 scripta
740 1164 862 1221 minime
893 1173 1024 1221 nostrum
1051 1172 1104 1231 est,
1135 1166 1248 1222 auctori
1272 1166 1304 1223 iu
1329 1184 1393 1222 ma-

146 1248 207 1306 lam
232 1248 381 1325 explicare
404 1261 525 1325 partem.
549 1269 614 1307 cum
639 1248 685 1306 rel
703 1249 840 1307 catholici
857 1252 1014 1327 scriptores
1030 1249 1171 1319 diversas,
1196 1252 1286 1309 immo
1305 1271 1395 1329 eppe

146 1336 219 1393 sitas
242 1336 273 1393 in
297 1335 352 1393 hac
376 1338 576 1393 controversia
599 1338 761 1394 sententias
785 1336 914 1395 tulerint.

253 1424 351 1479 Sectis
392 1425 479 1479 tertia
520 1422 709 1481 iconoclasmi
750 1422 903 1481 historiam
935 1422 1066 1490 exbibet,
1099 1443 1246 1502 quaenam
1281 1423 1391 1483 inerint

147 1528 165 1567 a
188 1528 266 1568 saec.
288 1508 340 1571 IV.
360 1508 490 1567 haeresis
506 1511 592 1567 initia
607 1520 636 1567 et
652 1511 746 1587 prima
761 1511 904 1585 germina,
920 1508 1026 1588 quibus
1042 1508 1206 1569 rationibus
1228 1520 1391 1588 propagata

147 1598 185 1653 sit
218 1594 290 1653 haec
331 1594 499 1673 ,despotica
529 1596 627 1654 civilis
664 1598 817 1674 potestatis
848 1598 964 1655 invasio
993 1598 1026 1655 iu
1056 1598 1199 1655 ecclesiae
1230 1598 1389 1665 rationes“,

147 1680 293 1761 quomodo
317 1702 335 1739 a
357 1684 429 1741 viris
452 1681 660 1742 ecclesiasticis
683 1703 847 1761 suppressa,
871 1682 908 1741 ab
931 1683 1036 1742 aulicis
1059 1693 1088 1741 et
1111 1682 1254 1742 militibus
1275 1693 1391 1742 recocta

146 1770 193 1839 sit,
221 1788 254 1826 ac
278 1768 398 1827 taudem
421 1768 571 1828 defecerit.
594 1770 751 1829 Enarratio
774 1768 893 1828 fidelem
915 1780 945 1827 et
964 1790 1065 1829 veram
1081 1770 1212 1828 haeresis
1228 1772 1389 1847 imaginem

147 1854 279 1925 exhibet,
314 1855 392 1914 baud
416 1857 506 1915 semel
537 1864 567 1915 ct
590 1859 700 1935 pietate
724 1876 782 1915 nou
806 1858 875 1915 licta
897 1855 1042 1934 splendet,
1077 1876 1152 1935 quae
1174 1857 1242 1914 libri
1266 1859 1390 1915 virtutes

144 1941 255 2000 librum
272 1941 358 2000 valde
375 1942 583 2002 commendant
598 1947 683 2023 eique
707 1954 735 2001 et
758 1944 835 2001 ultra
852 1943 971 2001 scholae
990 1944 1064 2001 lines
1079 1942 1192 2001 aditum
1208 1952 1389 2021 comparant.

255 2029 362 2087 l'crum
393 2030 582 2109 popularitati
607 2050 826 2108 nonnumquam
860 2032 950 2089 etiam
977 2029 1144 2089 distinctior
1175 2028 1266 2089 dictio
1288 2041 1318 2087 et
1343 2052 1395 2088 ex-

145 2118 260 2193 pressio
290 2117 413 2174 multum
443 2116 582 2195 prodesse
613 2126 716 2195 potest,
748 2136 813 2175 curn
844 2120 941 2196 prima
973 2120 1069 2175 omnis
1101 2117 1241 2176 historiae
1274 2117 1322 2175 lex
1346 2120 1394 2188 sit,

151 2222 215 2275 „ne
248 2202 341 2280 quid
372 2206 455 2261 veri
489 2202 620 2263 dicere
653 2224 725 2263 non
757 2202 926 2263 audeat.“
954 2206 1003 2261 ste
1025 2224 1050 2262 e.
1068 2226 1109 2281 gr.
1126 2206 1260 2283 quaestio
1275 2206 1390 2282 gravis-

145 2292 231 2360 aima,
255 2288 333 2347 uude
356 2291 480 2349 concilio
504 2302 574 2349 nota
596 2292 849 2349 oecumenicitatis
872 2290 1002 2361 accedat,
1025 2312 1041 2348 e
1065 2290 1140 2349 libro
1162 2292 1262 2369 colligi
1281 2293 1391 2369 nequit,

145 2375 222 2434 adeo
246 2388 276 2433 ut
300 2398 367 2435 vere
391 2380 588 2435 necessarium
613 2380 651 2435 sit
674 2376 831 2436 dicendum
854 2376 1056 2457 illud,sb.10
1079 2398 1122 2439 110
1143 2374 1287 2464 cotiopy“
1314 2376 1392 2456 quod

144 2464 178 2521 in
202 2464 310 2521 Russia
340 2466 388 2540 agi
418 2463 594 2523 audirimus.
629 2464 854 2523 Conciliuml'.
878 2463 985 2522 dicitur
1015 2467 1234 2524 oecumenicum
1260 2464 1331 2523 inde
1354 2464 1392 2523 ab

144 2552 234 2608 initio
265 2552 399 2629 ‹puamris
430 2551 578 2611 Occidens
611 2551 779 2611 nullatcnus
813 2559 1050 2629 repraesentatus
1083 2552 1174 2610 inisse
1208 2562 1393 2629 agnoscatur.

147 2638 291 2695 Rationes
324 2641 527 2713 gravissimae,
550 2637 587 2697 ob
611 2658 683 2717 quas
715 2658 843 2697 canones
866 2638 1002 2696 Trullaui
1026 2638 1180 2717 approbati
1210 2659 1228 2697 a
1261 2640 1394 2697 Romano

147 2724 295 2783 Pontifice
329 2746 387 2783 non
422 2736 497 2793 sunt,
528 2723 607 2783 sedis
641 2725 756 2803 Cplnae
788 2726 916 2783 clevatio
946 2724 988 2783 ibi
1019 2724 1138 2783 decreta
1165 2726 1203 2802 (c.
1227 2728 1281 2798 36)
1306 2736 1394 2803 atque

148 2810 361 2888 postulatorum
385 2812 419 2869 ll.
442 2812 597 2870 Pontificis
621 2811 738 2890 repulsa
760 2822 848 2871 autea
871 2812 950 2869 facta
972 2832 1031 2870 nou
1054 2821 1330 2873 commemorantur.

254 2898 290 2955 ln
314 2898 477 2976 appendice
501 2898 618 2957 addidit
640 2899 675 2957 L.
697 2898 801 2957 brevia
824 2899 1041 2977 complementa
1054 2897 1091 2957 ad
1108 2910 1246 2977 quattuor
1268 2898 1395 2957 concilia

147 2986 255 3062 priora.
283 2985 351 3057 ‚lic
377 2988 403 3043 1.
428 2984 834 3045 ConciledeNiceed'
859 2984 1046 3065 aprbslcs
1064 2986 1391 3064 textesKoptes,“

145 3073 220 3129 tomi
245 3070 309 3135 dne,
333 3092 408 3149 qnae
432 3094 449 3131 a
471 3072 597 3131 concilio
621 3076 684 3151 ipso
707 3072 895 3142 descendere,
911 3072 1070 3140 Revillout,
1092 3076 1229 3131 inventor
1251 3085 1281 3131 et
1301 3072 1397 3131 editor

147 3156 324 3222 documenti,
348 3162 476 3237 putavit:
497 3158 637 3217 Lebedec
654 3162 807 3238 impugnat
831 3161 1000 3238 opinionem
1023 3171 1088 3217 octo
1112 3162 1302 3234 argumentis.
1324 3160 1396 3218 l'er·

151 3243 343 3323 handlungen
375 3246 427 3303 der
456 3247 810 3323 Kirchenrersammlung
840 3268 876 3305 zu
908 3246 1042 3325 Ephesus
1070 3265 1117 3303 am
1149 3246 1254 3303 xxti.
1278 3247 1395 3323 August

150 3333 224 3389 449.
253 3352 305 3389 ans
335 3334 417 3391 einer
447 3334 609 3413 Syriscbcu
643 3333 839 3393 Handscbrift
873 3332 1020 3391 ttbersetzt
1054 3352 1113 3389 ron
1148 3334 1199 3390 llr.
1231 3333 1392 3403 Holmann,

150 3418 341 3477 Kalisia.
372 3420 524 3479 Postremo
557 3431 713 3479 narrantur·
735 3430 818 3499 gesta
842 3420 894 3478 lv.
925 3419 1043 3477 concilii
1075 3438 1100 3475 a.
1133 3422 1204 3477 451.
1235 3419 1397 3478 secundum

151 3512 218 3565 acta
241 3508 366 3584 propria.

255 3591 395 3651 Lebedus·
430 3606 460 3652 ut
495 3614 580 3651 verus
619 3592 774 3651 historicus
809 3590 905 3650 sobrie
939 3594 1040 3651 omnia
1074 3601 1241 3671 pertractat,
1277 3590 1394 3651 laudern

151 3677 227 3738 benc
250 3681 385 3737 meritam
409 3700 504 3759 neque
520 3679 714 3739 Pontificibus
731 3680 764 3737 lt.
781 3678 909 3755 denegat
925 3688 954 3736 ct
969 3682 1161 3759 systematica
1183 3681 1394 3757 compositione

150 3766 288 3845 styloque
312 3768 446 3845 populari
469 3766 618 3825 excellens
641 3768 747 3825 summi
771 3768 857 3845 pretii
882 3786 971 3843 opera
994 3766 1105 3825 scribit.

1079 3848 1161 3915 Cer.
1190 3846 1331 3914 Vaccis.

656 4002 894 4083 SERBlCA.

254 4174 390 4236 tutatuta
409 4176 488 4244 lm,
509 4192 555 4231 nr.
575 4178 650 4232 1-6.

256 4245 488 4315 Pole'edice
513 4246 689 4301 razvoda
710 4245 830 4300 braka
857 4246 955 4313 zbog
979 4244 1166 4314 preljube
1184 4246 1243 4315 (De
1263 4246 1397 4315 aequalis

150 4314 279 4370 divortii
299 4322 430 4385 propter
447 4316 635 4371 adulterium
656 4314 801 4384 permissi
810 4330 824 4381 r,
843 4316 921 4369 5-9.

258 4384 393 4440 Ecclesia
417 4384 576 4441 orientalis
602 4391 745 4453 separata
771 4382 908 4439 admittit
935 4382 1106 4438 divortium
1132 4383 1171 4438 ob
1191 4383 1395 4448 adulterium;

149 4452 238 4509 iuxta
257 4469 391 4509 canones
417 4470 492 4510 suos
512 4454 593 4523 parti
612 4453 767 4509 innocenti
787 4468 905 4508 novum
926 4453 1157 4508 matrimonium
1179 4452 1338 4522 permittit,
1365 4458 1398 4507 at

149 4524 273 4579 nocenti
299 4524 386 4579 iuxta
414 4538 548 4579 canones
574 4538 690 4578 novum
713 4522 946 4578 matrimonium
968 4521 1022 4577 vix
1041 4528 1144 4592 potest
1163 4521 1310 4591 permitti.
1348 4521 1397 4577 Ob

149 4606 262 4647 causas
281 4608 396 4663 graves
416 4592 533 4649 crimen
553 4597 738 4647 excusantes
764 4606 900 4647 canones
920 4592 988 4646 viro
1008 4590 1130 4647 nocenti
1149 4592 1274 4661 quidem
1295 4592 1399 4646 matri·

150 4662 291 4717 monium
324 4678 440 4719 novum
470 4662 664 4733 permittunt,
700 4662 755 4716 sed
788 4676 948 4731 nunquam
983 4660 1105 4715 mulieri
1136 4660 1266 4715 nocenti.
1299 4660 1399 4729 Expe-

150 4731 261 4787 rientia
287 4738 364 4787 teste
391 4732 490 4787 maior
514 4747 589 4801 pars
608 4732 713 4787 talium
741 4731 979 4795 dissolutorum,
1007 4730 1034 4785 si
1057 4745 1177 4784 auovo
1198 4729 1397 4785 matrimonio
