3450 5342
717 395 912 452 *167-

187 581 369 640 Christo
403 583 481 638 inter
503 589 584 638 aetus
608 581 715 638 liberos
738 592 767 640 et
790 582 960 642 definitivus
983 586 1046 642 eius
1081 583 1293 642 humanae
1330 583 1433 643 volun-

184 671 265 739 tatis,
289 689 347 745 qna
369 680 401 725 ut
422 668 504 725 Dens
526 669 599 740 vult,
622 671 700 726 utin
724 668 853 728 humana
876 679 982 728 natura
1003 679 1033 728 et
1055 670 1185 730 humana
1208 692 1261 729 sua
1279 672 1431 730 voluntate

185 754 301 833 aliquid
324 755 409 826 velit3
432 753 529 832 quoad
552 775 605 814 nos
628 756 679 813 illo
702 776 790 814 sensu
813 756 933 815 dicitnr:
962 756 1039 833 „Qui
1062 756 1204 816 adhaeret
1226 758 1291 818 Deo
1307 759 1341 816 fit
1356 779 1430 818 unns

185 845 307 920 spiritns
328 862 393 900 euru
417 845 481 912 eo“‚
495 843 631 900 Christus
646 863 715 900 vero
731 842 768 901 de
784 865 816 901 se
831 843 883 901 illo
906 865 992 903 seusu
1015 843 1100 902 dieit:
1128 845 1211 922 „Ego
1227 865 1302 923 quae
1321 846 1431 924 placita

186 939 255 987 sunt
277 932 305 986 ei
328 930 405 987 facio
438 931 570 1006 semper“
598 930 628 986 id
651 938 703 1000 est,
727 931 857 990 humana
889 951 955 990 mea
979 932 1129 990 voluntate
1165 952 1314 1010 uunquam
1348 931 1430 990 aliud

188 1017 256 1074 velo
279 1037 367 1094 (luam
392 1015 470 1094 qnod
494 1015 599 1074 divina
635 1017 780 1088 voluntas,
803 1037 879 1095 quae
902 1017 975 1076 mihi
999 1021 1162 1076 eommunis
1186 1029 1230 1077 est
1254 1040 1319 1078 eum
1342 1019 1433 1077 Patre
1486 1074 1491 1086 ,

188 1115 218 1161 et
242 1105 353 1181 Spiritu
377 1115 488 1171 saneto,
511 1104 575 1160 vult
598 1114 629 1161 ut
652 1103 751 1161 velim.
1113 1153 1116 1160 .

296 1192 391 1252 Immo
413 1192 502 1250 etiam
526 1190 616 1248 alio
639 1210 726 1248 sensu
748 1189 785 1249 de
807 1211 868 1249 rma
892 1194 921 1250 in
939 1191 1057 1250 Christo
1081 1191 1232 1251 voluntate
1255 1213 1349 1250 sermo
1366 1213 1430 1250 esse

185 1287 290 1354 potest.
314 1277 411 1353 Magis
438 1279 562 1350 „unam“
589 1277 770 1335 voluntatem
793 1297 860 1336 eum
885 1278 948 1336 Deo
972 1277 1069 1348 habet,
1086 1281 1212 1356 quinon
1233 1289 1344 1337 tautum
1370 1299 1428 1338 una

187 1365 235 1420 vel
259 1366 353 1423 altera
375 1368 439 1422 viee
464 1363 511 1421 rel
535 1366 624 1422 etiam
648 1367 764 1442 saepius
787 1363 866 1424 idem
890 1366 953 1422 vult
973 1364 1050 1443 qnod
1073 1366 1163 1436 Deus,
1187 1365 1239 1424 sed
1261 1367 1312 1444 qui
1336 1387 1427 1424 eon-

187 1461 356 1520 stunter,
380 1450 657 1521 habitualiter,
683 1472 835 1528 semper
857 1455 943 1510 sine
966 1454 1219 1530 exceptione
1255 1453 1352 1510 vult
1387 1452 1429 1510 id

187 1538 299 1612 quod
336 1539 569 1609 lleusvult‚
603 1550 647 1595 ut
681 1541 776 1616 ipse
811 1539 935 1609 velit,
970 1541 1020 1616 qui
1055 1559 1204 1619 nunquam
1236 1538 1425 1598 avolentate

186 1623 290 1683 divina
322 1624 445 1694 recedit;
468 1627 511 1682 sie
533 1627 582 1702 pie
604 1623 723 1682 eredere
756 1645 908 1701 possumus
931 1626 1052 1702 angelos
1075 1625 1166 1684 bonos
1189 1645 1278 1684 uuam
1312 1647 1427 1703 semper

186 1732 252 1770 eum
276 1713 339 1770 Deo
363 1712 544 1770 voluntatem
568 1711 714 1770 habuisse.
738 1711 848 1787 Quaeri
872 1710 980 1771 deiude
1003 1725 1106 1790 potest,
1134 1733 1278 1790 quaenam
1315 1715 1426 1772 ratio

186 1801 233 1862 sit.
257 1799 399 1857 curtulis
422 1799 545 1875 augelus
568 1798 617 1854 rel
641 1798 727 1856 homo
750 1818 866 1876 semper
893 1800 1075 1858 voluntatem
1099 1799 1156 1858 Dei
1181 1799 1289 1869 feeerit,
1313 1819 1428 1878 semper

187 1907 277 1944 uuam
311 1907 377 1944 enm
417 1887 481 1963 ipso
523 1886 705 1944 voluntatem
747 1885 890 1943 habuerit.
933 1886 1109 1966 Duplex
1143 1888 1289 1962 assignari
1324 1897 1427 1964 potest,

190 1972 323 2031 absolute
347 1972 503 2051 loquendo,
525 1975 609 2039 ratio,
633 1973 727 2030 altera
760 1974 901 2048 negativa
923 1976 1051 2051 positiva
1074 1974 1178 2034 altera:
1215 1994 1234 2031 u
1248 1993 1263 2032 e
1276 1995 1295 2050 g
1308 1983 1348 2030 at
1363 1975 1400 2030 iv
1414 1995 1432 2031 a

187 2073 278 2118 esset:
302 2063 372 2138 quin
395 2061 462 2118 talis
486 2060 572 2118 homo
596 2070 730 2118 naturam
754 2059 851 2130 habet,
881 2080 955 2138 quae
972 2063 1035 2118 sive
1059 2081 1096 2118 ex
1120 2081 1151 2118 se
1174 2061 1237 2118 sive
1262 2060 1320 2118 Dei
1344 2059 1430 2131 douo,

187 2167 245 2205 non
268 2149 299 2204 in
323 2169 354 2204 se
377 2148 546 2224 experiatur
574 2157 668 2204 motus
692 2147 841 2205 naturales
863 2157 893 2204 et
916 2157 1101 2226 spontaneos,
1136 2149 1185 2226 qui
1209 2149 1304 2225 ipsum
1328 2147 1427 2224 aliquo

187 2233 275 2291 modo
298 2233 335 2291 ad
359 2233 505 2310 agendum
530 2243 632 2290 eontra
648 2234 704 2290 Dei
728 2233 912 2292 voluntatem
930 2234 1096 2312 impellant:
1121 2235 1188 2292 talis
1204 2243 1281 2292 esset
1298 2235 1429 2310 augelua

186 2321 234 2378 vel
257 2321 344 2378 homo
367 2323 424 2378 iin
440 2342 497 2398 quo
513 2341 572 2378 uon
588 2336 633 2378 est
655 2323 900 2399 eoncupiscentia,
923 2331 955 2379 ut
978 2323 1008 2378 in
1033 2321 1287 2399 protoparentibus
1321 2322 1428 2378 uestris

188 2408 298 2465 factum
322 2428 386 2464 esse
421 2407 494 2465 tides
528 2407 625 2465 docet:
650 2410 724 2465 ratio
762 2409 900 2485 positi
917 2428 965 2466 va
1002 2419 1079 2465 esset
1118 2405 1237 2486 aliquod
1276 2407 1428 2476 auxilium,

189 2494 392 2573 undecumque
430 2497 615 2573 proveniens,
639 2495 692 2551 tali
717 2507 837 2552 naturae
872 2494 982 2552 liberae
1006 2516 1023 2552 a
1048 2497 1110 2553 lieo
1134 2515 1313 2557 concessum,
1351 2493 1428 2572 quod

190 2581 263 2640 adeo
287 2593 422 2659 potenter
437 2581 618 2638 voluntatem
636 2581 674 2638 ad
690 2580 858 2638 iaciendum
875 2583 932 2638 Dei
949 2583 1131 2640 voluntatem
1149 2583 1280 2648 inclinet,
1296 2593 1327 2639 ut
1343 2601 1429 2640 omne

188 2670 350 2746 perieulum
389 2679 490 2726 eontra
527 2669 709 2726 voluntatem
737 2668 793 2725 Dei
816 2666 926 2743 agendi
950 2670 980 2724 iu
1003 2669 1056 2726 tali
1081 2669 1232 2726 voluntate
1270 2678 1369 2726 ereata
1391 2670 1429 2726 sit

189 2757 308 2814 omniuo
331 2756 496 2826 exclusum3
520 2755 580 2812 tale
603 2755 745 2812 auxilium
771 2775 822 2832 pro
846 2754 941 2812 beatis
964 2757 995 2812 in
1019 2756 1099 2816 eaelo
1123 2769 1167 2812 est
1195 2757 1293 2812 lumen
1316 2754 1428 2832 gloriae

188 2853 218 2899 et
240 2843 308 2900 inde
331 2863 514 2920 consequens
538 2843 613 2900 visio
636 2841 780 2907 beatifica,
804 2859 891 2918 quam
915 2841 989 2898 tides
1012 2841 1105 2911 docet,
1129 2843 1188 2900 tale
1212 2842 1353 2900 auxilinm
1378 2863 1428 2920 pro

189 2942 293 2988 natura
315 2941 344 2988 et
366 2931 518 2987 voluntate
542 2929 672 2986 hnmana
694 2928 805 2986 Christi
830 2931 886 2986 t'uit.
910 2931 1015 2986 intime
1037 2932 1099 2988 eius
1123 2932 1192 2987 unio
1215 2949 1279 2988 eum
1297 2949 1428 3006 persona,

187 3030 215 3074 et
238 3038 273 3075 ea
296 3016 446 3076 mediante
477 3037 542 3073 eum
574 3025 678 3072 natura
715 3015 819 3072 divina
848 3015 922 3072 Filii
955 3017 1019 3074 Dei.
1044 3017 1211 3094 Propter
1246 3019 1428 3074 intimam

188 3103 285 3162 hune
307 3106 492 3162 unionem
516 3123 595 3161 eum
620 3117 761 3159 natura
783 3114 1008 3180 etpersona
1039 3103 1189 3174 divina,
1225 3115 1369 3160 nature
1392 3117 1427 3160 et

186 3192 375 3249 voluntas
410 3191 575 3248 humana
600 3189 757 3247 Christi
781 3191 818 3247 iu
842 3210 881 3247 se
913 3193 1006 3268 ipsa,
1041 3191 1113 3248 hoe
1136 3199 1194 3247 est
1219 3192 1256 3247 in
1280 3189 1350 3246 hae
1374 3191 1427 3246 in·

187 3279 275 3335 tima
309 3279 450 3335 unione
492 3277 653 3355 physica
686 3297 766 3334 enm
803 3277 888 3346 Deo,
928 3279 1120 3334 rationem
1165 3275 1344 3344 habebat,
1379 3295 1429 3332 eur

188 3385 252 3422 eum
270 3366 420 3440 voluptate
443 3365 678 3422 divinaesset
703 3362 1051 3422 indefectibiliter
1073 3377 1109 3420 et
1136 3361 1428 3421 infallibiliter

185 3454 428 3522 unitissima3
454 3454 482 3508 in
507 3450 627 3508 Christo
649 3471 707 3508 non
731 3449 824 3506 solum
849 3471 900 3529 per
922 3450 1059 3508 accidens
1083 3465 1111 3508 et
1135 3450 1171 3508 de
1194 3451 1280 3520 i'aeto,
1305 3447 1355 3507 sed
1379 3467 1430 3526 po-

186 3541 243 3596 tius
267 3560 334 3616 per
356 3559 392 3596 se
414 3551 509 3596 etex
534 3540 623 3614 ipsa
645 3539 726 3595 eius
749 3537 971 3595 essentiali
995 3540 1293 3595 constitutione
1318 3533 1429 3592 hehe-

187 3624 316 3682 batnr
350 3625 447 3683 haee
480 3625 644 3682 moralis
677 3626 814 3682 unitas
849 3625 1075 3682 voluntatis
1109 3627 1194 3682 eins
1218 3625 1429 3681 humanae

187 3731 269 3769 enm
292 3711 522 3770 voluntate
557 3710 711 3770 diviua:
736 3711 942 3768 naturales
966 3711 1030 3768 illi
1058 3721 1190 3782 motus,
1215 3713 1318 3788 quiin
1343 3707 1428 3768 nobis

186 3799 374 3857 indeliberati
405 3811 480 3865 sunt,
511 3801 599 3856 etiam
631 3800 661 3854 in
686 3798 805 3855 llhristo
828 3807 920 3860 eram,
955 3798 1006 3854 sed
1029 3799 1061 3854 hi
1093 3801 1147 3875 ipsi
1172 3801 1203 3855 in
1227 3797 1346 3855 Christo
1368 3798 1428 3853 iam

187 3899 269 3944 erant
300 3888 406 3944 rationi
430 3889 493 3943 eius
517 3884 666 3943 subiectae
689 3899 717 3941 et
742 3884 852 3943 liberae
877 3905 930 3943 uec
953 3905 1081 3963 unquam
1105 3884 1247 3943 eiusmodi
1272 3893 1363 3952 eraut,
1398 3891 1430 3940 ut

186 3973 346 4052 perieulum
370 3974 490 4030 Christo
513 3982 654 4040 crearent,
691 3972 871 4028 voluntatem
895 3974 957 4030 eius
981 3972 1140 4030 humanam
1172 3993 1189 4029 a
1213 3972 1427 4040 eoul'ormitate

186 4060 348 4131 harmonia,
372 4062 484 4118 unitate
509 4059 612 4116 morali
635 4078 700 4116 eum
726 4059 876 4117 voluntate
899 4059 1003 4116 divina
1025 4058 1211 4117 deturbandi.

294 4150 392 4225 Atque
416 4147 448 4204 hi
471 4145 549 4204 morli
583 4146 691 4202 divensi
718 4144 792 4203 bene
817 4146 901 4202 multi
926 4157 1002 4208 suut.
1026 4146 1131 4223 quibus
1166 4146 1324 4224 appellatio
1353 4163 1428 4215 „uua

185 4235 338 4292 voluntas*
367 4237 459 4312 arripi
485 4236 585 4310 possit,
608 4252 662 4290 nee
685 4235 839 4310 qnisquam
864 4231 985 4308 negabit
1008 4232 1141 4291 diversos
1158 4234 1223 4290 illos
1240 4231 1340 4289 medos
1364 4251 1428 4288 ense

186 4343 242 4379 uon
266 4323 360 4380 solum
392 4320 547 4398 possibiles
571 4319 623 4377 sed
646 4322 735 4376 etiam
759 4323 789 4377 in
813 4339 947 4376 sermone
979 4319 1129 4377 hominnm
1154 4340 1255 4377 omnes
1278 4319 1428 4394 usurpari:

185 4411 276 4479 mitte,
301 4421 395 4466 utrum
419 4411 508 4465 etiam
532 4407 582 4464 alii
601 4405 756 4483 possibiles
780 4409 839 4464 siut
863 4427 968 4475 necne;
992 4427 1049 4476 eos,
1074 4409 1123 4484 qni
1148 4427 1198 4482 pro
1223 4417 1321 4462 nostra
1342 4423 1433 4479 quae·

185 4499 279 4553 stione
311 4495 436 4552 alieuius
469 4497 608 4552 momenti
633 4496 701 4561 sint,
735 4515 837 4551 omnes
860 4515 953 4571 usque
987 4493 1024 4550 nd
1050 4515 1137 4551 uuum
1171 4511 1358 4548 enumerasse
1386 4509 1432 4546 me

186 4586 333 4640 existimo.

295 4669 424 4727 l'lterius
448 4689 517 4724 vero
537 4667 684 4725 llouorius
701 4687 757 4723 nou
775 4676 889 4723 tautum
918 4686 1023 4738 „rreum
1042 4667 1241 4724 voluntatem“
1269 4661 1354 4734 dixit,
1379 4660 1431 4719 sed
