3450 5342
857 379 1045 434 -rre-

328 567 383 626 lroc
419 587 477 624 uon
501 567 596 644 magia
619 566 765 624 lraoresiuu
787 565 958 625 definivisse
982 568 1121 645 sequitur,
1155 587 1251 644 quam,
1279 569 1304 624 si
1329 585 1412 625 nuuc
1439 570 1579 646 tempor'n

330 655 464 732 quaestio
486 651 533 710 de
556 653 755 723 auxiliis,
778 655 932 712 universas
955 653 1111 712 christiani
1133 655 1262 712 nominis
1284 652 1465 712 academias
1489 665 1581 714 tauto—

328 761 397 819 pore
418 742 584 816 exagitans,
617 738 798 808 definiretur,
831 751 1010 819 sequeretur,
1034 739 1128 798 felicis
1152 739 1365 798 recordationis
1391 741 1582 800 Clementem

330 827 414 884 l'lll.
431 828 462 884 iu
486 827 630 886 haeresim
655 826 822 904 prolapsum
844 845 918 895 esse,
941 829 991 906 qui
1019 826 1155 884 omnibus
1185 835 1215 884 et
1240 827 1369 904 siugulis
1401 825 1582 886 doctoribus

327 935 365 972 ne
387 913 558 972 alterutram
580 916 762 991 (quaestionis
784 924 897 992 partam
920 911 1125 985 condemnare,
1148 933 1206 984 seu,
1233 929 1266 970 ut
1288 915 1353 972 eiua
1379 912 1489 972 verbis
1512 929 1581 972 utar.

328 1001 497 1079 qualificare
520 999 671 1063 auderent.
694 999 782 1058 Bulla
804 1019 944 1079 expressa
966 999 1135 1078 prolribuit3
1167 1001 1295 1077 itemque
1319 1001 1448 1058 Sixturn
1473 1001 1580 1066 Ilissi

330 1087 1071 1165 ConceptionislleataeVirginis
1109 1087 1240 1166 quaestio
1263 1089 1494 1160 terminaretur,
1517 1109 1579 1146 curu

328 1195 391 1252 cap.
414 1174 505 1232 Alme
527 1173 631 1242 Mater,
664 1172 701 1232 de
723 1186 827 1251 treuga
848 1185 879 1232 θῖ
902 1193 974 1252 pace
1004 1172 1163 1252 prudenter
1184 1176 1286 1245 vetuit,
1321 1194 1359 1232 ne
1385 1194 1406 1231 a
1429 1195 1581 1254 quoquam

329 1262 470 1319 alterutra
502 1263 565 1318 cius
599 1280 666 1338 pars
701 1259 898 1330 damnaretur,
933 1271 983 1320 aut
1017 1273 1167 1338 tamquam
1190 1260 1340 1318 haeretice
1363 1270 1396 1319 et
1420 1265 1583 1320 temeraria

328 1346 540 1426 reprobaretur.
563 1345 650 1422 Quod
666 1367 731 1405 curn
748 1368 834 1406 nemo
853 1367 943 1406 sanae
959 1349 1067 1406 mentia
1083 1347 1201 1418 dixerit,
1224 1345 1302 1406 idom
1320 1359 1366 1405 est
1385 1347 1425 1405 de
1445 1349 1582 1408 Honorio

329 1433 525 1499 sentiendum,
548 1436 604 1491 etsi
626 1446 728 1512 postea
750 1437 884 1512 «quaestio
917 1431 1093 1492 duarum
1128 1435 1170 1492 in
1205 1433 1393 1492 Christo
1434 1455 1584 1514 opere·

328 1523 473 1580 tionum
495 1531 531 1577 et
555 1520 808 1580 voluntatum
831 1531 933 1579 contra
958 1520 1172 1580 Monothcletaa
1195 1521 1283 1578 luerit
1305 1519 1446 1580 delinita
1483 1521 1581 1598 Quam

327 1610 471 1666 rationem
493 1607 583 1665 alium
606 1609 760 1683 assignant
782 1608 981 1666 Bellarmiuus
1004 1617 1033 1676 et
1057 1609 1179 1666 Binius“
1200 1603 1251 1687 ⁶⁹).

431 1694 490 1751 Hic
513 1714 551 1754 sc.
574 1705 619 1752 est
641 1705 734 1753 status
755 1695 864 1773 aliquis
886 1693 1073 1752 obscuritatis
1096 1694 1251 1772 dogmatis,
1274 1695 1325 1772 qui
1348 1713 1419 1752 cnm
1436 1713 1584 1754 concessa

326 1780 364 1840 ab
395 1779 531 1838 omnibus
561 1780 694 1857 possibili
718 1780 888 1858 dogmatum
922 1781 1090 1842 evolutione
1114 1783 1253 1857 organica
1287 1800 1338 1838 seu
1369 1781 1583 1858 explicatione

326 1887 401 1945 quae
418 1866 472 1927 sub
487 1868 657 1926 assistentia
669 1870 796 1945 Spiritus
819 1871 914 1926 saneti
939 1869 978 1938 fit
1002 1868 1150 1926 cohaeret:
1175 1887 1233 1926 uon
1249 1878 1343 1933 nocet,
1365 1887 1434 1926 cum
1456 1879 1584 1946 utraque

324 1976 392 2033 pars
414 1968 517 2033 parata
540 1964 593 2021 est,
616 1953 770 2014 definitivo
793 1955 936 2014 ecclesiae
960 1953 1069 2012 iudicio
1092 1975 1124 2014 se
1146 1957 1246 2012 statim
1268 1952 1456 2012 submittere.

432 2045 531 2118 Atque
554 2041 802 2100 hancetiamob
825 2061 944 2100 causam
982 2045 1119 2120 nequit
1158 2043 1189 2099 iu
1213 2040 1417 2118 perlectam
1460 2042 1584 2118 paral·

326 2128 433 2186 lolem
471 2127 610 2186 adduci
648 2131 791 2204 Sergii
816 2129 1007 2186 Ectheais
1049 2137 1086 2186 θῖ
1124 2127 1393 2188 Constantini
1429 2128 1585 2207 Typust

326 2217 396 2292 quia
417 2224 557 2292 ternpore,
579 2235 637 2292 quo
653 2215 789 2274 Ecthesis
805 2232 835 2274 et
850 2215 942 2274 multo
958 2217 1053 2292 magis
1068 2226 1206 2294 tompore,
1229 2235 1286 2292 quo
1301 2213 1408 2292 Typus
1428 2216 1462 2272 in
1483 2215 1583 2273 lucem

325 2300 422 2358 editus
445 2310 497 2365 est„
520 2303 649 2360 maxime
672 2313 737 2380 post
759 2312 802 2361 tot
825 2313 946 2361 conatus
971 2302 1128 2380 Sophrouii
1151 2311 1180 2361 ot
1204 2301 1336 2369 Maximi,
1365 2312 1397 2358 et
1421 2311 1454 2359 ut
1480 2300 1580 2359 erodi-

326 2388 384 2446 bilc
407 2396 460 2458 est,
494 2389 586 2465 ipsius
608 2390 698 2446 etiam
723 2389 847 2448 Honorii
861 2383 904 2466 ⁷⁰)
929 2391 959 2446 in
982 2388 1209 2448 elucidationem
1232 2408 1319 2446 rarae
1342 2387 1504 2446 doctrinae
1527 2409 1581 2466 po·

325 2477 405 2547 sitos,
428 2494 499 2532 vera
522 2473 656 2533 doctriua
678 2478 738 2533 iam
760 2475 799 2534 ad
821 2497 889 2534 enm
904 2485 1013 2534 statum
1036 2477 1178 2534 claritatis
1194 2474 1335 2554 perducto
1358 2483 1430 2542 arat
1454 2483 1490 2532 ut
1507 2490 1580 2532 tunc

327 2561 387 2620 talo
410 2561 561 2620 silentium
584 2563 644 2620 iam
667 2565 762 2639 megia
775 2561 947 2622 immediate
970 2565 1001 2620 in
1025 2561 1232 2622 detrimentum
1248 2564 1339 2642 ipsius
1363 2560 1435 2618 fidoi
1449 2581 1583 2638 vergere

327 2647 484 2707 videretur.
508 2649 573 2706 lam
587 2648 666 2708 clare
688 2651 776 2708 etiarn
794 2649 963 2728 apparebat,
986 2648 1168 2728 impossibile
1184 2669 1256 2720 esso,
1284 2649 1464 2721 „excitatam
1485 2647 1582 2706 munel

328 2737 560 2794 controversiam
588 2734 679 2793 verbo
703 2735 830 2814 quodam
852 2738 1042 2814 imperatorio
1065 2735 1184 2795 exulare
1206 2734 1326 2806 iubero;
1361 2736 1421 2792 iarn
1450 2732 1492 2792 de
1516 2745 1581 2792 tota

328 2822 463 2880 doctrina
492 2821 529 2879 de
556 2823 759 2881 incarnatione
788 2823 931 2900 agebatur
962 2832 991 2882 et
1014 2819 1158 2902 oppositio
1181 2824 1312 2882 existens
1336 2823 1414 2879 inter
1437 2821 1581 2900 Dyothe·

327 2909 402 2966 letas
433 2918 463 2964 et
493 2909 711 2968 Monotheletas
741 2929 829 2987 opera
851 2909 1009 2989 Sophronii
1040 2923 1069 2968 et
1099 2910 1224 2968 Maximi
1254 2910 1360 2967 elarius
1394 2927 1515 2985 semper
1547 2927 1583 2966 se

329 2993 557 3053 ruanifestabut“
580 2991 629 3070 71).

433 3081 534 3160 Atque
572 3081 654 3150 haec,
686 3084 712 3139 si
749 3081 785 3139 de
818 3082 949 3141 liceitete
983 3083 1095 3142 silentii
1137 3081 1174 3140 ab
1208 3082 1340 3140 Honorio
1369 3077 1513 3157 ‘impositi
1547 3083 1584 3138 in

329 3167 542 3240 abstracto,
566 3168 597 3225 id
620 3181 664 3226 est
687 3171 802 3229 unice
836 3179 1016 3228 naturam
1051 3170 1198 3227 obiecti
1230 3165 1452 3238 considerando,
1482 3187 1578 3245 quae-

328 3259 409 3313 ritur.
433 3258 466 3313 b‘i
481 3276 551 3314 vero
571 3255 608 3313 de
621 3254 753 3314 'liceitate
769 3256 880 3314 silentii
897 3257 976 3316 illius
993 3258 1024 3313 in
1047 3266 1228 3314 concreto
1244 3254 1334 3312 idest
1357 3273 1446 3312 secu
1457 3251 1535 3312 ndu
1546 3275 1580 3310 m

328 3362 459 3400 omnes
483 3345 566 3400 cius
589 3345 916 3402 circumstantias
946 3351 1078 3420 spectatu
1101 3344 1258 3420 quaeritur,
1281 3361 1345 3399 cum
1370 3339 1444 3398 haec
1470 3361 1577 3398 essen·

327 3429 438 3486 tialiter
462 3450 528 3488 cum
551 3428 738 3487 utilitato
769 3439 805 3487 et
827 3432 1128 3507 opportunitate
1162 3429 1247 3487 huius
1271 3429 1382 3486 silentii
1403 3427 1574 3486 cohaereat

325 3518 357 3574 in
381 3519 516 3594 sequenti
539 3518 711 3593 quaestione
734 3515 889 3574 tractanda
910 3527 962 3586 est,
986 3518 1017 3574 in
1040 3515 1285 3576 condemnatione
1307 3515 1418 3572 seilicet
1443 3513 1572 3572 Houorii

327 3623 346 3661 e
374 3614 485 3661 sexto
523 3601 672 3682 syuodo
710 3603 796 3673 l'ucta,
820 3605 890 3681 quie
913 3623 978 3661 cum
1001 3602 1056 3660 hac
1079 3601 1315 3680 inseparabiliter
1337 3603 1496 3658 coniuncta
1519 3615 1574 3659 est.

337 3788 392 3856 VI.
417 3789 471 3854 De
487 3788 729 3854 anathemate
745 3807 769 3853 c
786 3787 947 3854 concilio
971 3790 1071 3853 sento
1096 3789 1227 3852 contre
1245 3785 1462 3852 Houotuem
1486 3784 1576 3850 loto.

432 3933 482 3994 43,
507 3933 580 3993 lum.
604 3933 681 4009 (quod
705 3932 861 3990 concilium
886 3943 1000 3990 sextum
1025 3941 1144 4009 spectat,
1167 3932 1313 4008 imprimis
1347 3939 1498 3990 certum
1523 3941 1574 3989 est.

325 4019 491 4076 Honorium
516 4021 547 4074 in
570 4019 620 4074 illo
644 4020 769 4077 concilio
791 4039 896 4076 revera
918 4039 989 4082 esse,
1025 4033 1056 4076 ut
1078 4019 1234 4078 concilium
1258 4038 1289 4075 se
1312 4019 1460 4095 exprimit,
1484 4031 1575 4076 tam·

329 4125 436 4180 quam
480 4103 756 4175 „lraereticum‘
795 4104 1100 4164 condemnatum.
1149 4105 1202 4178 „ln
1226 4125 1339 4162 summa
1361 4103 1573 4164 condemnatio

330 4191 456 4248 Honorii
481 4200 620 4249 attestata
643 4206 686 4250 est
702 4191 837 4266 omnibus
860 4191 1043 4250 documentis
1066 4193 1190 4250 concilio
1214 4189 1386 4270 aequalibus
1399 4191 1571 4271 ibidemque

326 4276 462 4335 omnibus
485 4276 667 4336 decernentis
697 4279 905 4356 posterioribus
935 4277 1066 4356 perduc
1089 4282 1274 4337 continenter
1297 4277 1421 4336 saecula.
1468 4279 1571 4356 Usque

326 4363 569 4423 adAnastesium
593 4364 848 4423 bibliothecarium
873 4364 1111 4424 descendendum
1134 4376 1186 4438 est,
1210 4375 1240 4423 ut
1257 4366 1400 4436 invenias,
1425 4385 1484 4422 uon
1505 4365 1572 4423 dico

375 4549 411 4617 ¹⁵⁹)
431 4554 613 4606 (ionzalez
634 4555 650 4604 l.
670 4569 693 4605 c.
713 4552 772 4605 720.

374 4619 410 4757 {⁴3
428 4622 479 4745 (ἐξ
487 4622 740 4761 ppqenpbpplilepel
753 4622 1091 4744 epepssdlationeflonorii
1107 4622 1263 4675 innuimus.
