3450 5342
737 352 744 363 '
844 352 1013 405 -tlrt—

809 530 1051 611 RUSSlCA.

431 705 460 771 I.
495 704 729 784 Kreatnt'lcov,
776 708 1048 791 Xpncrlancnlll
1093 725 1294 773 arrouorevs
1328 704 1409 770 llio
1448 707 1558 779 aena,

306 796 492 862 Aonsoani
508 798 707 876 ψιιιιιοοψι,
720 757 913 878 Apsoruns
929 815 953 859 ιι
964 814 1023 861 ero
1040 811 1327 877 nonoornpnrna
1344 792 1558 857 eounneniu.

307 884 543 945 Hasanalillll.
567 882 626 960 (De
649 884 811 942 christiano
826 884 990 961 apologeta,
1015 884 1194 941 Atheniensi
1217 880 1401 961 philosopho,
1422 877 1559 937 Aristide

306 974 427 1049 eiusque
450 968 586 1048 operibus
609 990 712 1029 recens
734 972 874 1029 inventis.
913 971 1028 1029 Kazan'
1054 971 1114 1028 190
1117 972 1158 1031 lt.
1204 968 1325 1029 Ultimis
1349 964 1558 1047 praecedentis

306 1058 417 1117 saeculi
438 1056 610 1116 decenniis'
604 1069 681 1116 inter
696 1056 756 1116 alia
771 1060 899 1136 pretiosa
915 1056 1091 1115 documenta
1106 1059 1196 1115 etiam
1210 1054 1353 1114 Aristidis
1376 1074 1465 1131 opera
1482 1054 1560 1111 miro

306 1144 393 1204 modo
415 1146 540 1202 inventa
561 1154 637 1203 sunt.
682 1145 782 1203 Antea
804 1144 842 1203 de
866 1143 999 1203 Aristide
1032 1154 1147 1222 praeter
1169 1140 1292 1201 Eusebii
1324 1153 1353 1200 et
1376 1140 1558 1219 Hieronymi

305 1234 476 1291 testimonia
498 1230 574 1290 nihil
597 1234 718 1290 omnino
740 1235 889 1291 scivimus.
934 1231 1156 1291 Mechitaristae
1179 1228 1298 1289 demum
1322 1230 1353 1287 in
1376 1226 1561 1287 bibliotheca
1668 1270 1669 1311 ἔ

305 1320 476 1377 monasterii
499 1338 522 1381 s.
534 1318 640 1377 Lazari
665 1318 799 1377 l'enetiis
821 1322 853 1377 in
876 1316 977 1377 codice
1000 1318 1038 1375 ad
1062 1338 1087 1375 a.
1105 1320 1176 1377 981.
1192 1318 1353 1395 pertinenti
1376 1317 1560 1373 armenicam

306 1406 459 1485 apologiae
481 1406 646 1463 versionem
670 1415 873 1483 reppererunt,
897 1424 923 1462 a.
949 1406 1039 1467 1889.
1066 1402 1180 1463 Bendel
1204 1403 1311 1461 Hatris
1334 1404 1468 1482 syriacae
1493 1420 1561 1457 ver-

307 1495 398 1551 sionis
410 1491 542 1550 eiusdem
554 1493 708 1570 apologiae
722 1494 894 1551 inventione
906 1490 1007 1551 doctos
1020 1492 1152 1570 perculit,
1175 1489 1328 1549 Robinson
1340 1509 1411 1547 vero
1424 1510 1450 1547 a.
1465 1489 1561 1547 1891.

307 1599 361 1639 nos
383 1580 443 1636 iarn
466 1577 575 1637 dudum
599 1578 676 1637 hanc
699 1579 866 1656 apologiam
889 1582 920 1637 in
941 1579 1011 1635 Vita
1034 1578 1173 1637 Berlaam
1195 1586 1226 1635 et
1247 1576 1383 1655 Joasepb
1406 1572 1560 1653 possidere

308 1665 445 1723 ostendit.

417 1771 459 1827 At
489 1788 541 1827 sua
571 1780 676 1847 sponte
706 1772 840 1847 quaestio
874 1771 973 1837 oritur,
1011 1788 1081 1827 num
1117 1778 1146 1825 et
1180 1788 1308 1847 quanam
1332 1770 1363 1825 in
1386 1767 1559 1828 recensione

308 1868 423 1915 tentum
453 1856 628 1933 originalem
658 1854 827 1914 habeamus.
857 1856 959 1914 Prima
984 1856 1117 1934 quaestio
1140 1853 1251 1913 nnllam
1276 1856 1409 1912 continet
1431 1850 1560 1911 difficul-

309 1955 412 2013 tatem,
435 1962 537 2001 emnes
559 1945 638 2001 enim
662 1945 839 2001 recentiores
873 1964 947 2013 eam,
978 1962 1065 2021 quam
1089 1941 1281 2021 possidemus,
1309 1940 1485 2019 apologiam,
1509 1960 1560 2017 ge·

307 2030 429 2088 nulnum
463 2050 528 2087 esse
550 2028 693 2087 Aristidis
715 2030 788 2090 Ath.
818 2028 929 2089 loetum
966 2030 1146 2089 unanimiter
1175 2028 1371 2096 consentiunt,
1409 2026 1561 2085 difficilior

307 2138 378 2175 vero
400 2116 494 2173 altera
516 2118 650 2193 quaestio
672 2116 790 2174 videtur
812 2137 890 2175 esse:
913 2116 965 2175 alii
988 2118 1068 2175 enim
1091 2116 1178 2173 aliter
1201 2113 1238 2174 de
1261 2135 1297 2173 ea
1319 2115 1486 2193 loquuntur.

413 2227 599 2286 Krestnikov
628 2228 717 2287 hasce
746 2229 900 2306 opiniones
931 2232 962 2289 in
993 2249 1083 2288 unum
1106 2228 1245 2287 collectas
1274 2244 1451 2306 proponens,
1483 2246 1559 2305 quae

307 2315 345 2373 sit
375 2335 446 2373 vera
476 2314 525 2371 vel
555 2314 661 2373 saltem
690 2314 879 2393 probabilior,
909 2318 1040 2395 inquirit,
1070 2315 1230 2393 multisque
1253 2317 1285 2373 in
1308 2314 1381 2372 locis
1405 2313 1452 2373 his
1476 2314 1558 2372 testi-

306 2402 413 2460 moniis
443 2420 526 2459 suum
556 2401 649 2461 adicit
679 2402 831 2461 calculum.
865 2402 1032 2481 Dupliciter
1055 2412 1151 2460 autem
1187 2400 1329 2479 dispescit
1352 2410 1446 2459 totum
1475 2420 1557 2459 sunm

306 2508 395 2567 opus:
418 2490 515 2566 prima
536 2498 619 2566 parte
642 2488 679 2547 de
702 2488 846 2567 apologia,
871 2488 1001 2548 secunda
1023 2498 1121 2548 autem
1143 2487 1180 2547 de
1203 2488 1327 2547 homilia
1343 2496 1374 2546 et
1392 2488 1558 2565 fragmento

306 2574 435 2633 Aristidi
457 2573 613 2653 adscriptis
636 2574 788 2634 diiudicat.
810 2576 847 2635 In
869 2580 966 2655 prima
987 2575 1151 2655 appendice
1177 2578 1314 2656 proponit
1336 2582 1453 2633 textum
1475 2594 1558 2651 grae-

307 2682 382 2733 cum,
409 2660 479 2719 dein
509 2664 675 2721 versionem
705 2666 848 2721 russicam
878 2667 1013 2743 syriacae
1035 2672 1065 2721 et
1088 2665 1256 2723 armenicae
1287 2663 1477 2729 recensionis,
1505 2680 1558 2719 nec

309 2769 367 2807 non
389 2751 531 2807 russicam
553 2752 719 2808 versionem
748 2748 889 2809 homiliae
916 2760 946 2809 et
976 2750 1154 2827 fragmenti3
1177 2752 1209 2807 in
1233 2746 1362 2808 secunda
1393 2746 1557 2827 appendice

308 2834 345 2893 de
368 2845 485 2894 anctore
508 2838 597 2907 ,vitae
620 2836 758 2895 Barlaam
781 2848 811 2896 et
833 2836 977 2916 Joasaph‘
1001 2836 1128 2895 disserit.

415 2940 594 3018 Apologiam
617 2962 681 2999 esse
704 2943 867 3018 genuinum
889 2940 1032 3000 Aristidis
1055 2962 1127 3019 opus
1156 2952 1217 2998 tum
1236 2948 1294 2998 tres
1311 2940 1499 2997 recensiones
1522 2936 1558 2996 ab

308 3026 437 3085 invicem
467 3025 702 3105 independentes
731 3026 859 3087 diversis
886 3031 917 3086 in
949 3028 1020 3087 lom's
1042 3027 1219 3105 diversaque
1252 3025 1356 3103 lingna
1379 3028 1558 3104 compositae

291 3125 370 3171 ¹tum
399 3116 584 3186 motivorum,
612 3134 688 3192 quae
718 3114 798 3172 aliud
829 3114 1025 3185 intenderent,
1055 3114 1197 3183 absentia,
1228 3114 1307 3171 clare
1335 3112 1553 3184 demonstrant;

310 3220 364 3259 nec
386 3210 519 3261 auctores
541 3200 597 3259 hac
619 3200 657 3259 de
679 3222 711 3259 re
733 3201 913 3261 dissentiunt
936 3202 975 3281 (p.
1002 3200 1071 3281 l8.).
1095 3201 1154 3261 Sed
1177 3220 1306 3279 quanam
1329 3202 1360 3258 in
1384 3202 1554 3257 recensione
1597 3198 1600 3203 ’

308 3288 462 3363 originalis
491 3297 590 3346 textus
620 3288 791 3347 invenitur?
821 3288 976 3348 Robinson
1005 3298 1118 3347 textum
1150 3291 1239 3361 ‚vitae
1270 3287 1406 3345 Barlaam
1432 3299 1460 3344 et
1483 3285 1554 3344 Joa·

307 3375 389 3452 saph‘
419 3377 562 3433 insertum
591 3377 752 3452 genuinum
775 3396 839 3433 esse
862 3375 1001 3443 declarat,
1033 3374 1176 3434 Harnack
1207 3374 1323 3450 (Theoi.
1348 3374 1554 3431 Literatnrzei·

308 3473 389 3538 tung.
415 3464 510 3538 1891)
534 3460 749 3540 Alrmenicam)
781 3465 947 3521 versionem
978 3483 1080 3541 parurn
1115 3460 1206 3520 lidum
1238 3470 1352 3525 testem,
1377 3458 1553 3538 Ssyriacam)

308 3548 468 3612 meliorem,
498 3547 670 3626 (Graecam)
701 3552 772 3607 satis
802 3548 894 3607 fidum
917 3571 981 3608 esse
1005 3552 1176 3627 pronuntiat
1203 3546 1243 3625 (p.
1268 3550 1317 3609 24.
1342 3553 1426 3625 sqq).
1472 3548 1555 3622 Quae

308 3655 378 3692 vero
400 3634 502 3693 Raabe
526 3638 650 3713 scripsit,
675 3636 750 3694 nibil
775 3635 856 3694 aliud
879 3638 938 3694 nisi
963 3636 1106 3694 Harnack
1137 3644 1165 3694 et
1197 3632 1350 3693 Robinson
1374 3634 1554 3693 confirmatio

312 3731 365 3778 est.
392 3721 476 3779 Haec
506 3731 606 3780 tamen
638 3726 794 3795 sententia,
828 3724 913 3782 Zalrn
943 3732 972 3781 et
1003 3722 1132 3801 &ecberg
1166 3720 1374 3800 praeeuntibus
1406 3718 1454 3801 (cf.
1485 3720 1555 3779 For-

311 3807 463 3884 schungen
502 3829 553 3865 zur
583 3808 762 3867 Geschichte
789 3810 817 3867 d.
847 3812 973 3869 Kancns
998 3811 1032 3867 V.
1056 3832 1083 3887 p.
1110 3808 1301 3885 159-437).
1337 3807 1478 3866 amultis
1507 3806 1555 3865 de·

310 3894 413 3952 relicta
442 3905 487 3952 est
516 3905 545 3955 et
575 3896 695 3973 quidem
721 3900 834 3955 merito.
879 3898 963 3955 Zahn
994 3906 1023 3955 et
1050 3896 1179 3972 b'eeberg
1207 3906 1304 3955 autem
1336 3898 1470 3975 syriacae
1494 3914 1555 3952 ver·

311 3983 386 4039 sioni
420 3986 534 4039 textum
567 3983 743 4060 originalem
773 3983 993 4062 adscripserunt
1028 3982 1067 4061 (p.
1102 3986 1151 4045 28.
1186 3982 1271 4061 sqq).
1313 3980 1443 4039 Mediam
1478 3984 1555 4040 viam

310 4068 401 4145 elegit
430 4069 466 4126 E.
496 4070 661 4127 Hennecke
692 4067 736 4147 (Z.
766 4072 786 4129 f.
817 4071 1031 4130 wissenschaft.
1061 4070 1165 4129 'l'heol
1204 4069 1310 4145 Jabrg.
1339 4070 1388 4139 36,
1420 4068 1490 4144 ll.);
1514 4088 1556 4127 se-

310 4154 438 4213 cundum
469 4157 564 4233 ipsum
595 4155 623 4216 G
654 4157 715 4215 fere
742 4157 851 4235 ubique
883 4166 997 4217 textum
1030 4158 1205 4234 originalem
1236 4158 1366 4225 retinuit,
1400 4174 1504 4215 verum
1538 4154 1557 4212 S

308 4241 406 4320 quoad
428 4244 516 4301 totius
539 4242 764 4321 dispositionem
787 4244 988 4322 (Anordnung
1003 4243 1056 4302 des
1072 4246 1209 4321 (iancea)
1233 4252 1316 4301 textu
1335 4242 1364 4299 G
1379 4242 1484 4300 melior
1506 4254 1556 4299 est

415 4354 601 4415 Krestnikov
624 4378 732 4416 novam
756 4360 871 4416 invenit
893 4360 982 4416 viam.
1006 4358 1116 4415 Verum
1140 4358 1290 4414 criterium
1305 4357 1458 4413 existimat
1473 4374 1556 4433 posse

309 4460 373 4499 esse
396 4441 488 4499 solam
511 4446 676 4503 versionem
701 4448 880 4503 armenicam
904 4454 1003 4523 utpote
1027 4446 1157 4503 tertiam:
1186 4463 1254 4501 nam
1278 4443 1348 4501 licet
1371 4444 1490 4499 interna
1511 4461 1557 4501 cu·

310 4529 414 4606 iusque
443 4532 588 4589 versionis
618 4542 793 4609 argumenta
825 4531 949 4590 multum
979 4530 1117 4610 ponderis
1141 4529 1278 4599 habeant,
1259 4530 1396 4587 tnimis
1420 4539 1519 4586 tamen
1542 4548 1558 4585 a

311 4612 475 4673 subiectiva
507 4617 633 4694 legentis
665 4621 854 4697 persuasione
887 4617 1057 4697 dependent
1090 4619 1271 4697 praesertim
1304 4618 1329 4673 si
1361 4614 1389 4674 G
1412 4628 1442 4673 et
1470 4615 1498 4683 S,
1528 4625 1558 4672 ut

1397 5096 1669 5303 ...ι
