3450 5342
854 295 1046 350 -252-

322 485 441 542 niouem
472 503 536 541 cum
560 505 594 540 eo
617 481 816 551 declinabant,
844 483 999 560 expulerit,
1022 501 1180 560 somnique
1201 483 1321 556 tuguria
1343 501 1400 539 seu
1424 479 1585 557 speluncas

322 573 385 648 igni
409 569 568 648 perdiderit
593 569 716 646 (hlignc.
741 569 889 646 Patrolog.
913 570 978 628 Lat.
1000 569 1086 626 Tom.
1111 570 1180 626 129.
1203 568 1259 627 col.
1285 564 1357 645 132).
1386 567 1473 624 lline
1497 569 1582 624 intel-

322 657 432 733 ligitur,
467 677 517 715 cnr
541 655 709 714 llethodins
741 669 804 735 post
828 656 1049 734 expeditionem
1073 655 1111 713 ad
1134 655 1283 712 Chaaaros
1306 675 1368 711 nou
1394 654 1526 732 potuerit
1552 657 1583 709 in

323 744 483 822 Olympum
508 746 625 812 teverti,
649 759 676 800 et
701 741 777 822 quod
802 743 1087 821 archiepiscopatum
1110 741 1240 801 oblatum
1263 762 1324 798 non
1346 762 1388 797 ex
1410 740 1583 798 humihtate

322 839 436 888 tantum
461 833 648 892 recusaverit.
680 829 731 887 sed
756 832 910 908 imprimis.
944 833 1015 908 quia
1036 850 1096 887 nou
1126 829 1210 886 licuit
1242 851 1260 886 a
1282 828 1461 905 patriarcha
1486 827 1583 902 illegi-

325 919 398 975 tirno
423 916 503 974 illurn
528 927 688 995 acceptare.

428 1007 454 1062 3.
482 1005 566 1061 luxta
594 1003 711 1076 ,l'itam
737 1005 944 1062 t'onstantini‘
972 1003 1009 1069 (c.
1035 999 1095 1078 lt.)
1129 1004 1266 1079 princeps
1296 1001 1456 1058 Horatiae
1484 1002 1581 1057 liasti-

323 1091 402 1150 slaus
425 1089 462 1148 ab
487 1093 661 1168 imperatore
678 1089 824 1148 Michaelc
849 1110 909 1148 uon
931 1089 1165 1168 qualemcunque
1182 1087 1341 1158 doctorem,
1363 1087 1421 1144 sed
1437 1108 1582 1166 expresse

323 1181 551 1255 episcopum
583 1178 676 1255 petiit.
710 1175 809 1252 Quare
832 1197 902 1254 ergo
925 1179 1085 1254 imperator
1106 1195 1166 1234 uon
1188 1177 1268 1234 misit
1290 1177 1490 1252 episcopum?
1528 1176 1583 1231 l'e

322 1273 439 1322 tucrum
475 1263 593 1322 subesse
624 1265 724 1322 variae
755 1283 870 1335 causae,
901 1263 953 1322 scd
984 1283 1054 1342 prae
1085 1263 1190 1320 ceteris
1221 1261 1380 1319 manifesta
1414 1261 1495 1318 haee
1520 1264 1582 1319 tuit

324 1353 394 1430 quia
418 1350 550 1430 t'yrillus
573 1351 653 1408 nullo
677 1348 763 1408 modo
786 1353 992 1419 consensisset,
1015 1362 1045 1407 ut
1068 1370 1086 1406 a
1109 1349 1215 1407 Photio
1238 1347 1437 1410 ordinaretur.

427 1441 455 1500 l.
479 1435 628 1512 Quamdiu
659 1439 691 1498 C.
715 1449 742 1494 et
775 1437 814 1494 ll.
846 1439 875 1494 in
900 1437 1034 1496 Moravia
1063 1438 1143 1513 operi
1174 1435 1335 1514 apostolico
1368 1433 1581 1492 insudabant?

326 1523 415 1598 ,vita
439 1523 600 1582 lletltodii“
629 1523 805 1600 respondet:
836 1545 888 1600 per
915 1534 975 1582 tres
997 1543 1110 1582 anuos:
1137 1523 1227 1594 ,l'ita
1250 1522 1465 1580 Constantini*
1487 1545 1496 1578 :
1532 1543 1584 1599 per

322 1608 518 1688 quadraginta
542 1631 669 1668 menses:
694 1610 821 1684 legenda
847 1611 969 1669 ltalica:
1002 1631 1054 1688 per
1076 1620 1212 1688 quattuor
1234 1629 1327 1667 annos
1351 1623 1381 1666 et
1405 1607 1582 1666 dimidium.

322 1696 406 1754 Haec
430 1695 575 1756 dissensio
598 1717 743 1775 apparens
767 1710 881 1755 tanturn
904 1710 957 1769 est,
992 1718 1051 1755 non
1074 1717 1157 1756 reru:
1180 1716 1248 1753 nam
1273 1695 1361 1753 facile
1384 1696 1583 1768 intelligitur.

322 1782 399 1862 quod
423 1787 546 1862 scriptor
569 1783 712 1862 legendae
737 1784 859 1842 Italicae
883 1785 906 1858 (t
912 1785 1087 1854 landericus,
1110 1786 1262 1863 episcopus
1276 1782 1467 1860 Veliternus)
1492 1783 1583 1840 simul

322 1873 537 1948 computaverit
559 1883 681 1949 tempus,
720 1871 798 1948 quod
821 1874 916 1929 sancti
940 1873 1045 1929 tratres
1066 1879 1309 1948 consumpserunt
1343 1871 1375 1926 in
1398 1869 1584 1927 erudiendis

324 1961 364 2016 50
388 1956 541 2036 discipulis
564 1958 642 2036 apud
667 1957 819 2026 liocelum,
850 1961 1014 2036 principem
1037 1957 1219 2024 Pannoniae,
1249 1976 1313 2014 cum
1337 1956 1493 2030 legendae
1520 1957 1585 2014 Sla-

323 2047 407 2102 ricae
430 2043 466 2101 dc
490 2046 552 2102 sols
577 2045 711 2102 lloravia
734 2045 900 2123 loquantur.

429 2135 455 2188 5.
480 2133 511 2192 O.
536 2142 563 2189 et
589 2133 626 2188 ll.
650 2134 705 2189 iter·
730 2131 852 2190 llomnm
884 2133 1074 2190 instituerunt
1100 2151 1135 2188 eo
1157 2129 1288 2200 consilio,
1323 2145 1353 2186 ut
1378 2132 1582 2206 impetrarent

323 2220 500 2276 erectionem
532 2239 673 2276 novarum
696 2217 871 2276 dioeceseon
900 2221 932 2276 itt
955 2220 1041 2276 terris
1064 2217 1190 2275 &lavicis
1216 2227 1246 2274 et
1268 2215 1494 2274 ordinationem
1523 2219 1585 2292 epi-

323 2324 476 2382 scoporum
501 2326 552 2382 pro
576 2305 689 2364 iisdem.
726 2307 835 2364 ltinerc
861 2309 919 2364 iam
942 2305 1087 2373 inchoato,
1110 2323 1176 2362 cum
1199 2303 1276 2381 apud
1303 2304 1453 2361 Kocelnm
1479 2323 1585 2360 versa-

323 2403 430 2460 rentur,
455 2391 567 2449 litteras
591 2395 776 2450 invitatorias
800 2392 917 2450 Nicolai
942 2392 963 2449 l.
986 2391 1141 2449 Pontificis
1163 2404 1346 2468 accepemnt.

429 2482 455 2535 ti.
480 2478 591 2536 llomue
615 2483 689 2537 teet
714 2479 753 2537 Μ.
776 2481 837 2536 voti
862 2488 1010 2556 compotes
1034 2477 1105 2535 facti
1128 2489 1196 2536 sunt
1218 2497 1271 2554 per
1286 2477 1470 2534 Pontificem
1498 2475 1583 2532 Had-

323 2565 439 2622 riennm
464 2565 502 2622 ll.
526 2585 722 2624 successorem
747 2567 864 2624 Nicolai
889 2567 920 2631 1,
943 2567 986 2622 ita
1008 2573 1116 2632 tamen,
1149 2572 1263 2622 utnon
1287 2565 1380 2641 aliqui
1404 2583 1515 2620 eorum
1540 2562 1583 2620 di-

322 2651 436 2727 scipuli,
460 2649 512 2708 sed
535 2654 653 2728 ipsimet
683 2675 720 2709 ss.
744 2655 849 2710 fratres
872 2654 1002 2729 episcopi
1027 2651 1136 2709 fuerint
1157 2650 1294 2709 ordinati.
1325 2652 1463 2708 tlmnino
1487 2651 1583 2707 etiam

323 2757 345 2794 a.
377 2737 532 2816 Cyrillum,
568 2759 626 2796 nott
658 2739 749 2796 solum
781 2737 975 2803 Methodium,
1010 2737 1048 2796 ad
1078 2737 1211 2796 ordinem
1245 2736 1448 2815 episcopalem
1486 2736 1584 2794 fuisse

322 2836 457 2880 evectum
480 2827 612 2884 exactius
634 2825 851 2884 demonstratur
874 2821 1212 2901 i1121¹⁰nactatutanni
1230 2823 1335 2898 1902).
1356 2824 1583 2900 Episcopatnm

323 2909 429 2987 Cyrilli
464 2909 566 2987 probat
589 2909 625 2992 a)
648 2912 775 2989 legenda
800 2912 914 2983 Italica,
948 2932 1023 2990 quae
1055 2913 1226 2990 praesertim
1256 2919 1322 2989 post
1351 2913 1518 2968 iuventam
1553 2929 1581 2966 et

321 2994 502 3073 publicatam
527 2999 681 3075 epistolam
699 3001 853 3058 ilnastasii
877 2999 1095 3057 bibliothecarii
1118 2996 1156 3056 ad
1179 2997 1378 3056 (landericum
1403 2999 1488 3054 inter
1511 2997 1584 3054 soli-

326 3081 423 3140 diores
454 3083 607 3143 historicos
637 3086 733 3144 fontes
757 3089 871 3144 censeri
895 3084 991 3144 debet.
1036 3085 1124 3143 llhtm
1147 3087 1210 3142 eius
1231 3083 1335 3143 locum.
1369 3085 1423 3160 qui
1457 3083 1583 3141 ordina·

325 3170 436 3227 tionem
469 3171 575 3250 Cyritli
607 3183 636 3229 et
675 3172 818 3231 Methodii
855 3176 887 3232 in
925 3175 1076 3251 episcopos
1115 3172 1211 3243 refert,
1253 3192 1317 3229 esse
1352 3171 1583 3248 interpolatum.

326 3264 386 3314 tam
411 3257 542 3315 violenta
566 3268 594 3316 et
618 3257 773 3318 arbitraria
797 3261 971 3339 hypothesis
993 3273 1046 3327 cst,
1079 3270 1111 3317 ut
1141 3261 1244 3316 merito
1268 3277 1384 3336 prorsus
1408 3272 1583 3334 spernatur.

328 3337 363 3417 b)
389 3345 488 3402 lltiam
513 3345 632 3402 slavica
659 3347 747 3418 ,t'tta
771 3349 991 3408 Constantini“.
1026 3367 1114 3424 quam
1142 3346 1217 3404 aliua
1239 3345 1295 3402 hac
1316 3347 1349 3402 in
1372 3365 1404 3401 rc
1427 3343 1582 3419 legendae

325 3430 448 3488 Italicae
471 3452 617 3509 opponere
641 3433 743 3502 solent,
768 3436 838 3491 satis
862 3436 941 3492 claro
961 3432 1106 3512 Cyrillum
1130 3435 1297 3511 episcopum
1320 3429 1419 3509 prodit
1442 3451 1513 3508 cap.
1533 3434 1582 3488 ts.

325 3517 402 3574 Nam
433 3527 499 3595 post
522 3528 671 3597 acceptam
703 3520 914 3579 revelationem
944 3524 1125 3598 propinquae
1155 3540 1224 3578 auae
1255 3519 1356 3577 mortis
1382 3518 1583 3591 ,veneranda

325 3607 425 3660 veste“
453 3604 581 3678 indutus,
615 3605 668 3664 sub
700 3627 757 3682 qua
780 3608 854 3664 nihil
886 3610 946 3665 nisi
974 3611 1066 3666 vestis
1096 3609 1265 3684 episcopum
1294 3605 1487 3681 distinguens
1511 3621 1581 3682 apte

325 3691 453 3768 intelligi
477 3701 580 3769 potest,
613 3696 810 3770 precationem
835 3693 873 3752 ad
889 3695 986 3752 Deum
1010 3693 1114 3761 fundit,
1148 3713 1206 3770 qua
1227 3713 1258 3750 sc
1282 3702 1382 3770 aperte
1412 3711 1581 3768 praepo·

326 3779 441 3836 situm
473 3782 571 3855 gregis
595 3780 754 3846 Dominici,
778 3801 884 3858 nempe
907 3781 1039 3839 fidelium
1062 3781 1221 3845 Moraviae,
1243 3781 1395 3857 profitetur
1419 3777 1580 3856 indolem

324 3863 378 3921 tibi
409 3885 551 3940 gregem
582 3887 675 3934 serva,
699 3871 745 3926 cui
770 3889 823 3937 me,
849 3871 980 3946 ineptum
1003 3879 1033 3924 et
1056 3866 1210 3941 indignum
1233 3886 1348 3924 servum
1372 3874 1454 3922 tuum
1482 3867 1580 3942 appli-

325 3953 411 4006 cuisti
435 4000 441 4012 .
465 4000 471 4012 .
496 3999 502 4011 .
526 3951 628 4026 Quos
662 3953 813 4012 dedisti
849 3955 953 4019 mihi,
988 3965 1175 4031 tanquam
1209 3964 1296 4010 tuos
1330 3951 1405 4010 tibi
1442 3951 1581 4016 reddo,

326 4056 417 4111 rege
441 4057 501 4094 eos
525 4039 618 4096 forti
642 4051 700 4098 tua
723 4040 890 4098 ‹lextcra“
918 4038 995 4120 etc).
1018 4043 1143 4118 Insuper
1166 4039 1304 4118 discipuli
1321 4038 1437 4118 (lyrilli,
1461 4039 1579 4098 Romae

326 4121 455 4180 ordinati
486 4126 515 4180 itt
548 4125 741 4204 presbyteros,
776 4127 916 4186 diaconos
939 4138 1001 4198 cto„
1036 4131 1152 4185 cuinam
1175 4129 1321 4206 episcopo,
1355 4128 1412 4184 nisi
1436 4129 1579 4205 episcopo

328 4209 450 4287 Cyrillo,
483 4209 669 4270 obedientiae
693 4217 853 4273 canonicae
876 4216 994 4274 vinculo
1018 4216 1151 4273 adstricti
1174 4216 1257 4272 sunt?
1303 4214 1390 4271 Certo
1412 4235 1476 4272 uon
1502 4214 1577 4271 Her-

327 4299 458 4353 manrico
482 4297 680 4371 Pessoricnsi,
713 4304 762 4378 qui
788 4323 837 4360 eos
861 4323 916 4360 nec
939 4304 1067 4363 miserat.
1097 4322 1152 4359 nec
1175 4299 1441 4358 commendaverat.
1488 4300 1576 4375 Quod

326 4384 417 4458 igitur
447 4383 548 4441 cadem
577 4386 666 4457 ,Vita
690 4390 897 4447 Corratautini“
925 4389 1118 4448 nihilominus
1140 4400 1238 4446 actum
1260 4387 1493 4445 consecrationis
1518 4388 1575 4465 Cy-

326 4469 384 4528 rilli
409 4471 439 4526 in
464 4472 632 4549 episcopum
657 4495 715 4532 non
739 4479 895 4553 exprimat,
920 4478 1087 4534 necessario
1109 4475 1358 4552 corruptioni
1381 4472 1574 4532 tribuendum

327 4565 379 4614 cst.
409 4557 590 4636 Compilntor
613 4559 765 4636 legendae,
789 4564 837 4620 vel
861 4564 969 4640 aliquis
992 4565 1135 4640 posterior
1157 4561 1292 4619 reductor
1313 4562 1376 4618 eius
1399 4563 1500 4637 capite
1528 4564 1573 4618 11.
