3450 5342
828 334 1001 392 ..66-

288 523 379 581 sacris
401 521 596 581 conventibus
618 535 648 582 et
663 521 770 601 dignos
793 521 979 594 admittendi,
1003 524 1160 603 quicquum
1177 525 1320 582 eximium
1343 533 1374 582 et
1388 523 1538 601 singulare

288 611 332 668 eis
354 612 554 668 concessisset.
586 608 689 668 Iudaei
712 611 791 668 enim
811 621 840 668 ot
864 611 1042 690 quicumque
1063 609 1209 670 eiusmodi
1231 603 1395 670 conventus
1417 609 1540 678 babent,

287 695 426 774 profanos
460 695 497 754 cb
520 698 564 755 eis
597 715 696 755 arcere
719 706 848 775 possunt.
883 697 977 776 Atqui
1000 696 1136 756 Christus
1170 718 1237 757 cum
1266 708 1349 757 tanto
1382 695 1539 755 verborum

288 795 431 862 apparatu
454 803 513 842 nou
535 785 630 862 potuit
652 784 711 842 nisi
727 783 870 842 eximium
892 783 1006 862 aliquid
1027 795 1058 843 et
1080 785 1230 862 singulare
1252 784 1396 844 ecclesiae
1415 785 1539 862 largiri:

290 867 326 928 cf.
351 873 511 940 Suurez,
534 869 618 948 Disp.
644 873 692 939 16,
715 891 738 928 s.
762 873 789 941 2,
813 891 841 929 n.
867 870 915 929 10.

395 969 440 1022 Ad
460 967 534 1022 dtrb.
554 971 577 1023 4.
598 967 699 1023 notari
719 973 839 1036 potest:
871 968 1051 1024 ›Manifeste
1069 985 1133 1025 non
1151 969 1352 1025 concluderet
1371 983 1539 1040 argumen-

290 1041 366 1104 tum,
387 1038 413 1091 si
432 1038 571 1104 dicerem,
596 1038 626 1092 in
646 1037 768 1092 iudiciis
789 1038 945 1107 humenis,
963 1039 1091 1108 quando
1110 1053 1185 1094 reus
1204 1041 1360 1108 probatur
1377 1040 1540 1106 innocenS,

290 1121 352 1160 non
364 1111 468 1176 potest
478 1105 697 1188 condempariq
715 1108 842 1190 quando
855 1109 1011 1178 probatur
1023 1108 1194 1190 culpabilis,
1208 1124 1271 1164 nou
1285 1114 1389 1190 potest
1401 1109 1537 1189 absolve

290 1175 1540 1327 littt'ttttttristitiemsubstitisti,ttsublatus

290 1315 639 1396 quoad'oblrgationem·
667 1331 781 1372 rursus
801 1316 1011 1386 comparendi,
1038 1323 1069 1371 et
1097 1317 1172 1372 haec
1199 1322 1247 1372 est
1276 1333 1352 1372 vera
1381 1317 1537 1387 quaedam

290 1389 404 1454 peccetr
425 1385 579 1452 retentio«,
601 1385 729 1450 Billot,
750 1385 794 1440 De
813 1385 883 1442 eccl.
904 1401 1033 1441 sacram.
1052 1402 1082 1456 q.
1101 1387 1143 1452 84,
1159 1402 1192 1510 p.
1209 1389 1254 1443 30.

395 1455 441 1508 Ad
467 1455 521 1508 rel.
546 1455 620 1510 dub.
647 1454 756 1524 partim
784 1460 868 1524 patet
893 1471 1081 1526 responsum
1104 1471 1142 1511 ex
1182 1455 1259 1525 ictis,
1288 1456 1403 1526 partim
1423 1455 1538 1510 melius

291 1539 349 1578 suo
368 1524 435 1578 loeo
455 1523 706 1594 respondebitur.

398 1617 495 1674 Pars
522 1617 574 1674 11³-
600 1617 680 1675 Dete
709 1627 754 1674 est
780 1627 911 1694 potestas
942 1617 1112 1676 remittendi
1142 1627 1264 1696 peccatu
1293 1628 1323 1676 et
1353 1638 1412 1676 non
1442 1619 1539 1675 solnm

290 1701 460 1761 declarandi
492 1724 527 1762 eu
549 1725 613 1762 esse
646 1706 787 1775 remissa3
816 1714 845 1762 et
875 1723 911 1762 eu
944 1702 1065 1783 quidem
1100 1725 1159 1763 non
1196 1703 1331 1763 absoluta
1364 1702 1416 1762 sed
1449 1706 1542 1762 certis

289 1789 405 1866 legibus
428 1791 528 1867 ligata,
552 1811 625 1869 quos
636 1789 787 1848 observari
809 1802 932 1868 oportet,
955 1803 987 1848 ut
1006 1793 1155 1850 sententio
1172 1789 1274 1848 valida
1289 1793 1328 1850 sit
1342 1789 1541 1869 (absolvendo

290 1877 382 1936 solnm
406 1899 464 1948 eos,
488 1899 560 1956 quos
584 1878 665 1936 Deus
688 1877 800 1936 indicet
824 1876 1008 1936 absolutione
1031 1875 1160 1959 dignos).

395 1960 473 2014 Dub.
495 1963 517 2013 l.
537 1957 568 2014 Si
586 1957 630 2014 Io.
640 1959 682 2026 20,
707 1960 749 2014 23.
768 1973 830 2012 non
852 1973 938 2014 mera
956 1959 1132 2027 declaratio,
1161 1959 1217 2014 sed
1237 1957 1383 2014 remissio
1402 1973 1473 2012 vera
1493 1959 1539 2012 in·

291 2025 456 2096 telligeuda
471 2033 562 2095 esset,
581 2028 662 2082 idem
679 2033 764 2084 esset
775 2028 808 2082 in
822 2027 941 2096 protasi
956 2028 1082 2096 dictum,
1102 2029 1187 2098 quod
1201 2029 1232 2083 in
1245 2027 1376 2098 npodosi
1390 2032 1420 2082 et
1434 2032 1537 2082 totum

291 2105 375 2151 esset
400 2112 479 2152 vanu
504 2097 688 2166 tautologia;
717 2097 883 2152 dicendum
915 2097 1010 2168 igitur
1028 2097 1245 2154 remissionem
1265 2096 1407 2152 exhiberi
1425 2103 1461 2152 ut
1480 2097 1539 2152 du-

291 2163 400 2234 plicem
430 2167 581 2222 actionem
611 2171 719 2222 mutuo
748 2167 944 2230 distinctum
975 2182 1031 2222 nec
1056 2183 1136 2238 quae
1159 2167 1198 2224 ad
1226 2167 1357 2223 eandem
1382 2165 1536 2221 actionem

291 2235 455 2303 pertinent,
475 2236 602 2292 diverso
622 2242 762 2305 tempore
783 2235 952 2306 significari
976 2244 1119 2306 possunt.

395 2306 418 2358 2.
440 2305 471 2360 Si
492 2321 564 2360 vere
584 2305 742 2362 remittere
762 2311 792 2360 et
810 2306 946 2360 retinere
964 2314 1099 2374 possunt
1119 2307 1307 2373 sacerdotes,
1336 2304 1413 2375 quid
1432 2304 1478 2370 lit,
1510 2305 1537 2358 si

291 2389 374 2428 unus
390 2375 525 2437 remittit,
541 2376 616 2430 dum
631 2375 709 2430 alter
722 2376 856 2430 retinet?
877 2375 1008 2431 Tantam
1023 2375 1238 2431 contusionem
1253 2376 1336 2430 Deus
1354 2389 1417 2429 non
1430 2380 1537 2444 potest

291 2441 471 2498 intendisse.
493 2443 537 2500 Oi.
556 2461 585 2514 q.
605 2447 629 2512 6,
649 2461 678 2514 p.
697 2445 740 2508 V,
759 2445 833 2499 dub.
852 2447 878 2498 2.
1508 2469 1513 2474 Δ

395 2514 419 2568 3.
440 2513 624 2569 Sacerdotes
650 2529 712 2568 non
738 2519 873 2583 possunt
899 2529 973 2568 vere
998 2513 1132 2569 retinere
1158 2520 1289 2584 peccata,
1318 2512 1345 2568 si
1372 2513 1482 2568 saltem
1503 2514 1535 2567 iu

291 2581 399 2637 futuro
427 2583 532 2637 omnia
560 2584 759 2640 remittentur
786 2588 911 2653 praeter
938 2589 1060 2651 peccem
1089 2590 1197 2638 contra
1222 2584 1373 2652 Spiritum
1404 2598 1428 2638 s
1452 2582 1536 2638 Fore

291 2666 367 2706 vero
387 2657 421 2707 ut
441 2651 640 2707 renuittantur
659 2657 743 2722 patet
762 2659 827 2708 tum
847 2667 885 2708 ex
904 2652 957 2708 lit.
982 2655 1022 2720 12,
1047 2654 1090 2720 31,
1119 2658 1185 2709 tum
1205 2668 1243 2707 ex
1262 2668 1308 2722 ee,
1335 2653 1421 2723 quod
1442 2667 1535 2708 secus

291 2735 352 2775 non
373 2727 457 2776 esset
475 2722 716 2778 determinatum
737 2721 1002 2792 manifestumque
1020 2721 1185 2778 discrimen
1206 2723 1289 2777 inter
1309 2728 1434 2792 peccata
1453 2737 1535 2777 mor·

291 2790 361 2844 talia
380 2796 410 2844 et
429 2791 556 2858 terim„
576 2791 710 2862 denique
729 2807 767 2846 ex
786 2807 831 2859 eo,
853 2791 938 2873 quod
957 2791 1073 2861 alioqui
1091 2792 1174 2847 Deus
1193 2791 1307 2846 laceret
1324 2792 1356 2846 in
1375 2791 1535 2847 damnatis

291 2859 533 2916 obstinationem
545 2861 575 2928 δ).
602 2892 635 2902 -
664 2860 895 2931 Consequentia
920 2876 996 2915 vero
1020 2866 1114 2930 patet,
1141 2862 1216 2931 quia
1241 2866 1401 2931 peccatum
1425 2867 1535 2916 contra

293 2928 439 2998 Spiritum
461 2935 602 2985 sanctum
623 2945 679 2985 nec
697 2931 727 2984 in
748 2936 832 2985 terra
852 2930 967 2986 remitti
981 2935 1099 3054 potest.

394 3001 419 3053 t.
440 2999 583 3056 Potestas
595 3016 668 3054 vere
680 2999 834 3054 retinendi
848 3006 971 3068 peccata
995 3006 1102 3054 rustra
1114 3000 1187 3055 datu
1196 3007 1288 3067 esset,
1299 3015 1370 3056 cum
1384 2999 1533 3054 sacerdos

291 3072 431 3124 teneatur
448 3070 592 3139 quemvis
613 3075 814 3139 peccatorem,
840 3069 895 3139 qui
917 3067 1043 3124 attritus
1062 3069 1102 3124 ad
1122 3085 1194 3125 eum
1213 3070 1338 3132 accedit
1367 3069 1534 3124 absolvere

292 3138 340 3194 vel
359 3138 408 3193 elii
429 3138 656 3194 absolvendum
678 3139 810 3194 tradere.

393 3212 417 3264 5.
439 3209 556 3264 Eadem
569 3214 617 3263 est
630 3208 715 3263 omni
729 3214 871 3278 tempore
883 3207 1090 3264 absolutionis
1105 3207 1252 3263 efficacia.
1272 3207 1364 3277 Atqui
1377 3207 1534 3262 absolutio

290 3292 359 3332 cum
381 3285 540 3347 peccatum
560 3279 620 3332 iam
641 3284 711 3332 ante
731 3277 867 3333 deletum
887 3282 935 3333 est
953 3277 1144 3342 contritione,
1163 3283 1211 3332 est
1226 3293 1310 3333 mere
1323 3277 1534 3332 declaratoria

291 3345 369 3401 Item
396 3364 464 3402 cum
485 3348 669 3414 absolvitur,
696 3348 749 3418 qui
768 3347 972 3417 peccatelam
993 3347 1110 3416 pluries
1129 3347 1273 3402 absoluta
1295 3363 1323 3401 v.
1342 3362 1371 3416 g.
1390 3345 1483 3401 etiam
1504 3345 1535 3400 iu

290 3416 460 3540 baptisssnoi
476 3417 651 3472 confitetur.
672 3417 749 3471 Nam
771 3417 918 3472 sacerdos
938 3422 1020 3471 certe
1039 3433 1103 3472 nou
1122 3417 1215 3472 babet
1242 3416 1293 3472 ius
1312 3415 1393 3471 circa
1411 3421 1536 3485 peccate

290 3484 349 3539 iam
371 3489 392 3540 a
414 3501 448 3540 so
462 3492 523 3541 uta.

394 3559 418 3610 6.
439 3556 608 3621 Parecbus,
634 3555 798 3624 proferens
819 3569 916 3624 super
940 3555 1159 3610 contrahentes
1184 3554 1417 3609 matrimonium
1439 3554 1537 3608 verba

293 3623 360 3692 Ego
380 3640 437 3678 vos
458 3624 488 3678 in
509 3625 742 3680 matrimonium
762 3624 918 3695 coniungo
938 3625 968 3678 in
987 3623 1114 3679 nomine
1134 3624 1236 3679 Patris
1256 3628 1321 3688 etc..
1344 3628 1464 3678 tautum
1485 3621 1539 3677 de·

290 3691 387 3747 clarat
402 3691 635 3748 matrimonium
649 3709 719 3749 esse
733 3699 832 3750 ratum
847 3709 952 3749 coram
968 3693 1113 3760 ecclesiu;
1133 3693 1229 3774 upari
1243 3692 1408 3763 proferens
1423 3691 1537 3747 similia

292 3763 388 3817 verba
409 3777 505 3832 super
525 3763 732 3832 poenitentem
753 3769 874 3819 tautum
895 3763 1032 3818 declarat
1050 3763 1281 3818 remissionem.

354 3939 378 4004 ⁴)
399 3937 468 4006 ,Die
487 3937 646 3992 Greuzliuie
666 3938 804 4018 zwisalten
824 3937 1015 4020 Lobendigem
1039 3937 1097 4020 und
1114 3937 1234 3992 Todtem
1255 3937 1294 3991 ist
1311 3936 1454 4018 beatlmmt
1480 3936 1537 3990 und

393 4005 1537 4145 sitisticitissimis‘tttttttttiit‘atlitlttutis

394 4145 483 4200 boner
494 4145 584 4244 liapd,
604 4146 650 4199 die
665 4123 759 4200 Sinde
779 4145 934 4200 widerdcn
953 4145 991 4199 hl.
1003 4145 1093 4213 Geist,
1112 4145 1158 4200 die
1177 4145 1336 4215 freiwillige
1349 4145 1539 4214 Abwendnng

354 4287 377 4354 ὁ)
394 4215 840 4367 {qnigoqqplppnphthpslpdie
864 4283 929 4365 klur
946 4283 1083 4338 erkanute
1107 4285 1164 4339 und
1185 4282 1372 4366 empfundene
1389 4283 1540 4367 Wshrheit

393 4355 445 4408 der
467 4355 640 4424 jensertrgen
658 4355 736 4409 Welt
763 4355 809 4408 dre
827 4354 961 4435 Posrtron
973 4355 1024 4409 des
1050 4353 1307 4434 urentschredenen
1324 4354 1418 4409 Bdsen
1439 4371 1469 4408 ιιι
1480 4353 1539 4435 ‘der

394 4423 475 4478 Seele
493 4425 640 4479 verstb'rke
659 4425 715 4479 und
736 4439 770 4478 zu
787 4423 1030 4505 grundsitzquher
1046 4422 1291 4492 Unbeugsumkert
1309 4423 1429 4506 erbirte,
1460 4422 1538 4477 nicht

392 4493 462 4548 aber
479 4493 680 4554 erechiittere“‚
710 4491 839 4554 Schell.
877 4489 998 4557 (Similia
1021 4508 1055 4546 ac
1074 4492 1167 4547 Schell
1192 4497 1340 4548 senserunt
1365 4491 1537 4548 Hirscher

392 4562 438 4687 r·
451 4561 1411 4702 ramererete,motaretur
