3450 5342
851 363 1021 418 „3⁸2-

318 544 439 601 etiamsi
458 544 530 613 uiris
551 543 674 614 ignoret
687 544 902 598 trecessitatem
918 544 1011 598 liuius
1027 561 1113 610 usus,
1134 551 1237 614 potest
1256 548 1403 614 consequi
1420 545 1550 611 salntem,

319 613 343 665 si
364 613 476 668 lrabeat
494 619 595 668 actum
616 611 821 668 contritionis.

421 703 445 754 2.
468 699 515 754 »Si
535 700 652 768 absque
670 701 755 754 omni
778 701 838 755 ulio
857 711 1022 770 praecepto
1043 701 1178 769 positivo
1199 717 1276 754 nsns
1295 699 1428 755 clavium
1450 701 1457 768 l
1465 700 1507 754 De
1525 700 1551 756 L.

321 769 459 838 loquitur
477 769 516 824 de
536 771 714 839 baptismol,
736 770 881 825 Christus
901 770 1088 825 instituisset
1106 775 1138 826 in
1156 771 1364 825 necessarium
1386 771 1552 824 remedium

318 837 506 894 disiunctum
527 839 659 894 illudes
679 854 737 894 usu
757 840 889 894 clarium
910 845 939 893 et
961 839 1118 896 voluntate
1143 839 1236 895 liuius
1258 855 1344 906 usus,
1370 854 1431 894 non
1454 843 1554 908 posset

318 907 411 962 bomo
444 924 499 978 per
530 909 627 962 solam
659 908 876 963 contritionem
905 917 1188 978 qiirmtumcumque
1223 909 1399 978 perlectam,
1434 909 1555 977 disponi

318 977 460 1046 proxime
491 979 530 1032 ad
559 977 820 1044 iustificationeru,
846 977 919 1046 quia
943 977 1093 1046 contritio,
1122 995 1184 1034 non
1208 983 1292 1032 esset
1322 983 1395 1032 tunc
1414 979 1556 1032 voluntas

317 1047 445 1102 actualis
479 1063 557 1102 usus
593 1047 685 1101 etiam
718 1047 873 1116 implicite,
906 1047 959 1101 sed
991 1049 1092 1102 solutu
1123 1053 1206 1102 esset
1237 1047 1384 1116 implicite
1414 1047 1556 1101 voluntas

315 1114 398 1171 illius
417 1116 563 1171 disiuncti
589 1116 756 1171 iteoessarii
775 1118 813 1171 ad
834 1118 977 1182 salutem,
1000 1133 1040 1171 sc.
1061 1118 1108 1172 vel
1128 1117 1257 1172 actualis
1283 1132 1360 1172 usus
1380 1118 1429 1171 vel
1449 1116 1556 1172 volun·

315 1187 387 1240 tatis
407 1202 500 1250 usus;
520 1202 605 1255 ergo,
629 1185 655 1239 si
676 1187 768 1240 hunno
797 1186 1021 1240 iustificaretur
1045 1201 1115 1242 curn
1146 1187 1210 1241 sola
1230 1186 1415 1241 contritione
1439 1187 1559 1255 absque

314 1253 372 1309 alia
392 1257 551 1311 voluntate
575 1255 782 1310 determinata
802 1271 880 1310 usus
900 1256 1042 1317 clavium,
1069 1255 1293 1311 iustificaretur
1311 1270 1381 1311 curn
1402 1257 1470 1310 sola
1490 1269 1558 1308 con·

315 1325 440 1379 tritione
468 1325 588 1394 absque
614 1324 672 1379 alia
696 1325 855 1380 voluntate
880 1325 1083 1380 determinata
1109 1339 1189 1380 usus
1213 1325 1355 1389 clavium,
1377 1324 1559 1379 iustificare·

316 1398 368 1449 tur
386 1395 506 1463 absque
531 1393 642 1449 actuali
668 1409 727 1448 usu
755 1394 887 1448 clavium
909 1402 939 1448 et
959 1395 1117 1450 voluntate
1136 1409 1222 1462 usus,
1245 1395 1329 1476 quod
1349 1399 1433 1449 esset
1451 1401 1560 1448 contra

314 1464 353 1529 id,
372 1464 456 1532 quod
477 1463 667 1533 supponitur
693 1463 791 1518 Deum
812 1463 961 1518 statuisse
986 1463 1141 1519 nerninem
1169 1463 1338 1518 iustificare
1357 1465 1479 1534 absque
1500 1477 1558 1517 usu

313 1533 445 1589 clavium
469 1534 518 1588 vel
534 1533 692 1588 voluntate
706 1536 772 1590 eius
792 1549 879 1588 usus.
901 1533 1072 1588 Fatendum
1093 1549 1170 1602 ergo
1183 1539 1231 1588 est
1244 1536 1459 1588 necessitatem
1482 1548 1560 1587 usus

315 1602 445 1657 clavium
467 1606 498 1658 in
517 1618 551 1658 re
573 1603 620 1657 vel
639 1603 670 1656 in
692 1607 764 1657 voto
777 1603 853 1658 oriri
869 1619 907 1657 cx
920 1608 1086 1684 praecepto
1105 1603 1241 1672 positivo
1260 1601 1376 1668 divin0,
1395 1618 1459 1672 quo
1481 1617 1559 1658 usus

318 1671 450 1727 clavium
472 1675 502 1726 in
523 1687 557 1728 re
575 1678 761 1742 praeceptus
782 1677 830 1726 est
848 1673 1011 1736 omninum
1032 1687 1068 1727 ex
1086 1689 1149 1742 quo
1165 1677 1329 1742 praecepto
1344 1673 1453 1737 oritur,
1474 1669 1559 1740 quod

316 1757 408 1796 nemo
427 1742 528 1811 possit
547 1741 709 1796 iustificari
724 1743 845 1811 absque
858 1757 917 1798 usu
931 1741 1074 1802 clavium.
1092 1741 1140 1796 vel
1155 1742 1263 1796 saltem
1285 1741 1444 1796 voluntate
1465 1756 1559 1806 usus,

316 1826 384 1865 cum
405 1810 487 1866 enim
507 1827 569 1866 non
583 1811 683 1880 possit
695 1817 1022 1867 extrasacramcntum
1043 1811 1205 1866 iustificari
1225 1811 1344 1881 absque
1363 1810 1559 1874 contritione,

317 1895 396 1938 tuae
414 1879 545 1935 includit
564 1881 754 1936 voluntatem
775 1881 923 1936 servandi
942 1881 1046 1935 ‹nnnia
1060 1885 1232 1950 praecepta,
1246 1895 1379 1949 qnorum
1394 1895 1495 1934 unum
1512 1885 1559 1934 est

317 1897 355 2005 <ie
375 1949 574 2018 suscipiendo
594 1955 796 2017 sacramento,
816 1950 888 2005 binc
907 1950 943 2006 lit
962 1966 1024 2004 non
1037 1965 1132 2020 posse
1145 1949 1306 2006 iustificari
1323 1950 1443 2020 absque
1459 1963 1561 2003 sacra·

317 2025 429 2082 mento,
449 2019 533 2090 quod
554 2019 638 2073 Deus
657 2019 756 2074 voluit
769 2019 884 2074 habere
898 2020 1044 2074 virtutem
1061 2017 1260 2084 iustificandi‚
1277 2018 1326 2073 vel
1341 2023 1423 2074 certe
1436 2019 1559 2088 absque

318 2089 477 2144 voluntate
505 2089 699 2155 sacramenti,
721 2105 798 2158 qnae
818 2090 995 2144 necessario
1019 2089 1190 2144 includitur
1208 2089 1239 2143 in
1258 2088 1343 2142 omni
1362 2087 1560 2154 contritione,

316 2174 385 2212 cum
411 2159 504 2212 detur
531 2165 729 2226 praeceptum
758 2159 797 2213 de
825 2157 1025 2227 suscipiendo
1054 2165 1274 2214 sacramento«.
1308 2157 1356 2212 De
1383 2158 1489 2227 Lugo
1515 2153 1560 2211 De

319 2226 449 2283 Euchar.
469 2226 549 2295 disp.
571 2230 595 2294 3,
615 2243 639 2281 s.
660 2230 671 2281 l
693 2227 819 2297 (lligne,
841 2228 873 2284 C.
892 2229 934 2286 tn.
953 2235 973 2282 t.
992 2230 1025 2284 23
1044 2228 1098 2282 col.
1117 2229 1171 2282 76».
1191 2227 1239 2282 Ita
1258 2227 1353 2282 sentit
1374 2228 1455 2282 inter
1480 2225 1559 2280 alios

317 2297 518 2364 Platelius,
545 2296 699 2368 Synopsls
727 2313 747 2366 p
784 2297 824 2365 v,
852 2314 881 2352 n.
909 2299 968 2352 629,
997 2297 1124 2364 Susse,
1145 2297 1188 2352 De
1210 2312 1302 2420 ἓοθη.
1330 2297 1372 2351 tn.
1401 2297 1434 2352 17
1462 2295 1560 2350 schol.

315 2364 512 2436 Steutrup‚
541 2366 585 2420 De
605 2381 682 2420 saer.
702 2366 732 2420 in
751 2382 820 2435 gen,
839 2369 881 2421 th.
901 2369 942 2431 38,
967 2365 1184 2432 Dicastillo,
1232 2382 1248 2420 e
1269 2381 1345 2422 sacr.
1364 2381 1453 2435 poen.
1474 2365 1557 2433 disp.

314 2439 337 2488 4.
357 2451 386 2489 n.
405 2437 456 2490 132
474 2449 516 2489 ss.
535 2439 566 2490 et
585 2435 636 2490 alii
657 2437 753 2490 multi.

417 2523 441 2576 3.
459 2520 599 2576 Actualis
618 2537 696 2577 usus
714 2519 848 2578 clavium
869 2539 930 2576 non
956 2529 1003 2576 est
1023 2522 1218 2577 necessarius
1239 2523 1423 2578 necessitate
1453 2517 1558 2586 medii,

315 2595 348 2715 1⁸¹e
351 2591 563 2716 ¹gilttcigantsstuiram
589 2592 719 2646 remissa
744 2597 832 2657 sunt;
862 2591 918 2646 sed
946 2607 1002 2660 per
1029 2591 1245 2647 contritionem
1265 2607 1334 2645 cnm
1357 2597 1430 2646 voto
1449 2589 1556 2645 statim

418 2751 442 2802 4.
463 2747 511 2802 Ex
530 2761 613 2814 conc.
632 2746 813 2801 Tridentino
832 2753 954 2802 constat
982 2755 1210 2802 sacramentnm
1232 2747 1439 2816 poenitentiae
1457 2746 1486 2802 la
1510 2745 1557 2800 sie

314 2826 387 2886 post
412 2817 604 2886 baptismum
624 2820 666 2871 ita
684 2831 754 2872 esse
772 2816 983 2871 necessarium
1011 2818 1091 2872 sicut
1119 2816 1296 2886 baptismus
1320 2816 1388 2885 ipse
1415 2831 1477 2870 non
1503 2830 1554 2870 unt

315 2886 518 2966 regeneratis
538 2886 593 2940 sed
612 2886 785 2940 infantibus
804 2892 887 2940 uerte
907 2891 1024 2966 votum,
1036 2884 1183 2955 baptismi
1203 2901 1265 2941 non
1284 2892 1332 2941 est
1350 2884 1556 2940 determinate

314 2970 536 3010 necessarium.

420 3049 527 3106 Verum
561 3068 626 3106 esse
659 3051 748 3106 etiam
782 3047 859 3124 quod
895 3051 925 3104 in
959 3047 1015 3104 hac
1040 3057 1120 3124 parte
1144 3049 1306 3116 statuimus,
1329 3049 1371 3104 ita
1394 3047 1555 3125 probatur:

312 3135 436 3194 Nullum
467 3133 547 3193 aliud
575 3133 705 3192 medium
735 3134 952 3192 iimtificationis
983 3130 1060 3212 (post
1091 3134 1280 3211 baptismum)
1313 3133 1437 3192 indicari
1461 3143 1556 3210 potest

223 3235 229 3254 ⁹
312 3234 429 3300 praeter
452 3223 545 3280 haec:

524 3312 550 3365 1.
573 3309 641 3386 lpse
664 3309 787 3366 actualis
810 3329 878 3366 usus
902 3307 1029 3365 clavium

521 3398 549 3457 2,
572 3394 654 3472 Opus
676 3396 826 3472 operantis
848 3396 1017 3471 peccatoria,
1041 3394 1127 3471 (luale
1151 3406 1193 3450 est
1218 3395 1354 3452 contritio
1374 3394 1421 3449 rel
1447 3396 1553 3450 caritas

523 3484 549 3538 3.
572 3481 681 3539 Unctio
704 3481 885 3539 infirmorum

521 3570 549 3625 t.
572 3567 664 3625 Aliud
687 3579 901 3626 sacramentum
925 3588 976 3645 per
999 3566 1143 3635 accidens,
1167 3578 1197 3624 ut
1220 3565 1409 3623 'Eucharistia

522 3657 548 3712 5.
573 3655 748 3733 Martyrium
770 3673 808 3713 ex
830 3655 972 3732 singulari
997 3655 1160 3731 privilegio

416 3737 510 3836 Atqui
524 3762 558 3817 *si
581 3759 693 3818 nullum
717 3759 846 3817 medium
869 3767 984 3836 praeter
1007 3758 1079 3816 haec
1102 3755 1205 3816 estad
1231 3757 1475 3828 iustificationem‚
1505 3755 1552 3813 his

312 3845 447 3904 omnibus
470 3844 688 3923 inculpabiliter
710 3847 826 3903 omissis
849 3865 928 3904 nova
950 3844 1069 3923 quidem
1092 3845 1178 3923 culpa
1201 3847 1337 3914 evitatur,
1369 3841 1423 3900 sed
1445 3843 1548 3919 prioris

312 3933 402 3989 venia
433 3930 557 3990 obtineri
593 3935 703 4010 nequit.
739 3935 802 3991 lam
824 3953 894 3990 raro
917 3933 948 3990 in
972 3932 1018 3989 his
1041 3931 1176 3989 omnibns
1200 3940 1299 3989 votnm
1327 3931 1431 3988 saltem
1455 3928 1551 4006 impli-

312 4018 403 4075 citum
437 4017 536 4076 utendi
572 4019 705 4078 clavibus
737 4021 895 4097 requiritur
928 4021 990 4076 sive
1018 4027 1158 4096 tanquam
1186 4018 1363 4076 elementum
1386 4015 1550 4083 essentiale,

313 4105 376 4159 sive
400 4114 549 4182 tamquam
566 4109 741 4166 necessitate
764 4105 854 4164 medii
869 4103 1124 4183 praemittendum.
1147 4105 1227 4181 Ergo
1245 4113 1345 4162 votum
1369 4102 1470 4161 utendi
1493 4101 1552 4160 cla·

311 4186 398 4248 vibus
421 4200 465 4248 est
486 4189 681 4250 determinate
703 4195 900 4251 necessarium
925 4195 1099 4250 necessitate
1123 4190 1213 4249 medii
1241 4189 1278 4248 ad
1307 4193 1410 4266 gravia
1432 4197 1552 4268 peecata

311 4283 379 4353 post
399 4276 577 4354 baptismum
599 4279 784 4337 remittenda.
807 4278 916 4337 Prob.
939 4281 1023 4336 min.
1046 4277 1095 4336 Ad
1111 4277 1241 4336 validam
1265 4276 1477 4336 absolutionem
1500 4295 1551 4354 per

313 4361 411 4420 claves
445 4366 601 4441 requiritur
634 4367 665 4422 in
698 4368 876 4443 suscipiente
910 4368 983 4424 sicut
1019 4367 1048 4423 in
1083 4365 1150 4423 aliis
1173 4366 1364 4423 sacramentis
1387 4363 1549 4422 adultorum

313 4448 447 4507 voluntas
471 4451 578 4527 aliqua,
601 4472 762 4530 perquam
785 4455 849 4529 ipse
872 4464 1085 4510 sacramentum
1109 4455 1256 4529 suscipere
1279 4451 1363 4522 velit3
1395 4452 1475 4528 atqui
1499 4470 1549 4505 vo-

312 4535 376 4593 litio
405 4537 479 4595 haec
512 4547 557 4595 est
591 4541 756 4596 neccssaria
789 4541 965 4597 necessitate
998 4538 1100 4612 medii3
1138 4559 1205 4597 nam
1239 4557 1440 4616 quaecumque
1474 4539 1548 4594 inter

312 4632 496 4698 praesentem
529 4634 635 4682 statum
670 4644 764 4682 rernm
798 4635 827 4682 ct
856 4625 985 4683 futurum
1019 4625 1107 4682 linem
1143 4623 1346 4682 adducendum
1376 4627 1548 4682 interserere
