3450 5342
823 344 1013 399 -llu-

294 536 365 591 item
396 552 472 591 nnus
502 534 664 603 renuitur,
699 552 725 589 a
756 532 837 589 1699
867 528 904 589 ab
935 530 1051 589 haeresi
1082 532 1224 589 ecclesiae
1247 544 1433 590 accesserunt
1456 528 1545 601 duo‘,

294 640 321 679 a
346 622 430 679 1700
458 618 512 692 ,ab
535 618 651 677 haeresi
675 618 818 676 ecclesiae
840 628 1027 677 accessemnt
1049 634 1117 691 tres,
1148 620 1248 677 unitus
1270 618 1414 677 ecclcsiae
1437 620 1544 689 nnns‘,

294 727 321 768 a.
346 708 428 765 1701
457 704 512 778 ,ab
534 704 651 763 haeresi
674 705 817 764 ecclesiae
840 707 966 763 accessit
986 710 1079 763 unns“
1107 750 1113 763 .
1137 751 1143 763 .
1167 750 1173 763 .
1198 738 1237 748 -
1262 708 1304 763 ita
1319 718 1427 763 sonant
1446 706 1550 763 tristes

294 813 366 852 sane
388 792 549 850 relationes
570 793 831 851 missionariornm.

403 877 488 956 Quae
517 878 555 936 de
584 879 704 937 clero
737 880 915 937 rnssico
946 880 1125 937 missionarii
1149 880 1329 957 seripserunt
1352 876 1445 955 digna
1467 887 1545 944 sunt,

296 977 329 1025 nt
359 964 398 1049 ad
421 986 457 1025 ea
479 967 608 1025 animum
633 964 829 1025 attendamus.
862 964 968 1023 Liceat
991 963 1076 1023 nobis
1099 965 1205 1023 saltem
1228 964 1302 1023 haec
1326 984 1420 1043 panca
1441 984 1547 1023 excar-

297 1072 386 1133 pcre:
413 1052 506 1126 ,Sunt
528 1052 614 1110 multi
637 1052 783 1123 monachi,
816 1052 865 1110 rel
888 1054 973 1123 uuiti,
997 1052 1045 1111 vel
1067 1054 1170 1111 unioni
1192 1046 1329 1129 proximi,
1363 1052 1484 1130 plurimi
1507 1049 1547 1109 de

298 1138 385 1199 rebus
410 1142 518 1199 nostris
541 1142 651 1217 optime
674 1141 844 1199 sentientes.
868 1138 1008 1218 Krouiae
1031 1159 1120 1197 unum
1143 1148 1236 1197 totum
1259 1140 1470 1197 monasterium
1501 1147 1549 1195 est

296 1228 452 1297 unitorum,
475 1228 526 1305 qui
548 1224 728 1284 dexterrime
750 1228 848 1285 sciunt
870 1224 989 1284 eludere
1004 1225 1127 1284 technas
1143 1224 1296 1292 huiatium,
1318 1226 1429 1304 passim
1444 1238 1548 1282 tamen

297 1313 335 1372 ab
356 1311 508 1373 huiatibus
530 1327 674 1371 vocantur
696 1312 857 1385 haeretici,
881 1314 952 1371 item
976 1333 1035 1371 non
1051 1312 1150 1391 procul
1174 1332 1192 1370 a
1214 1312 1335 1371 Moscua
1356 1311 1427 1371 urbe
1451 1322 1548 1369 totum

297 1402 506 1460 monasterium
537 1401 660 1466 unitum,
694 1401 742 1457 cui
772 1414 889 1478 praeest
912 1396 1152 1469 archimandrita,
1188 1400 1232 1456 vir
1255 1400 1492 1478 sapientissimus
1515 1410 1548 1455 et

298 1497 419 1547 sanctae
450 1488 538 1559 vitae,
573 1488 622 1565 qui
652 1506 768 1564 semper
790 1496 895 1545 evocat
918 1485 1092 1545 candidatos
1115 1486 1227 1545 occulte
1251 1506 1288 1543 ex
1312 1486 1444 1545 Polonia.
1482 1486 1547 1543 Scit

297 1594 351 1633 sna
372 1573 529 1652 prudentia
551 1575 651 1631 omnia
673 1572 835 1631 bellissime
850 1572 1015 1652 disponere,
1038 1572 1075 1631 de
1099 1573 1177 1631 facte
1193 1594 1294 1631 omues
1311 1572 1401 1631 habet
1416 1571 1548 1630 Polcnos

298 1662 330 1719 in
352 1680 404 1719 suo
426 1662 613 1724 monasterio,
636 1659 689 1718 sed
711 1659 787 1719 bene
810 1660 995 1719 ruthenicam
1018 1660 1168 1727 callentes,
1193 1662 1242 1738 qui
1262 1670 1466 1738 supponuntur
1481 1678 1547 1717 esse

298 1747 429 1807 Rutheni
459 1746 496 1805 ab
529 1747 596 1805 aliis
620 1793 626 1804 .
650 1796 656 1809 .
680 1794 686 1807 .
719 1745 794 1805 Sunt
824 1748 944 1825 plurimi
967 1748 1027 1817 alii,
1061 1768 1133 1825 quos
1156 1746 1234 1805 solus
1257 1762 1352 1805 metus
1376 1745 1413 1804 ab
1437 1748 1548 1803 unione

298 1834 444 1893 deterret“
471 1833 549 1913 (pag.
574 1832 659 1909 234).
694 1832 800 1906 ,Certe
824 1834 964 1913 lacrymis
987 1832 1209 1913 deplorandum,
1241 1832 1318 1911 quod
1341 1833 1466 1912 populus
1489 1833 1549 1889 ista

185 1984 196 1991 ἡ
299 1921 377 1980 fame
401 1920 498 1999 quoad
522 1922 653 1979 animam
677 1923 773 1999 perire
795 1918 911 1990 debeat,
940 1941 999 1980 non
1023 1922 1101 1979 euim
1125 1920 1249 1979 audiunt
1272 1922 1430 1979 conciones
1452 1919 1547 1989 nllas;

298 2008 355 2066 hoc
386 2008 420 2065 fit
442 2008 556 2077 saltem,
590 2019 621 2065 ut
644 2008 745 2084 legant
768 2018 834 2085 post
856 2007 1046 2067 decantatum
1069 2008 1258 2085 evangelium
1282 2028 1319 2065 ex
1342 2005 1471 2073 ambone
1493 2005 1547 2063 ho-

298 2095 396 2152 milias
419 2115 441 2151 s.
466 2093 670 2171 Chrysostomi
693 2094 865 2155 slavonice:
890 2094 949 2165 sed,
974 2094 1049 2153 bone
1065 2094 1155 2163 Deus,
1178 2094 1303 2172 populus
1322 2108 1438 2172 praeter
1455 2092 1547 2149 rerba

299 2199 461 2257 sonumque
496 2180 539 2238 nil
573 2180 722 2258 iutelligit.
754 2181 861 2239 Melius
892 2182 924 2239 fit
952 2184 982 2239 in
1013 2181 1140 2241 ecclesia
1169 2180 1341 2242 cathedrali.
1377 2180 1428 2238 uhi
1460 2198 1549 2257 super

299 2265 452 2345 quodlibet
472 2266 660 2344 evangelium
683 2268 820 2343 leguntur
830 2268 972 2327 homiliae
996 2268 1121 2347 simplici
1139 2279 1168 2326 et
1186 2288 1238 2347 pro
1255 2265 1548 2346 captuaccomodato

300 2352 396 2424 modo,
418 2356 597 2432 compositae
620 2375 639 2412 a
662 2353 788 2431 quodam
812 2356 950 2433 episcopo
973 2355 1122 2414 Lithuano
1142 2357 1225 2413 unito
1241 2357 1313 2413 ritus
1329 2357 1437 2431 graeci.
1463 2352 1547 2411 Unus

300 2440 351 2497 hic
373 2450 436 2498 erat
458 2461 487 2518 p.
508 2440 645 2498 Andreas
669 2441 847 2511 Basilianus,
871 2444 918 2499 vir
940 2444 1047 2501 nostris
1072 2441 1203 2519 partibus
1232 2440 1460 2510 addictissimus,
1495 2440 1544 2517 qni

299 2526 424 2585 multum
447 2529 592 2585 instruere
615 2526 728 2586 solebat
750 2527 868 2605 plebem
892 2550 943 2607 per
965 2529 1172 2587 conciunculas
1197 2550 1272 2597 suas,
1308 2528 1361 2586 sed
1384 2530 1443 2586 iam
1467 2526 1545 2584 diem

299 2612 392 2687 obiit3
416 2613 491 2672 alter
508 2615 564 2672 fnit
579 2614 686 2672 Petrus
701 2613 852 2683 diaconus,
877 2618 926 2693 qui
942 2635 1019 2673 nurse
1037 2618 1068 2674 in
1086 2615 1210 2674 exilium
1227 2618 1332 2673 missus
1356 2629 1420 2689 est3
1443 2616 1546 2672 unicus

301 2710 434 2778 superest
463 2722 515 2779 pro
546 2700 738 2759 concionibus
760 2722 865 2779 capax,
898 2701 1063 2783 Poborsky.
1097 2704 1174 2761 caari
1199 2704 1403 2771 confessarius,
1438 2702 1545 2759 nostris

299 2786 432 2865 partibus
455 2786 616 2845 benevolus
641 2786 736 2849 valde.
771 2789 823 2846 Nil
853 2801 898 2847 est
922 2792 952 2847 in
976 2810 1072 2857 eausa,
1108 2792 1164 2849 uisi
1188 2810 1329 2867 poporum
1353 2788 1543 2866 negligentia,

206 2944 210 2949 ,
302 2871 380 2953 qnod
404 2872 501 2933 nullus
524 2876 696 2933 inveniatur
717 2896 769 2953 pro
792 2875 839 2933 his
863 2875 949 2933 relius
973 2886 1078 2954 aptus;
1113 2875 1239 2934 libros
1263 2886 1374 2933 certo
1398 2874 1546 2933 habent

299 2960 517 3039 plurimos
541 2972 582 3019 et
613 2962 938 3040 pulcherrimos
973 2977 1034 3020 tum
1058 2984 1073 3019 e
1097 2984 1134 3021 ss.
1157 2962 1298 3041 patribus.
1333 2977 1394 3021 tum
1417 2981 1455 3020 ex
1479 2960 1546 3019 aliis

300 3048 459 3106 translatos
483 3048 515 3106 in
539 3048 734 3111 ruthenicum,
757 3046 923 3127 danturque
946 3049 1006 3106 illis
1029 3052 1121 3127 gratis
1139 3048 1249 3127 absque
1267 3051 1369 3129 pretio,
1392 3047 1444 3107 sed
1460 3068 1547 3106 nemo

301 3143 354 3207 est,
377 3136 428 3213 qui
450 3135 549 3213 legere
573 3135 655 3197 velit.
690 3135 771 3193 Hinc
794 3136 847 3194 illa
870 3138 996 3198 miseria.
1020 3157 1107 3215 quam
1132 3139 1188 3215 ipsi
1211 3137 1343 3195 Rutheni
1366 3136 1495 3194 fatentur
1516 3142 1545 3191 et

302 3220 465 3301 deplorant,
500 3231 532 3280 ut
561 3242 656 3300 popae
686 3225 828 3295 nesciant,
862 3226 917 3281 etsi
942 3224 1061 3295 vellent,
1096 3222 1211 3303 plebem
1242 3226 1274 3281 in
1304 3222 1374 3281 fidei
1397 3222 1547 3301 mysteriis

297 3310 451 3368 instruere.
484 3307 575 3367 Plebs
610 3308 805 3367 libentissime
840 3312 995 3369 conciones
1030 3309 1152 3381 audiret,
1187 3322 1216 3369 et
1249 3308 1318 3368 darm
1352 3312 1476 3367 veniunt
1507 3306 1547 3365 ad

299 3395 441 3474 templum
472 3404 614 3467 nostrum,
649 3407 750 3474 aperto
773 3417 830 3467 ore,
866 3398 979 3455 immoti
1003 3398 1178 3467 auscultant,
1209 3398 1279 3455 licet
1301 3398 1345 3455 nil
1368 3396 1545 3473 intelligant

299 3480 413 3541 Audivi
438 3484 530 3561 optari
557 3503 575 3540 a
596 3481 737 3561 pluribus,
760 3493 792 3541 ut
815 3484 916 3541 liceret
941 3484 1025 3543 nobis
1048 3484 1145 3543 dicere
1169 3483 1331 3555 ruthenico,
1355 3482 1407 3542 sed
1429 3480 1467 3541 de
1493 3482 1548 3539 hoc

299 3588 367 3648 apes
390 3570 473 3627 nulla
495 3577 548 3642 est,
571 3568 650 3649 quod
673 3569 759 3629 nobis
782 3568 1002 3629 concedendum
1027 3573 1064 3629 sit
1089 3570 1166 3650 (pa-g.
1191 3571 1275 3631 saal.

405 3752 453 3819 Μ.
468 3752 511 3819 Ν.
531 3752 712 3833 Esaaloc,
739 3757 923 3839 Hsp'snna
947 3776 1088 3825 oenonn
1111 3759 1273 3842 penuria.
1298 3770 1480 3840 (sucturum
1499 3781 1546 3827 rs·

301 3836 428 3908 lidonis
447 3837 671 3907 lundunam.)
689 3841 829 3896 Varsava
843 3843 918 3907 1904,
938 3844 972 3896 48
984 3858 1055 3912 pag.
1069 3872 1102 3881 -
1117 3843 1303 3909 iloucaueuia
1323 3860 1363 3895 su>
1382 3839 1548 3895 counaeuiio

301 3906 450 3977 Hayunsra
468 3925 530 3963 ocu.
550 3925 611 3978 peu.
631 3908 924 3979 (supplementum.)
945 3911 1083 3966 Varsava
1104 3914 1178 3979 1905,
1198 3914 1231 3966 15
1250 3926 1321 3982 pag.

339 4061 345 4074 Ι
372 4060 379 4074 .
407 3993 545 4049 Libellus
571 3995 697 4051 videtur
716 3994 838 4065 spirare
857 3997 993 4067 primum
1013 3998 1158 4053 ardorem
1184 4013 1219 4053 ac
1238 3996 1473 4067 persuasionem
1497 3995 1549 4048 ho·

303 4077 398 4117 mrnrs
418 4063 457 4118 ab
476 4063 660 4119 infidelitate
679 4065 812 4133 reducis,
831 4066 916 4136 quod
936 4072 1018 4122 certe
1037 4068 1169 4137 legentis
1188 4068 1328 4123 animum
1348 4066 1486 4122 delectat
1510 4064 1548 4117 m

300 4132 441 4187 doctriua
460 4148 572 4202 parum
586 4134 713 4190 excellit.
734 4135 793 4191 Hic
806 4136 942 4206 scriptor
961 4138 1041 4191 enim
1056 4136 1194 4207 undique
1214 4138 1343 4207 praebet
1357 4151 1389 4191 sc
1402 4136 1546 4205 ignarum

300 4216 419 4269 eorum,
448 4217 528 4272 quae
547 4202 586 4257 ad
606 4203 834 4260 defendendam
854 4205 1037 4277 religionem
1066 4206 1267 4262 christianam
1288 4207 1327 4261 ab
1346 4204 1413 4259 aliis
1433 4201 1548 4271 scripta

300 4275 383 4327 sunt
419 4271 649 4341 Argumentum
675 4273 751 4342 eius,
780 4290 842 4344 quo
862 4274 961 4331 Deum
988 4290 1058 4331 esse
1087 4276 1291 4345 demonstrat,
1319 4290 1374 4330 nec
1393 4274 1550 4329 clarence

301 4344 369 4395 tuto
382 4354 441 4421 pro
484 4342 577 4422 nitur.
603 4342 741 4398 conatus
755 4345 829 4410 eine,
850 4346 1035 4414 mysterium
1057 4360 1098 4401 ss.
1118 4345 1279 4401 Trinitatis
1299 4343 1430 4414 propius
1445 4341 1547 4397 adnuo

300 4410 396 4490 vendi
416 4424 434 4464 a
475 4415 627 4465 rationem
648 4412 816 4467 humanam
837 4414 943 4477 (Pater
960 4438 986 4462 z
1004 4416 1159 4482 voluntas,
1180 4414 1278 4470 Filius
1296 4437 1323 4461 :
1340 4411 1477 4483 potentia
1493 4424 1548 4464 seu

302 4484 414 4546 virtus,
435 4478 616 4548 Spiritus:
635 4483 745 4560 mens),
765 4482 825 4551 qui,
850 4488 1070 4555 praeterquam
1096 4485 1181 4555 quod
1200 4485 1233 4539 in
1253 4484 1317 4539 Deo
1336 4481 1505 4553 potentiam
1519 4484 1548 4533 ct

302 4562 320 4602 a
339 4548 501 4603 voluntate
520 4553 551 4603 et
574 4550 614 4605 ab
633 4550 789 4607 rutellectu
808 4552 1006 4609 distinctione
1035 4554 1143 4610 saltem
1167 4554 1311 4609 »rationis
1337 4552 1544 4607 ratiocinatus«

302 4633 397 4687 quam
420 4617 595 4673 scholastici
614 4625 734 4687 vocant,
754 4620 931 4677 distinctam
952 4638 1022 4679 esse
1042 4624 1199 4694 supponit,
1224 4624 1309 4679 omni
1329 4622 1448 4677 ratione
1467 4620 1548 4674 thcc-
