3450 5342
905 455 946 464 -
969 426 1031 480 2132
1053 452 1098 467 «-

480 615 634 687 Quaenam
660 613 748 684 igitur
772 609 869 668 merlis
893 611 978 670 nobis
998 611 1176 672 aelhilnsnria
1199 615 1224 670 si
1240 611 1352 691 duplex
1379 614 1437 670 ilia
1458 614 1549 671 elassis
1564 633 1593 668 a·

375 712 591 776 gumentorunt,
614 717 700 776 apuam
726 697 901 764 rettulimus,
923 699 1058 758 efficacia
1080 703 1175 757 earet?

481 801 548 860 hlea
571 799 688 880 quidem
710 805 857 860 sententia
880 802 1029 862 uberiores
1045 805 1154 862 fruetus
1173 804 1301 880 rolliger.
1325 806 1379 882 qui
1394 823 1517 882 perosus
1535 806 1597 859 ratio

376 887 463 946 nibns
488 907 565 946 mere
589 888 770 966 theologicis.
794 903 842 946 aut
867 892 1039 949 iniuriarum
1062 891 1138 960 telis,
1162 892 1284 949 sitam
1312 893 1473 968 utriusque
1490 889 1598 946 attieno

376 975 537 1048 diligenter
559 991 717 1054 comparet.

484 1079 616 1138 liseleeia
639 1093 683 1138 est
706 1081 786 1138 enirn
809 1101 914 1157 eorpus
937 1081 1050 1147 virens,
1080 1101 1184 1160 corpus
1207 1083 1328 1148 Christi,
1360 1103 1398 1140 ae
1424 1101 1496 1139 vera
1516 1080 1597 1138 t'hrist

379 1169 441 1224 vita
465 1168 615 1244 reperitur.
650 1165 698 1222 nhi
731 1169 830 1225 omnia
860 1165 993 1224 membra
1023 1170 1053 1226 in
1082 1169 1224 1226 unitatem
1256 1169 1386 1228 conflata
1421 1171 1530 1226 maiore
1554 1170 1598 1223 nte

378 1251 552 1326 adeletiam
578 1251 689 1310 Christi
713 1251 897 1312 dilatandam
921 1251 1104 1313 allaborans.

489 1357 621 1414 licelesia
643 1369 685 1414 est
710 1358 816 1414 civitas
853 1377 936 1418 una.
968 1361 1085 1416 unicum
1116 1381 1283 1436 rognum,
1306 1361 1399 1417 unica
1423 1359 1534 1416 domus
1555 1357 1599 1413 lior

378 1453 492 1502 tanturn
511 1445 540 1501 in
559 1443 682 1500 ecelesia
699 1443 992 1504 itomanaoatholica
1010 1459 1204 1505 seruatum
1232 1445 1377 1506 ridemus.
1405 1447 1492 1504 Haec
1505 1443 1600 1502 ecelesia

378 1530 488 1588 limites
526 1533 676 1588 stationum
712 1533 824 1588 erescit:
858 1533 922 1590 eius
956 1531 1089 1591 membra
1121 1536 1202 1592 cives
1240 1535 1367 1593 Romani
1410 1532 1521 1610 ubique
1546 1547 1600 1588 sunt

380 1617 477 1674 litiam
502 1619 578 1674 inter
600 1631 711 1692 gentes„
739 1639 814 1696 spirae
838 1617 914 1675 odiis
938 1619 1137 1680 nationalibus
1159 1619 1342 1685 dividuntur,
1373 1619 1505 1678 habetur
1525 1619 1601 1675 irater·

378 1705 455 1761 nitas
479 1704 639 1782 spiritualis
664 1707 692 1761 in
715 1703 848 1766 eeelesia.
888 1705 925 1762 11
949 1706 1112 1766 eatholieus
1135 1707 1271 1766 sacerdos
1295 1707 1375 1786 apud
1399 1727 1505 1765 omnes
1525 1703 1599 1762 estis*

378 1790 448 1848 lieos
480 1790 608 1868 populos,
642 1793 730 1848 etiam
764 1789 840 1868 apud
874 1791 972 1850 hostes
1003 1796 1125 1871 patriae,
1159 1797 1295 1872 ‹puamris
1325 1794 1480 1853 interdum
1511 1794 1559 1849 ritu
1580 1806 1599 1844 et

377 1877 479 1952 lingua
501 1876 643 1941 diversus.
667 1897 750 1936 saera
774 1878 872 1936 officia
894 1881 1038 1957 persolvo.
1063 1881 1098 1938 ln
1121 1881 1255 1940 Romans
1282 1896 1398 1940 tantum
1424 1879 1546 1939 ecclesia
1563 1877 1599 1934 hr-

375 1963 462 2022 betnr
484 1977 579 2027 netu,
609 1977 640 2022 ut
664 1967 745 2022 aiunt
778 1964 954 2044 philosophi.
988 1967 1114 2026 eeclesia
1144 1969 1329 2027 universalis.
1377 1969 1463 2026 lesus
1492 1965 1600 2024 Christus

378 2051 470 2109 nstituit
501 2051 626 2128 plurima
658 2073 748 2126 regna
779 2051 877 2110 ‹lirisa
907 2053 1054 2112 condere:
1086 2075 1174 2112 annm
1198 2065 1312 2114 tantum
1336 2075 1464 2131 regnum
1496 2055 1551 2110 eins
1568 2067 1598 2105 est

376 2153 527 2196 aeternum
560 2159 640 2216 opus.
686 2139 880 2216 lieperiturne
912 2141 1077 2200 huiusmodi
1102 2144 1200 2200 unitas
1229 2143 1409 2200 universalis
1440 2145 1472 2198 in
1500 2139 1597 2198 eeclesia

377 2225 556 2282 orthodoxa?
580 2224 823 2284 ...liabetnrne
846 2247 935 2284 unum
958 2243 1072 2286 tanturn
1102 2249 1223 2306 regnum
1247 2231 1277 2288 in
1297 2231 1360 2288 eius
1383 2229 1598 2306 cotrtprsa'ittrl'.⁸

377 2311 442 2368 lloe
467 2323 534 2370 ante
558 2333 659 2370 omnes
682 2311 863 2390 theologicas
887 2317 1103 2372 controversias
1127 2314 1199 2374 mihi
1223 2318 1409 2374 innotescere
1434 2312 1526 2373 debet.
1556 2311 1596 2366 iit·

377 2399 467 2456 elesia
491 2419 549 2456 non
573 2411 615 2456 est
641 2403 824 2473 organismos
856 2402 1049 2478 particularis,
1084 2400 1134 2460 seri
1158 2416 1203 2460 est
1225 2405 1412 2480 organiemns
1437 2398 1596 2459 universali<

376 2488 425 2562 qai
450 2506 550 2542 omnes
576 2485 695 2564 populos
721 2499 750 2544 at
774 2486 907 2545 membra
928 2508 982 2545 sna
1004 2489 1263 2548 indiscriminatim
1286 2493 1431 2562 agnoseit.
1465 2487 1594 2544 Haterio

378 2571 454 2629 hisne
478 2572 676 2630 elsaraeterom
708 2572 850 2630 eeclesiae
878 2573 1076 2634 orthodoxae?
1121 2577 1295 2654 Complures
1318 2580 1377 2634 iam
1402 2595 1497 2634 annos
1518 2569 1595 2629 sedulo

377 2658 473 2716 studui
499 2657 709 2717 recentioribus
736 2659 882 2734 theologis
912 2661 1084 2722 orthodoxis
1112 2662 1282 2742 nussamque
1311 2663 1389 2741 apud
1421 2683 1473 2720 eos
1503 2678 1594 2735 respen-

376 2749 487 2804 siooem
512 2748 623 2807 inveni.
647 2767 721 2824 (puae
746 2747 818 2804 mihi
843 2747 1034 2807 satisfaceret.
1058 2750 1169 2808 Multae
1189 2751 1434 2809 circumferuntur
1457 2746 1594 2806 sententiae

375 2833 412 2889 tle
437 2846 540 2890 natura
556 2834 698 2892 eeclesiae
714 2837 836 2911 eiusque.
851 2837 1072 2896 constitutione:
1095 2836 1215 2915 quidam
1232 2840 1263 2896 in
1283 2837 1451 2896 hierarchia
1467 2833 1594 2914 praecipue

378 2921 537 2975 eonsistere
562 2941 626 2978 eam
652 2923 754 2980 aiunt:
779 2921 898 2998 (putidam
923 2923 1063 2980 laieorum
1091 2925 1154 2982 iura
1177 2923 1340 2982 defendant
1362 2927 1485 3001 eiusque
1507 2933 1594 2998 partin

377 3008 505 3064 aetirant
530 3009 560 3064 in
586 3007 714 3084 regentia
737 3008 862 3066 ecelesia
886 3009 1060 3070 vintlieant:
1083 3010 1317 3088 quidamdolent
1339 3015 1439 3081 etiarn,
1463 3022 1493 3066 ut
1514 3018 1594 3064 mette

376 3093 467 3171 polita
491 3093 709 3172 Potropolensis
735 3093 923 3157 h'ladimirus.
959 3098 1109 3156 liossioam
1133 3099 1287 3157 eeclesiam
1318 3120 1377 3156 non
1409 3097 1531 3174 amplius
1549 3091 1593 3147 esi·

376 3193 464 3240 steri:
488 3183 651 3240 aliirmntur
674 3183 813 3241 eeclesias
837 3195 1009 3242 autonomas
1026 3184 1143 3243 vinonio
1158 3186 1290 3244 caritatis
1305 3187 1384 3243 inter
1398 3205 1431 3242 se
1448 3183 1594 3241 eosleseere.

376 3281 403 3324 et
428 3270 549 3325 earitate
573 3267 609 3325 ad
635 3269 776 3328 unitatem
802 3269 906 3346 redigi.
932 3271 1075 3329 llodierui
1098 3284 1198 3330 tamen
1222 3271 1375 3330 conflictos
1390 3269 1590 3328 interstruere·

377 3355 527 3430 lhilgaros,
561 3355 668 3414 Serlros
707 3371 761 3414 ete.
785 3357 956 3428 tisrm'eutum
991 3379 1054 3416 esse
1085 3370 1230 3417 testantur
1260 3357 1426 3416 huiusmodi
1458 3358 1592 3414 raritatem.

375 3441 465 3498 l’lnra
490 3441 634 3500 hahentur
658 3464 748 3514 resena
771 3445 847 3500 inter
871 3465 902 3500 se
925 3443 1030 3507 «livien.
1053 3465 1111 3502 non
1135 3465 1224 3504 unum
1245 3447 1359 3504 tanturn
1382 3464 1511 3517 regiano.
1534 3433 1590 3516 quoti

374 3527 485 3585 tristiam
512 3529 624 3600 legibus
656 3541 746 3587 totttnt
772 3533 801 3586 in
825 3529 924 3587 orbem
948 3541 1090 3590 terrarum
1118 3553 1149 3590 se
1171 3531 1322 3591 extendat.
1368 3532 1466 3589 hleum
1490 3549 1540 3586 non
1557 3539 1588 3579 est

374 3636 477 3673 causas
501 3619 656 3694 ineptit-ere,
679 3615 785 3694 quibus
810 3617 863 3676 hoo
887 3620 1004 3676 turicum
1029 3639 1150 3694 regnum
1175 3618 1375 3676 saevientibus
1398 3617 1528 3695 procellis
1546 3630 1590 3668 rer·

374 3717 471 3762 vritur:
497 3706 605 3761 laetum
628 3716 741 3762 tantum
767 3707 865 3767 innuo,
890 3703 966 3781 quod
990 3704 1165 3762 catholicam
1182 3705 1336 3764 ecelesiam
1359 3726 1377 3762 a
1400 3707 1504 3762 ceteris
1517 3702 1589 3758 ontu-

374 3789 482 3847 talibus
506 3791 637 3848 ecelesiis
660 3791 800 3848 discernit
825 3795 946 3868 sitisque
969 3795 1232 3868 praeeminentiam
1255 3794 1414 3850 constituit.

486 3895 618 3951 Alterum
643 3908 739 3952 antem
758 3898 899 3952 motivum
924 3897 954 3952 in
975 3897 1119 3973 polemioa
1137 3895 1422 3955 latino-orthodoxa
1437 3895 1517 3954 nobis
1529 3908 1589 3968 prb*

375 3993 433 4038 stat
458 3982 642 4038 uniformitas
666 3981 816 4040 doetrinae
840 4003 874 4040 aa
897 3985 1052 4056 regiminis
1075 3985 1106 4041 in
1128 3983 1255 4042 eeclesia
1279 3985 1419 4042 Romana
1455 3982 1519 4042 Una
1537 3973 1590 4032 fidit

375 4081 403 4126 et
430 4087 517 4124 unrnn
542 4066 697 4144 baptisma.
728 4069 765 4125 tlt
789 4067 843 4126 sub
867 4071 986 4127 trermine
1010 4068 1079 4128 fidei
1102 4073 1202 4128 omnia
1223 4069 1587 4148 comprehendentesque

376 4154 413 4212 sti
438 4153 524 4211 tidem
550 4165 628 4211 reete
660 4155 912 4233 interpretantium
934 4159 1091 4234 pertinent.
1138 4158 1315 4216 Praesertim
1339 4160 1370 4215 in
1393 4156 1495 4214 ordine
1514 4167 1588 4226 suptr-

373 4241 500 4300 natarsli
534 4243 662 4298 intonans
693 4263 776 4300 mens
807 4246 907 4320 nequit
931 4245 995 4300 sine
1020 4247 1163 4322 principio
1187 4247 1370 4302 auctoritatis
1401 4236 1586 4300 controversie

372 4329 519 4397 dirimere,
544 4349 577 4386 ne
601 4330 845 4406 tranquillitatem
880 4351 955 4407 «puae
978 4352 1014 4387 ex
1039 4330 1214 4389 certitudine
1237 4333 1336 4399 oritur,
1359 4333 1419 4388 suis
1443 4327 1538 4388 mediis
1555 4338 1588 4376 tt*

372 4411 498 4493 'quire-re.
536 4417 568 4474 ln
592 4416 719 4474 eeclesia
745 4417 877 4474 liornana
900 4417 955 4474 hoo
978 4417 1102 4475 habetur
1125 4419 1300 4495 principium
1324 4402 1585 4488 auctoritatisque

374 4502 519 4562 bellantes
537 4504 640 4581 [ristona
658 4503 859 4576 theologorum
876 4504 995 4580 proeliis
1011 4506 1099 4561 tinem
1117 4506 1248 4582 inspersit,
1264 4503 1469 4562 dubitantibus
1482 4501 1585 4560 semitam

374 4601 525 4663 monstrat,
549 4589 678 4668 quidone
702 4589 739 4647 ab
762 4589 899 4649 omnibus
923 4593 960 4648 sit
984 4589 1162 4650 eredendum
1186 4602 1286 4668 aperte
1312 4593 1454 4670 proponit.
1487 4588 1582 4648 ltine

375 4679 516 4756 reperitur
539 4677 614 4755 repsisti
640 4677 798 4734 orientales
822 4678 962 4734 eeclesias
987 4678 1040 4734 hot·
1063 4679 1248 4756 principium,
1271 4699 1329 4756 quo
1351 4677 1474 4750 sublato,
1495 4689 1521 4734 ut
1539 4687 1586 4727 orn·
