3450 5342
716 449 911 505 -253-

291 639 440 715 Septimus
463 637 586 695 exhibet
616 637 747 695 eruditas
770 640 1015 714 investigationes
1039 640 1075 699 A,
1099 638 1135 693 (1.
1166 636 1436 709 Zabororsltii

187 721 286 800 quoad
308 722 538 803 dependentium
561 724 675 783 Korani
710 746 728 782 a
750 724 809 781 fide
831 724 994 782 christiana
1027 726 1058 781 in
1082 734 1242 803 systemate
1270 724 1438 801 theologico

187 829 222 867 ac
245 811 359 873 morali.
381 811 461 869 Huic
484 814 562 870 inest
583 814 664 889 operi
687 812 790 869 titulus
813 831 952 889 sequens:
977 808 1106 872 hibreas
1129 810 1319 893 Ausopaaa,
1341 830 1438 871 saltn-

186 914 409 959 craoaarrasra
432 918 496 959 rina
518 896 781 981 xpneriarrcraa:
815 898 986 975 adiungitur
1009 896 1139 957 delectus
1165 897 1294 956 locorum
1318 896 1436 967 Corani,

186 981 294 1061 quibas
326 983 399 1042 fides
433 985 595 1043 christiana
628 985 788 1049 extollitur.
821 996 853 1043 ut
878 984 994 1043 facilius
1027 983 1066 1042 ad
1099 1004 1164 1043 eam
1199 983 1447 1063 amplectendam·

186 1069 342 1129 trahantur
364 1071 586 1131 muhamedani:
610 1070 704 1131 Locos
727 1072 846 1149 collegit
871 1072 893 1129 1.
913 1073 1104 1129 Fortunatus.
1127 1072 1165 1139 ln¹
1186 1070 1288 1129 eodem
1312 1074 1437 1129 vertitur

185 1158 298 1214 rassice
320 1167 408 1235 caput
430 1159 466 1217 V.
489 1161 586 1237 operis
609 1159 748 1217 Arnoldi:
782 1159 910 1229 lslam,
942 1160 994 1215 its
1018 1158 1184 1237 history,
1216 1158 1436 1217 Character

186 1242 262 1301 and
286 1244 460 1303 relation
483 1256 520 1303 to
543 1246 829 1325 Christianity.
853 1245 1436 1315 Londini,18il.—lmcomrolumeu

185 1332 305 1406 aspexit
327 1351 406 1389 anno
430 1336 522 1389 1815.

290 1416 432 1476 Continet
455 1431 575 1477 octavus
598 1420 779 1497 praeclarum
803 1418 923 1497 quidem
946 1438 1018 1496 opus
1041 1417 1205 1497 presbyteri
1230 1419 1266 1477 Α.
1280 1418 1303 1475 I.
1328 1420 1435 1476 dret-

187 1501 316 1568 lakov,
340 1505 386 1562 lle
408 1504 533 1564 historia
546 1506 681 1563 ludaismi
706 1508 737 1563 in
754 1505 868 1565 Arabia
881 1505 975 1585 deque
1000 1506 1062 1563 eius
1078 1506 1192 1564 inllusu
1215 1504 1435 1563 informatione

185 1587 340 1649 doctrinae
362 1595 523 1661 coranieae,
547 1614 633 1671 quem
657 1595 713 1650 riri
737 1595 916 1670 peritissimi,
940 1601 972 1651 nt
991 1592 1134 1658 Noldeke,
1158 1594 1320 1651 maximum
1344 1592 1434 1649 fuisse

185 1688 321 1735 censent:
355 1676 508 1762 licropia
533 1678 690 1764 iygeircea
725 1700 768 1739 aa
791 1678 916 1763 Apaoirr
951 1700 972 1739 11
1000 1677 1131 1739 asiarrie
1162 1698 1218 1739 ero
1252 1698 1294 1737 rra
1316 1676 1436 1762 puerile

185 1759 333 1845 lioparra.
356 1766 482 1834 Kazani,
506 1770 597 1825 1875.
622 1766 687 1824 Hac
711 1765 767 1824 sihi
791 1770 895 1826 meruit
918 1779 1019 1825 auctor
1041 1766 1171 1844 diploma
1195 1766 1327 1839 magistri
1351 1764 1434 1823 theo-

185 1849 284 1927 logiae
306 1852 339 1909 ia
361 1852 514 1911 academia
536 1854 707 1911 Kazaaensi
739 1852 941 1932 (Ternovskij,
964 1852 983 1909 l.
1006 1872 1038 1923 c,
1062 1874 1089 1930 p.
1115 1852 1166 1929 77)
1195 1866 1224 1909 et
1247 1872 1324 1909 anno
1351 1854 1434 1909 1885

184 1939 341 2017 episcopus
364 1950 550 1999 consecratus
572 1952 616 1998 est
641 1940 778 2015 Mojaisk,
816 1942 944 1998 vicarius
968 1940 1154 2017 Musquensis
1177 1938 1341 2016 eparchiae.
1386 1938 1435 1995 De

184 2024 301 2083 influxu
323 2025 459 2084 ludaismi
478 2030 509 2085 in
533 2028 704 2103 religroaem
721 2030 886 2085 coranicam
909 2026 1048 2085 disseruit
1063 2028 1152 2088 etiam
1177 2028 1207 2083 in
1224 2026 1311 2083 Prar.
1325 2022 1436 2091 Sohes,

188 2112 281 2180 1881,
304 2122 325 2169 t.
347 2112 403 2173 111.

289 2199 446 2277 Reperitar
458 2203 488 2258 in
513 2219 590 2259 nono
605 2213 745 2259 tractatus
768 2200 929 2278 polemicns
942 2201 974 2260 P.
999 2201 1112 2269 llacv,
1136 2201 1182 2257 cni
1198 2199 1311 2257 titulus:
1335 2199 1431 2257 Notae

183 2285 321 2342 veritatis
348 2286 560 2345 christianismi
591 2287 748 2345 orthodoxi
782 2300 810 2344 et
844 2288 984 2345 falsitatis
1017 2286 1303 2345 muhamedanismi:
1342 2282 1434 2366 Hpu-

183 2382 290 2430 artasii
312 2390 528 2433 iteritaaoerrt
559 2393 828 2457 ripaaoeuaurraro
850 2372 1092 2457 xptrc'riurre'rna
1128 2392 1148 2433 ιι
1172 2390 1351 2433 nuutaoe'ru
1377 2392 1433 2457 ny·
1482 2382 1485 2389 ‘

183 2474 447 2531 xarusre,1attc'rsa.
471 2462 597 2524 Kazani,
624 2466 715 2522 1⁸15.
748 2463 939 2521 Demonstrat
962 2464 992 2519 in
1016 2462 1110 2539 prima
1134 2463 1263 2517 sectione
1287 2458 1431 2537 quaenam

183 2545 246 2600 sint
269 2554 355 2603 notae
374 2555 436 2605 tum
461 2549 594 2606 internae
616 2559 677 2606 tum
701 2560 842 2607 externae
857 2568 945 2607 verae
969 2548 1120 2624 religionis
1144 2546 1300 2615 revelatae,
1324 2566 1433 2623 easque
1514 2554 1518 2563 ’

182 2629 253 2687 lidei
289 2642 405 2691 nostrae
437 2636 555 2712 propria
588 2654 652 2693 esse
685 2645 803 2702 tutatur,
837 2637 982 2694 corauicis
1016 2656 1085 2693 rero
1119 2632 1262 2693 doctrinis
1296 2630 1432 2709 denegat.

185 2715 276 2775 Caret
298 2727 398 2778 tamen
421 2741 493 2797 opus
516 2723 546 2778 vi
570 2722 737 2799 theologica
759 2735 788 2781 et
812 2724 915 2781 critica
938 2720 1084 2780 methodo.

289 2804 430 2865 Decimus
452 2817 547 2865 tomus
578 2810 687 2887 optime
714 2809 832 2867 disserit
855 2808 892 2867 de
916 2808 1199 2867 Matrimonia
1223 2805 1432 2863 Muhame-

182 2888 396 2951 danorum
428 2898 763 2973 comparatione
786 2898 1008 2955 instituta
1036 2914 1123 2952 cum
1147 2892 1433 2951 matrimonio

182 2976 451 3053 christiano,
474 2980 609 3060 deque
632 2985 722 3041 eius
745 2982 929 3041 influxu
951 2984 993 3040 in
1018 2983 1150 3039 vitam
1174 2979 1431 3037 domesticam

182 3082 199 3120 e
212 3074 225 3120 t
249 3066 419 3125 sociale
432 3088 461 3125 m
485 3068 534 3127 ho
548 3064 598 3127 mi
613 3091 632 3127 ιι
644 3072 654 3126 1
667 3091 693 3129 s:
716 3066 1028 3155 Myxaanegartcair't
1051 3068 1159 3150 alnum
1183 3085 1226 3125 aa
1249 3062 1430 3147 alterationis

183 3169 230 3210 er>
243 3152 522 3235 xpncriarresuna
545 3156 706 3238 opertoria,
729 3176 772 3217 nu,
796 3154 987 3217 o'rrromeuirr
1011 3174 1082 3215 uxr,
1107 3151 1243 3213 arianis
1259 3172 1300 3211 rra
1315 3151 1432 3212 eesreii-

184 3256 258 3321 syro
289 3258 311 3299 a
334 3239 599 3327 comecraeunyro
623 3262 738 3303 athana
762 3246 941 3324 uaroahrm,
970 3242 1095 3311 Kamai,
1130 3242 1220 3297 1876.
1265 3238 1432 3295 Praeclaris

183 3328 366 3400 argumentis
395 3328 500 3405 prohat
532 3328 718 3388 doctissimus
749 3339 850 3388 auctor
879 3329 1044 3387 islamicum
1068 3328 1285 3383 matrimonium
1318 3344 1429 3383 meram

184 3430 250 3469 esse
279 3418 507 3473 conventionem
529 3415 657 3486 civilem,
692 3436 767 3495 quae
791 3416 872 3474 nulla
904 3416 1021 3473 fulcitur
1044 3414 1182 3489 religiosa
1201 3413 1360 3479 sanctione,
1396 3430 1429 3467 ac

183 3498 315 3558 mulieris
345 3500 544 3561 conditionem
567 3504 762 3561 miserrimam
789 3502 895 3563 reddit.
941 3500 1070 3559 llichael
1102 3497 1323 3557 Alexandroiih
1354 3496 1386 3553 M
1399 3514 1429 3553 a·

181 3583 334 3657 banos,
368 3599 454 3647 uatus
478 3591 508 3646 in
538 3592 691 3668 provincia
712 3589 854 3658 Tobolsk,
885 3592 1019 3647 meritam
1043 3587 1100 3645 sihi
1132 3586 1239 3643 lamam
1270 3584 1428 3661 acquisivit

181 3691 236 3749 pro
258 3673 420 3732 innumeris
443 3678 475 3735 iu
491 3677 586 3735 lucem
610 3676 699 3735 editis
722 3679 846 3755 scriptis,
870 3696 944 3755 quae
967 3676 1130 3734 islamicum
1154 3672 1244 3730 fidem
1259 3672 1429 3749 respiciunt.

183 3759 274 3817 Anno
301 3762 381 3819 1885
406 3762 536 3841 diploma
559 3766 693 3839 magistri
717 3763 852 3833 obtinuit,
881 3784 945 3821 cnm
970 3764 1050 3842 typis
1074 3761 1224 3837 vulgasset
1248 3758 1304 3815 Ilo
1333 3758 1430 3815 vita

184 3845 373 3905 Arabum
404 3859 596 3929 tempore
620 3850 876 3909 Mnhamedi.
907 3850 944 3908 Ιιι
967 3850 1198 3927 praesentiarum
1219 3846 1364 3924 professor
1382 3856 1427 3902 est

182 3933 215 3993 in
237 3932 403 3993 Academia
425 3937 595 4008 kazauensi,
626 3937 768 4017 docetque
791 3938 970 4013 theologiam
993 3935 1169 4013 polemicam
1192 3943 1294 3991 contra
1321 3931 1427 3989 hluha-

183 4018 333 4080 medaaos.
355 4024 550 4083 llccensenda
572 4025 656 4103 plura
679 4024 715 4082 de
735 4034 880 4102 potestate
904 4042 1039 4101 suprema
1062 4024 1092 4079 in
1105 4021 1226 4089 islamo,
1249 4019 1337 4077 l’rav.
1351 4018 1427 4089 nob,

185 4107 280 4181 18783
304 4107 341 4167 de
363 4110 442 4169 cultu
466 4122 631 4170 sauctorum
656 4110 734 4189 apud
754 4110 989 4169 hluhamedauos
1012 4108 1063 4169 ib.:
1087 4107 1123 4165 de
1147 4105 1300 4165 monachis
1323 4105 1429 4163 Muha-

181 4192 324 4268 medanis‚
359 4218 431 4275 quos
455 4198 564 4256 Derris
598 4212 714 4262 vocant.
748 4196 784 4255 de
815 4197 984 4256 conditione
1014 4194 1158 4271 judaismi
1193 4196 1223 4251 in
1259 4190 1430 4269 regionibus

180 4280 467 4343 Muhamedanorum
490 4296 545 4344 etc.

285 4368 332 4427 De
355 4375 479 4431 cacteris
502 4370 702 4431 voluminibus
725 4372 811 4429 huius
834 4370 967 4449 syllegae
991 4369 1050 4427 alia
1073 4371 1138 4426 vice
1162 4386 1291 4443 agemus.

1064 4449 1102 4515 P.
1126 4450 1167 4516 A.
1191 4446 1383 4515 Palmieri.

285 4583 390 4665 Rapa
411 4600 436 4646 ιι
458 4580 605 4662 Passus
628 4590 1007 4661 (tirasonensem,
1028 4604 1055 4643 n.
1076 4588 1108 4655 1,
1129 4588 1179 4651 ιι..
1200 4586 1346 4641 ιιι-ιιι.
1399 4652 1404 4663 ‚

286 4669 333 4720 lla
353 4682 483 4745 nonpocy
497 4682 514 4718 o
527 4664 775 4732 llarpiapmecrs'a
795 4678 835 4713 aa,
855 4657 1031 4714 Poceiiicrtoii
1052 4661 1168 4729 lieprran
1188 4657 1426 4723 (Controversia

180 4736 220 4791 de
236 4735 452 4791 Patriarchatu
466 4750 496 4787 m
512 4733 642 4788 Rossica
655 4730 808 4796 Ecclesia),
827 4728 948 4796 1.-1v.,
968 4745 996 4798 p.
1015 4730 1113 4793 1-163
1133 4730 1167 4781 70
1179 4730 1251 4792 -94;
1272 4725 1425 4779 raa-150:
