3450 5342
687 462 727 469 -
756 431 813 486 107
839 462 877 473 ...

265 610 460 681 Cognitionis
481 611 649 667 sensitivae
663 612 790 668 adducit
807 615 946 683 quinque
967 628 981 669 s
1005 615 1101 669 ecies:
1123 615 1407 685 visum,auditu1n,

156 684 285 747 tactum,
314 680 472 747 olfactum,
507 689 635 751 gustum
664 689 695 737 et
722 681 889 753 distinguit
920 682 950 737 in
983 631 1037 739 iias
1065 685 1241 751 ciiunitione
1271 686 1343 741 tria:
1382 690 1408 743 1.

155 749 319 805 Actionem
338 750 449 805 obiecti
462 750 494 805 in
508 766 662 821 organum
676 752 818 821 corporis
834 758 933 818 (actus
953 752 1126 823 physicus),
1145 756 1178 821 2,
1198 755 1404 811 irritationem

155 820 271 888 organi
283 826 314 874 et
327 820 448 875 cerebri
467 826 567 882 taetus
586 821 834 891 physiologicas)
852 824 879 877 a.
897 822 937 889 id,
957 826 1041 893 quod
1056 824 1203 879 inanima
1218 825 1404 895 producitur

154 891 259 956 (actus
287 889 478 971 psychicus).
515 890 608 945 Falso
632 891 673 945 ab
698 898 820 947 auctore
848 892 1022 957 assumitur,
1052 893 1247 949 consutiones
1275 910 1345 949 esse
1369 893 1401 951 in

155 958 225 1012 sola
244 974 357 1014 amma.
387 960 465 1013 Nam
485 958 675 1016 conscientia
695 966 774 1015 teste
792 961 881 1085 ipsos
900 968 987 1017 actus
1009 962 1116 1017 saltem
1137 963 1312 1033 aliquarum
1335 980 1402 1019 sen·

155 1028 313 1083 sationum
334 1034 446 1093 (tactus
465 1029 579 1084 interni
599 1038 629 1083 et
648 1030 769 1085 externi
788 1046 879 1095 care,
899 1032 1000 1101 inagis
1021 1032 1069 1086 vel
1090 1030 1193 1087 minus
1213 1031 1295 1088 clare
1314 1038 1402 1089 actus

154 1097 291 1153 olfactus
316 1103 346 1152 et
369 1104 495 1168 gustus)
522 1105 670 1153 extensos
695 1099 895 1171 percipimus,
923 1102 1007 1170 quod
1033 1100 1229 1171 impossibile
1254 1110 1346 1166 esset,
1375 1102 1402 1159 si

154 1180 267 1221 eorum
294 1167 469 1223 subiectum
496 1168 562 1222 sola
586 1169 749 1224 inextensa
767 1170 871 1224 anima
890 1176 974 1224 esset
993 1178 1022 1225 et
1042 1186 1103 1225 non
1124 1171 1216 1225 etiam
1237 1178 1402 1227 extensum

153 1251 273 1305 corpus
310 1240 432 1361 (nempe
470 1252 562 1293 suum
600 1238 749 1307 cuiusque
786 1239 973 1294 sensationis
1010 1245 1187 1309 organum).
1232 1242 1308 1297 Cum
1347 1242 1405 1297 liae

157 1307 344 1375 quaestione
372 1312 470 1361 atera
497 1306 650 1375 cohaeret,
681 1322 801 1377 nempe,
834 1308 1051 1363 substantialis
1080 1309 1153 1365 unio
1183 1310 1304 1365 animae
1333 1328 1402 1367 cum

154 1389 291 1445 corpore
316 1376 360 1443 (in
386 1392 480 1431 unam
507 1376 715 1432 substantiam
742 1378 949 1466 completam).
988 1378 1139 1435 Unionem
1165 1380 1244 1435 lianc
1263 1382 1404 1449 exposcit

154 1444 250 1499 etiam
271 1445 412 1500 influxus
432 1446 573 1516 corporis
587 1446 617 1501 in
632 1446 779 1501 animam.
801 1447 870 1502 bon
885 1454 987 1517 potest
1002 1448 1083 1503 enim
1105 1464 1220 1530 eorpus
1240 1458 1401 1505 extensum

154 1514 190 1569 in
216 1514 406 1595 inostensam
437 1515 573 1570 animam
603 1516 736 1571 influere
763 1516 824 1571 nisi
853 1517 973 1571 ratione
1004 1518 1129 1573 unionis
1155 1535 1185 1573 m
1212 1534 1306 1581 unam
1332 1520 1404 1575 sub·

154 1591 315 1639 stantiam.

262 1653 380 1709 Deinde
405 1660 511 1709 censet
535 1661 645 1709 auctor
669 1655 771 1723 prima
795 1654 946 1709 elementa
967 1656 1046 1709 vitae
1067 1656 1232 1726 psyelricae
1251 1672 1321 1713 esse
1340 1674 1402 1714 nim

155 1722 424 1793 repraesentativa
444 1725 616 1805 romyurcnin
645 1743 655 1753 ⁴
681 1724 843 1779 sessiones
868 1748 882 1751 -
908 1725 1055 1794 pnditky),
1081 1726 1230 1794 equibus
1251 1744 1333 1781 noro
1353 1728 1403 1783 ad·

153 1792 224 1846 dito
250 1798 321 1847 actu
351 1792 584 1861 ‹localizationel
615 1794 919 1863 repraesentationes
948 1794 1101 1861 oriuntur,
1135 1810 1197 1849 non
1226 1812 1402 1861 sentiscens

152 1868 253 1928 actus,
272 1862 326 1931 qui
344 1865 480 1918 essentia
499 1878 556 1918 sua
576 1863 638 1917 sint
656 1862 921 1933 repraesentativi,
941 1880 1073 1933 quorum
1095 1880 1206 1935 nempe
1226 1866 1402 1921 essentialis

153 1931 306 2000 perfectio
326 1933 374 1999 sit,
393 1938 509 1987 utnon
529 1932 631 1987 solum
652 1933 823 1987 realitatem
844 1931 979 2003 aliquam
1001 1934 1143 2001 habeant,
1164 1934 1218 1989 sed
1239 1944 1272 1989 ut
1292 1937 1399 1991 eadem

154 2015 215 2055 sua
240 2000 378 2056 realitate
405 2002 560 2057 obiectum
584 2018 601 2057 a
626 2018 659 2056 se
684 2002 866 2057 distinctum
896 2003 957 2069 (vel
984 2004 1064 2058 reale
1090 2003 1138 2057 vel
1164 2004 1326 2073 possibile)
1351 2020 1398 2060 ex·

153 2071 302 2139 primant,
323 2078 567 2141 repraesentent,
586 2078 782 2141 cognoscant.
807 2070 857 2125 Sic
877 2088 933 2141 per
952 2072 1192 2127 localizationem
1215 2074 1397 2129 sensionum

152 2140 285 2263 exlplicat
304 2140 453 2210 originem
474 2142 795 2210 repraesentationum
816 2142 908 2209 spatii
931 2147 960 2197 et
980 2143 1071 2196 etiam
1092 2143 1283 2198 obiectorum
1306 2144 1402 2198 sensi·

151 2209 187 2263 bi
200 2208 264 2264 ium
279 2212 444 2275 lorncceuic
464 2208 625 2281 otuyuuutiit
639 2230 679 2265 aa,
698 2216 784 2265 r'ltit's
805 2228 858 2264 unu
873 2230 1011 2281 aprluna
1032 2230 1166 2265 auctuum
1181 2230 1298 2267 ualuere
1318 2220 1401 2280 'r'lt.1a,

153 2297 212 2332 ll.lll
240 2297 280 2333 li'b
299 2298 445 2335 TOqliabl'b.
474 2298 693 2344 naxoatttttltm
716 2290 775 2335 Bll'l'»
794 2298 870 2333 Hflc'b
890 2300 929 2335 B'lr
950 2286 1180 2351 ltptlt·'rpllllt¹tlt‘lt.
1212 2300 1401 2337 titt-lt›tlatlt¹'rclt

150 2347 369 2410 ‚tosaauaauicii
388 2348 549 2419 otuyutcaiir
569 2394 575 2406 .
595 2394 601 2405 .
621 2395 627 2406 ,
647 2392 652 2405 .
672 2370 764 2405 asora,
784 2368 934 2419 npouece‘u
954 2370 1027 2405 ccxl,
1048 2368 1110 2420 urst)
1132 2352 1401 2421 upanormitanum1⁰1

151 2436 235 2471 flattu
247 2438 286 2471 ss
297 2422 514 2489 omyureninus,
528 2440 544 2473 a
555 2422 859 2483 uc=a=1x.rx›=iaxuuiircn
872 2440 910 2474 aa.
924 2439 1003 2475 unxs
1014 2438 1052 2475 οἰ,
1064 2438 1174 2475 cauato
1186 2439 1293 2475 clauum
1310 2439 1337 2492 p.
1348 2424 1401 2480 25».

263 2488 519 2557 Repraesentatio
539 2497 587 2545 est
606 2489 703 2559 igitur
722 2492 893 2547 secundum
914 2496 1071 2545 auctorem
1093 2498 1180 2545 actus
1206 2492 1399 2561 compositus

150 2573 198 2637 ex.
213 2557 357 2612 sensione
385 2564 415 2613 et
433 2558 643 2615 localizatione
668 2560 824 2617 sensionis
851 2566 881 2615 et
901 2568 1031 2639 vocatur
1049 2560 1248 2629 apperceptio
1275 2564 1401 2632 (rior-opi-

152 2644 264 2681 flTlel'b
284 2644 472 2691 Hauptaac‘tctl
500 2647 798 2699 .tot=·a.'tttoltp01talttloe
825 2646 984 2699 ollitttttuttc
1013 2646 1213 2691 cotutlllt‘ttlltlt·
1233 2650 1270 2683 ‹⁰1›
1300 2650 1401 2687 eodila-

152 2697 247 2751 uiesrs
267 2696 450 2751 nstasasrncir
469 2717 520 2753 cro
540 2718 680 2769 upnuunor
700 2716 754 2753 tutu
775 2718 914 2765 osucsra,
935 2715 963 2767 p.
982 2700 1036 2761 38).

261 2766 347 2822 Haec
366 2768 486 2823 theoria
505 2768 692 2837 cognitionis
712 2770 875 2836 humanae,
904 2784 996 2839 quam
1018 2774 1102 2823 tenet
1121 2776 1230 2823 auctor
1250 2769 1317 2823 siue
1338 2770 1400 2825 suf·

152 2835 277 2890 ficiente
297 2836 417 2891 ratione
435 2838 598 2904 asseritur,
630 2837 727 2893 immo
746 2847 793 2894 est
815 2838 1029 2908 impossibilis.
1068 2836 1265 2893 Conscientia
1292 2846 1400 2895 nostra

151 2905 235 2959 enirn
255 2905 338 2960 illam
359 2906 444 2961 nullo
464 2907 556 2962 modo
577 2908 751 2963 confirmat.
788 2909 884 2979 Signa
903 2906 1091 2975 counitionis
1112 2907 1286 2970 infantium,
1319 2924 1399 2979 cquae

152 2990 213 3044 pro
226 2989 262 3029 ea
274 2975 461 3043 afferuntur,
482 2992 545 3031 non
559 2974 630 3046 plus
645 2978 868 3045 demonstrant,
887 2992 980 3047 quam
1002 2976 1167 3032 infantium
1189 2978 1397 3047 coguitionem

153 3044 246 3099 valde
258 3044 471 3113 imperfectam
485 3062 564 3101 esse.
584 3046 632 3101 Illi
644 3046 725 3101 enim
740 3047 827 3103 initio
840 3062 902 3102 non
917 3046 1105 3115 dignoscunt
1119 3062 1228 3116 corpus
1242 3049 1397 3117 proprium

152 3120 314 3183 tamquam
340 3114 521 3170 distinctum
548 3116 588 3171 ab
613 3116 742 3171 obiectis
768 3117 828 3172 sibi
854 3116 998 3181 externis,
1026 3132 1089 3171 non
1116 3124 1309 3183 erignoscunt
1334 3124 1398 3173 tres

152 3182 366 3238 dimensiones
392 3200 569 3253 corporum,
601 3187 656 3240 sed
682 3192 803 3241 tantum
828 3187 917 3253 (luae,
949 3200 1010 3241 non
1037 3202 1072 3240 eo
1097 3192 1230 3240 noscunt
1256 3194 1398 3241 accurate

152 3252 335 3307 distantiam
361 3268 529 3323 corporum
555 3254 594 3309 ad
618 3255 750 3310 invicem
771 3262 802 3311 et
820 3272 838 3310 a
857 3254 980 3325 seipsis.
1020 3254 1066 3309 Ex
1108 3270 1144 3309 oo
1164 3262 1266 3309 tamen
1287 3256 1397 3310 saltem

153 3338 215 3377 non
237 3321 388 3392 sequitur,
407 3322 544 3379 infantes
563 3325 673 3393 primis
692 3325 814 3380 actibus
834 3324 1056 3394 cognoscitivis
1070 3338 1132 3378 tion
1147 3324 1263 3379 babere
1277 3338 1398 3394 reprae-

154 3393 360 3448 sentationem
381 3391 473 3461 spatii
500 3392 584 3449 iuxta
603 3394 682 3449 duas
711 3395 820 3449 saltem
840 3394 1052 3449 dimensiones
1078 3398 1108 3447 et
1125 3392 1309 3463 qualitatum
1332 3410 1399 3449 sen-

153 3461 302 3516 sibilium.
322 3461 486 3517 Theoriam
507 3464 586 3519 hanc
604 3463 830 3532 impossibilem
851 3480 930 3529 esse,
949 3469 1087 3533 apparet,
1111 3462 1137 3517 si
1156 3462 1398 3531 interrogamus

152 3532 313 3601 quomodo
332 3546 389 3600 per
401 3536 497 3600 aetus,
517 3533 705 3599 (sensionem
721 3538 751 3588 et
764 3532 1025 3599 localizationem),
1045 3532 1099 3603 qui
1114 3548 1215 3615 neque
1228 3531 1397 3599 eutitatire,

152 3616 255 3671 neque
269 3602 533 3671 repraesentative
546 3604 758 3659 extensionem
770 3604 937 3667 continent,
951 3608 1195 3671 repraesentatio
1209 3602 1398 3658 extensionis

152 3671 228 3725 oriri
247 3670 369 3741 possit?
390 3669 459 3725 Hoc
476 3671 558 3725 idem
579 3678 635 3740 est,
654 3672 717 3727 acsi
730 3689 768 3727 ex
787 3672 1003 3743 compluribus
1024 3688 1095 3726 zero
1116 3674 1154 3741 llll
1175 3687 1326 3727 nurnerus
1346 3688 1399 3742 po·

152 3740 268 3795 sitivus
287 3738 363 3794 oriri
382 3739 511 3795 dicatur.

257 3809 519 3865 Scholasticorum
540 3809 800 3879 philosophorum
821 3810 984 3877 theoriam,
1005 3811 1064 3865 iam
1086 3811 1172 3880 ipsos
1192 3810 1398 3865 elementares

149 3886 240 3934 actus
256 3878 339 3934 vitae
351 3879 517 3949 psychicae
530 3894 600 3933 esse
619 3878 904 3949 repraesentativus
924 3879 1297 3935 conscientiaconfirmat.
1317 3880 1393 3935 Nam

149 3954 241 4003 actus
262 3948 371 4004 saltem
392 3948 481 4005 visus
500 3954 531 4003 et
550 3954 651 4004 tactus
671 3949 785 4013 statim,
805 3965 875 4005 cum
896 3948 1012 4005 luerint
1031 3948 1122 4005 eliciti
1144 3949 1273 4019 physica
1294 3966 1396 4003 neces·

150 4018 244 4073 sitate
262 4019 303 4073 ita
322 4018 401 4073 clare
418 4017 600 4087 exprimunt
620 4019 782 4087 qualitates
803 4018 969 4075 sensibiles
989 4026 1133 4073 extensas
1153 4019 1288 4077 teolores
1308 4020 1397 4074 resis-

150 4088 300 4155 tentiam),
315 4095 351 4143 ut
363 4087 536 4143 intellectus
550 4088 656 4143 eadem
673 4088 802 4158 physica
818 4089 1002 4143 necessitate
1018 4094 1181 4143 moveatur
1195 4089 1233 4143 ad
1249 4088 1395 4143 iudicium

150 4158 363 4224 formandum,
382 4156 548 4229 qualitates
566 4158 623 4212 has
642 4158 817 4213 formaliter
834 4164 981 4213 extensas
1001 4160 1073 4225 (nou
1095 4157 1195 4212 solum
1216 4158 1392 4225 causaliter)

149 4242 222 4282 esse
233 4234 318 4282 extra
330 4227 418 4297 ipsos
431 4233 519 4281 actus
533 4242 587 4281 eas
605 4224 769 4294 elicientes,
788 4227 861 4282 item
882 4227 1046 4308 qualitates
1067 4226 1231 4281 sensibiles
1252 4227 1393 4290 (odores,

149 4296 361 4351 resistentiam
381 4303 449 4357 eto.)
479 4296 652 4351 formaliter
671 4296 748 4351 tales
775 4303 865 4351 extra
888 4312 975 4365 ipsos
1003 4302 1091 4351 actus
1111 4296 1253 4359 existere,
1288 4296 1397 4365 quales

150 4365 386 4421 sensationibus
409 4364 634 4436 exprimuntur.
673 4366 764 4429 Quod
789 4367 919 4435 physica
938 4366 1122 4421 necessitate
1141 4364 1185 4431 fit,
1219 4366 1248 4419 id
1268 4367 1308 4420 ab
1328 4366 1397 4435 ipsa

150 4443 265 4491 natura
291 4436 451 4503 (essentia)
471 4434 516 4490 fit.
553 4435 629 4490 Ideo
653 4435 722 4505 ipsa
747 4442 859 4491 natura
879 4435 927 4490 vel
947 4434 1082 4490 essentia
1108 4434 1394 4505 cognoscitirorum

149 4514 278 4561 actuum
304 4505 376 4560 talis
399 4512 456 4571 est,
481 4509 516 4559 ut
540 4503 572 4559 in
598 4520 655 4559 sua
680 4504 819 4560 realitate
843 4504 998 4561 obiectum
1025 4504 1206 4560 distinctum
1233 4504 1293 4561 tvel
1314 4505 1396 4559 reale

150 4574 202 4631 vel
230 4574 392 4644 possibiles
420 4572 664 4629 intentionaliter
691 4574 877 4641 contineant,
907 4574 925 4628 i.
949 4589 966 4629 e
998 4589 1060 4628 non
1091 4574 1192 4630 solum
1223 4574 1394 4629 realitatem

149 4644 284 4714 aliquam
304 4644 447 4711 habeant,
468 4643 523 4699 sed
537 4643 630 4698 simul
644 4643 694 4698 illa
713 4658 770 4698 sua
790 4643 929 4698 realitate
949 4644 1102 4699 obiectum
1124 4659 1141 4699 a
1162 4658 1195 4699 se
1214 4644 1395 4699 distinctum

149 4714 339 4783 exprimant,
358 4719 603 4783 repraesentent,
622 4719 818 4783 cognoscant.
837 4713 953 4767 Natura
972 4728 1033 4768 non
1051 4712 1135 4777 fallit,
1155 4714 1224 4768 ideo
1243 4712 1395 4783 quamdiu
