3450 5342
285 683 389 760 Neque
419 682 592 753 secundum
623 703 691 742 nam
715 683 827 741 Christi
857 682 905 740 lox
932 684 973 742 ita
996 685 1111 761 concipi
1135 681 1268 741 deberet:
1305 693 1426 762 possunt

180 768 300 846 quidem
323 769 426 828 tideles
455 784 622 848 peccatores
652 769 887 848 independenter
910 769 946 826 ab
971 770 1026 826 liae
1058 781 1200 847 potestate
1224 772 1341 848 assequi
1366 769 1426 828 alio

180 855 278 914 medio
309 859 510 914 remissionem
540 867 734 934 peecatorum,
765 877 875 926 verum,
908 857 1046 933 quoniam
1070 857 1124 914 hoc
1156 877 1263 914 rrovum
1295 855 1425 915 modium

180 964 234 1018 ego
257 944 387 1012 institue,
410 943 488 1021 qued
510 953 556 1002 est
577 946 693 1011 certius,
724 943 799 1011 volo,
830 957 861 1002 nt
884 945 934 1022 qui
958 965 992 1000 eo
1016 945 1058 1000 nti
1082 943 1214 1014 voluerit,
1245 944 1308 1002 eius
1332 944 1423 1004 etiarn

180 1031 373 1101 incommode,
408 1033 432 1088 si
456 1051 515 1108 qua
536 1042 612 1100 sunt,
644 1033 780 1108 patiatur.
810 1027 979 1100 etidcirco,
1004 1033 1026 1086 si
1052 1031 1117 1106 quis
1141 1029 1195 1086 hoc
1219 1030 1346 1090 tribunal
1369 1028 1421 1088 ed-

182 1119 269 1173 iverit
300 1138 351 1194 pro
379 1115 541 1175 obtinenda
569 1118 742 1176 remissione
773 1127 966 1195 peccatorum.
998 1137 1113 1174 suorum
1143 1118 1298 1174 criminum
1331 1136 1419 1174 causa

181 1223 240 1261 non
263 1205 321 1261 nisi
357 1206 386 1262 in
410 1204 465 1262 hoe
488 1202 628 1262 tribunali
652 1205 783 1262 liniatur:
814 1206 864 1272 ita,
896 1219 926 1260 ut
951 1225 1008 1262 non
1033 1206 1124 1280 possit
1146 1203 1271 1280 amplius
1295 1206 1335 1262 uti
1361 1204 1419 1260 alio

181 1289 286 1360 medio,
321 1311 378 1368 que
412 1290 647 1369 independenter
680 1310 697 1348 a
728 1300 874 1369 potestate
913 1290 969 1348 hae
1003 1303 1175 1368 assequatur
1209 1293 1419 1352 remissionom.

182 1377 245 1434 lam
264 1397 333 1434 vero
356 1388 470 1435 constat
501 1399 560 1436 nou
587 1380 728 1436 exsistere
752 1376 920 1435 huiusmodi
944 1375 1047 1452 legem,
1071 1397 1145 1454 quae
1170 1379 1213 1441 iis,
1245 1379 1294 1454 qui
1316 1386 1421 1454 sponte

179 1474 300 1522 utuntur
333 1463 430 1522 medio
460 1467 554 1542 posito
588 1467 619 1522 in
643 1465 699 1522 irae
721 1473 874 1541 potestate.
906 1462 1018 1522 adimat
1049 1465 1094 1520 ius
1118 1463 1217 1522 utendi
1242 1463 1301 1522 alio
1324 1463 1422 1522 medio

179 1553 334 1616 communi,
357 1572 414 1628 quo
436 1549 670 1630 independenter
693 1549 730 1608 ab
753 1571 789 1608 ea
810 1560 956 1628 potestate
988 1553 1079 1628 pessit
1103 1548 1181 1607 idern
1204 1550 1323 1608 effectus
1348 1549 1423 1608 obti-

179 1639 252 1698 neri.
286 1636 373 1712 Quod
407 1635 445 1708 al
469 1647 547 1714 patet
571 1659 589 1694 a
611 1637 710 1695 simili.
746 1638 871 1695 Peccata
902 1639 980 1694 eninr
1015 1636 1145 1695 venialia
1172 1647 1266 1716 potest
1291 1637 1364 1714 quis,
1396 1639 1422 1694 si

178 1724 260 1789 velit,
296 1723 428 1783 subicere
458 1723 603 1799 clavibus;
637 1725 689 1782 sed
720 1727 774 1782 etsi
798 1745 897 1782 eorum
931 1723 1074 1782 absolutio
1098 1735 1227 1800 negetur,
1266 1745 1321 1781 non
1355 1721 1421 1780 ideo

178 1809 267 1868 debet
290 1831 325 1868 ea
347 1832 445 1870 rursus
468 1811 599 1869 subicere
632 1831 790 1889 eorumque
812 1812 1014 1868 remissionem
1039 1809 1075 1868 ab
1100 1811 1154 1870 hae
1178 1821 1322 1888 potestate
1345 1809 1421 1868 obti-

180 1919 262 1956 nere:
285 1918 336 1956 eur
359 1898 450 1956 vero?
473 1901 544 1976 quia
566 1901 703 1957 nimirum
717 1918 811 1976 neque
824 1907 912 1956 antea
936 1896 1090 1955 tenebatur
1109 1909 1225 1976 propter
1241 1919 1276 1955 ea
1299 1911 1420 1974 peccata

179 1983 307 2044 tribunal
330 1985 386 2043 hee
409 1984 503 2043 adire:
534 1996 562 2042 ot
585 1982 694 2045 ideirco
717 1987 863 2061 integrum
888 1987 913 2041 ei
938 1996 990 2044 est.
1014 1985 1103 2042 etiam
1126 1995 1279 2062 postquam
1304 1982 1419 2052 adierit,

179 2072 239 2128 alia
261 2091 400 2149 usurpare
423 2071 529 2141 media,
559 2092 595 2128 ea
617 2093 730 2150 nempe,
753 2092 829 2149 quae
852 2073 932 2150 prius
956 2091 1070 2148 quoque
1094 2083 1177 2128 erant
1201 2072 1230 2128 in
1255 2071 1316 2128 eins
1340 2081 1420 2148 potc-

178 2169 263 2216 state
285 2159 408 2235 Exque
422 2159 571 2236 colligitur
586 2179 644 2217 non
661 2160 702 2216 ita
717 2179 780 2216 esse
797 2160 962 2216 institutam
979 2157 1126 2216 aOhriste
1144 2157 1218 2216 hanc
1236 2165 1418 2236 potestatem,

178 2254 217 2313 ut,
241 2263 305 2302 cum
318 2257 489 2322 spontanea,
514 2267 572 2303 nen
594 2244 777 2323 obligatoria,
800 2259 845 2302 est
868 2244 1018 2310 subiectio,
1044 2260 1169 2322 nequeat
1185 2243 1419 2322 independenter

178 2331 216 2389 ab
240 2351 276 2388 ea
297 2341 441 2408 potestate
464 2331 590 2390 obtineri
622 2335 755 2390 remissio
777 2343 962 2410 peccatorum
990 2333 1061 2403 eius,
1091 2334 1140 2409 qui
1165 2351 1195 2388 se
1219 2329 1351 2389 subiecit.
1382 2329 1418 2390 Id

179 2438 293 2495 quoque
318 2413 354 2497 b)
379 2419 526 2495 colligitur
555 2440 592 2476 ex
616 2422 679 2498 ipso
702 2419 761 2477 fine
784 2421 936 2477 institutae
960 2439 977 2474 a
1001 2417 1119 2476 Christo
1147 2419 1233 2476 huius
1257 2419 1419 2496 potestatis.

178 2506 233 2561 Est
256 2507 335 2562 euim
358 2527 375 2564 a
398 2506 517 2564 Christo
540 2507 613 2564 haec
635 2516 764 2584 potestas
786 2508 923 2564 instituta
946 2508 977 2562 in
1001 2505 1106 2562 bonurn
1131 2504 1270 2574 fidelium,
1294 2503 1417 2582 ideoque

179 2594 220 2650 ita
243 2593 385 2657 instituta,
408 2604 440 2650 ut
451 2593 553 2650 fideles
576 2592 992 2652 rationabiliterallicerentur
1015 2591 1050 2650 ad
1075 2594 1138 2648 eius
1161 2611 1253 2650 nsum.
1276 2592 1418 2652 Ratione·

178 2677 279 2738 bilitcr
300 2689 398 2738 autern
429 2680 563 2738 homines
596 2679 766 2738 alliciuntur
797 2679 835 2737 ad
857 2700 942 2738 usum
971 2677 1094 2736 alicuius
1123 2678 1212 2736 medii
1242 2698 1311 2756 prae
1343 2677 1428 2746 aliis,¹

179 2786 243 2823 eum
267 2765 317 2824 vel
339 2769 505 2824 consecutio
527 2768 603 2835 linis,
627 2785 715 2844 quam
739 2767 873 2824 homines
896 2764 1074 2829 desiderant,
1099 2768 1263 2825 necessario
1292 2765 1421 2822 nectitur

178 2872 244 2910 cum
275 2872 329 2910 usu
350 2855 414 2912 eins
436 2853 534 2924 medii,
566 2853 615 2911 vel
637 2853 742 2910 saltem
770 2873 838 2911 usus
861 2855 924 2910 eins
948 2851 1037 2910 medii
1069 2865 1114 2908 est
1136 2855 1230 2928 magis
1263 2851 1420 2910 conformis

180 2937 267 2997 modo
294 2939 420 2998 naturali
450 2950 480 2998 et
501 2941 649 2998 communi
680 2939 786 3016 egendi
814 2939 974 2996 hominum.
1010 2941 1111 3017 Atqui,
1146 2941 1169 2995 si
1195 2939 1330 2996 Christus
1354 2957 1418 2994 earu

180 3026 276 3102 legem
306 3026 463 3104 specialem
493 3027 568 3094 tulit,
599 3025 702 3084 fideles
732 3025 948 3084 rationabiliter
971 3023 1187 3082 deterrerentur
1218 3023 1254 3081 ab
1278 3045 1331 3082 usu
1354 3027 1416 3081 eius

178 3114 340 3190 potestatis.
369 3113 444 3171 Cum
471 3115 550 3172 euim
574 3135 611 3170 ex
633 3133 693 3171 una
723 3123 805 3190 parte
835 3121 947 3170 certum
980 3112 1049 3190 [neu
1073 3113 1152 3170 onim
1182 3124 1258 3169 esset
1290 3109 1419 3182 dubium,

180 3200 204 3256 si
228 3199 363 3258 Christus
391 3200 547 3278 specialem
571 3201 653 3257 illam
676 3199 792 3258 tulisset
813 3198 920 3277 legem]
954 3201 992 3256 sit
1015 3198 1095 3256 alind
1118 3197 1247 3256 medium
1271 3218 1322 3274 pro
1345 3195 1420 3254 obti-

180 3283 279 3344 nenda
300 3289 472 3345 remissione
496 3286 699 3364 independens
722 3284 760 3344 ab
772 3307 807 3344 ea
829 3294 982 3364 potestate,
1005 3298 1087 3344 etex
1104 3285 1163 3342 alia
1186 3293 1267 3362 perte
1291 3288 1322 3358 n)
1347 3283 1420 3340 haee

180 3371 322 3430 subiectio
357 3377 394 3431 sit
425 3396 477 3451 per
504 3395 535 3431 se
565 3374 690 3432 molesta
719 3387 747 3430 et
774 3373 905 3430 difficilis
941 3373 1086 3430 humanae
1122 3383 1250 3432 staturae.
1287 3370 1420 3428 homines

179 3468 275 3519 autem
300 3481 358 3518 non
382 3461 495 3519 soleant
518 3462 654 3538 amplecti
678 3459 807 3518 medium
830 3460 993 3521 molestum,
1028 3463 1051 3516 si
1077 3459 1134 3525 alio
1158 3460 1270 3536 possint
1293 3455 1419 3516 eundem

175 3545 267 3603 tinem
291 3551 442 3624 consequi:
466 3560 493 3604 et
517 3544 623 3626 ffltieri
648 3549 747 3624 pessit.
772 3558 801 3603 ut
813 3549 850 3613 ei,
875 3549 924 3624 qni
948 3567 978 3602 se
1002 3545 1116 3612 subicit,
1141 3559 1262 3620 negetur
1286 3545 1418 3600 remissio

180 3631 216 3689 ab
239 3653 282 3701 eo,
313 3653 398 3711 quern
423 3634 494 3699 adit,
525 3633 648 3712 ideoque
680 3634 793 3690 homiui
820 3635 982 3710 poenitenti
1015 3631 1238 3710 relinquendum
1271 3643 1347 3688 esset
1381 3629 1418 3698 id,

179 3717 256 3796 quod
280 3737 322 3777 est
347 3722 377 3778 in
401 3743 453 3778 sua
476 3732 619 3798 potestate
641 3742 693 3798 pro
716 3741 758 3791 eo,
794 3719 871 3797 (quod
896 3740 952 3777 non
977 3729 1022 3777 est
1044 3717 1184 3796 lornuinc]
1210 3721 1241 3775 in
1264 3737 1315 3774 sna
1339 3729 1418 3793 pote·

178 3816 261 3874 state,
292 3807 369 3883 quod
393 3829 478 3865 nemo
509 3810 539 3864 in
571 3809 612 3864 re¹
629 3808 752 3867 alicuius
782 3809 922 3865 momenti
954 3807 1050 3864 lacere
1082 3806 1163 3876 solet,
1194 3803 1302 3862 ideireo
1334 3824 1419 3861 nemo

179 3892 270 3950 vellet
293 3911 358 3950 cum
382 3895 428 3951 his
444 3894 580 3971 periculis
604 3896 645 3952 uti
659 3893 802 3952 beneficio
815 3894 895 3952 illius
908 3895 1069 3970 potestatis.
1092 3891 1278 3970 Quapropter
1300 3891 1418 3948 ellectus
1450 3893 1455 3904 “

178 3979 259 4037 illins
282 3980 356 4056 legis
372 3993 447 4038 esset
469 3981 617 4038 deterrere
639 4001 747 4050 omnes,
771 4001 808 4038 ne
831 3980 948 4038 adirent
972 3981 1048 4038 lianc
1072 3989 1245 4057 potestatem
1270 3977 1418 4035 aGhristo

179 4067 352 4133 institutam,
375 4067 453 4145 (qued
475 4089 592 4144 prorsus
609 4080 752 4144 repugnat
775 4067 905 4125 eiusdem
929 4068 1169 4124 institutioni-
1194 4063 1228 4144 6)
1245 4062 1419 4124 Ostenditur

179 4174 216 4210 ex
240 4152 357 4212 defectu
379 4155 501 4212 rationis
518 4154 691 4212 sullicicntis
711 4155 796 4211 liuius
819 4154 902 4228 legis,
926 4155 988 4210 sine
1013 4173 1070 4232 qua
1093 4150 1315 4230 supponendum
1339 4149 1419 4208 haud

178 4251 223 4297 est
246 4239 396 4298 Christum
419 4241 547 4299 voluisse
569 4241 625 4298 hac
650 4241 715 4319 lege
737 4240 867 4316 obligare
892 4239 1002 4298 tidcles.
1037 4241 1114 4297 Nam
1138 4242 1210 4296 ratio
1235 4239 1335 4315 nequit
1359 4236 1418 4294 diei

179 4347 214 4383 es
236 4347 308 4397 esse,
332 4327 409 4405 qued
433 4330 498 4406 quis
521 4330 699 4406 peccaverit3
723 4327 795 4385 haec
811 4330 891 4386 enim
914 4329 1075 4385 communis
1092 4337 1134 4383 ost
1159 4324 1293 4383 omnibus
1317 4343 1414 4402 pecca·

178 4413 302 4486 toribus3
325 4435 420 4492 neque
443 4436 485 4486 ea,
514 4415 590 4492 (quod
615 4417 672 4472 iam
697 4435 727 4472 sc
750 4413 919 4476 subiecere:
951 4433 1000 4471 our
1024 4415 1102 4470 enim
1126 4421 1242 4489 propter
1274 4430 1344 4488 opus
1369 4409 1419 4468 bo—

179 4520 248 4558 num
270 4501 435 4578 privabitur
449 4501 600 4569 beneficio,
624 4501 702 4580 qued
718 4502 802 4558 alteri
825 4502 902 4560 nihil
923 4501 981 4558 tale
1004 4500 1104 4576 agenti
1128 4498 1289 4575 competit?
1313 4497 1418 4574 Neque

179 4589 253 4644 ratio
276 4587 336 4645 dici
357 4598 454 4666 potest
476 4589 640 4655 haeresse,
664 4590 734 4666 quie
756 4609 794 4646 sc.
818 4587 949 4646 medium
967 4587 1022 4644 hoo
1046 4583 1224 4644 obtinendae
1248 4583 1418 4641 reconcilia-

177 4675 267 4732 tionis
290 4678 397 4732 certius
411 4690 463 4743 est
487 4696 543 4752 quo
556 4678 606 4753 qui
620 4677 662 4734 uti
674 4675 756 4745 velit,
779 4676 869 4732 etiam
886 4677 948 4732 eius
971 4670 1158 4731 incommoda
1173 4670 1275 4728 subeat
1292 4680 1418 4747 opertet;

179 4780 247 4818 nam
271 4759 342 4839 quid
365 4762 478 4820 confert
501 4763 574 4820 haec
596 4764 689 4820 maior
720 4761 864 4820 certitudo
889 4763 974 4818 lrrrius
997 4759 1087 4816 medii
1112 4758 1163 4822 1111,
1195 4759 1245 4834 qni
1268 4755 1417 4814 absolutus
1458 4821 1461 4827 ¹
