3450 5342
873 363 1066 420 -182—

450 521 496 610 Er
519 551 576 617 his,
605 571 682 629 quae
704 553 763 609 iarn
785 552 922 630 exposita
943 559 1019 622 sunt,
1042 559 1132 629 patet,
1165 552 1312 608 immerito
1337 551 1523 626 Beljaer
1549 550 1602 606 loeo

345 640 436 698 citato
459 639 625 718 scripsisse:
652 636 836 703 „Concilium
858 637 1123 696 anathematisavit
1146 637 1268 716 Papam.
1292 637 1414 696 Unde
1442 636 1561 695 directe
1579 651 1602 692 e

345 725 520 784 naturaliter
542 726 682 802 sequitur,
703 726 988 782 auctoritatem
1010 744 1133 803 papae
1156 743 1230 782 non
1253 743 1343 782 esse
1367 744 1603 802 supremam

344 813 434 870 etiam
458 809 496 869 de
518 831 553 870 eo
575 831 661 889 posse
682 830 748 870 ease
769 809 941 870 iudicium“.
965 811 998 870 Si
1013 813 1092 870 enim
1108 809 1146 869 de
1162 830 1239 892 papa
1260 821 1421 870 mortuo
1449 811 1604 869 concilium

344 897 476 957 iudicare
498 907 602 976 potest,
631 896 761 956 nondum
784 900 924 976 sequitur,
957 917 1042 976 posse
1065 895 1102 955 de
1125 899 1216 955 vivo
1237 895 1385 972 indicare3
1412 899 1444 956 si
1471 896 1514 955 de
1537 918 1606 975 papa

346 987 410 1044 aive
431 987 501 1042 vivo
523 987 588 1042 sive
610 993 724 1042 mortuo
746 986 785 1042 in
807 1003 897 1042 casu
921 984 1105 1044 haeresis
1128 986 1310 1044 notoriae
1332 995 1442 1064 potest
1469 983 1605 1042 iudicare.

347 1070 477 1131 nondum
500 1073 639 1150 sequitur,
661 1090 747 1149 posse
769 1073 859 1130 etiam
883 1081 996 1130 extra
1018 1091 1118 1130 casum
1142 1071 1272 1130 haeresis
1294 1070 1332 1129 de
1356 1073 1429 1150 ipso
1457 1070 1606 1130 indicare:

346 1161 372 1218 si
395 1157 523 1236 denique
546 1157 583 1216 de
599 1177 676 1236 papa
698 1159 762 1216 aive
784 1160 855 1216 rivo
877 1159 941 1216 sire
964 1167 1077 1216 mortuo
1100 1159 1164 1216 sive
1186 1157 1223 1216 de
1246 1157 1364 1216 haeresi
1388 1161 1465 1217 sive
1492 1157 1533 1216 de
1554 1159 1608 1215 alio

347 1264 530 1324 quocumque
545 1243 671 1317 defectu,
685 1264 743 1322 quo
757 1245 902 1304 ecelesiae
917 1246 1025 1316 nocuit,
1048 1264 1085 1302 er
1108 1245 1280 1304 licentia
1302 1245 1439 1304 Romani
1458 1244 1610 1324 pontilicis

345 1332 502 1390 concilium
517 1341 614 1409 potest
634 1329 775 1404 iudicare,
803 1330 934 1390 nondum
958 1334 1097 1410 sequitur,
1130 1341 1161 1390 ut
1188 1332 1344 1390 concilium
1371 1335 1406 1391 in
1433 1333 1608 1392 Romanum

346 1418 514 1496 pontificem
547 1417 709 1496 quidquam
737 1420 830 1496 possit
862 1419 946 1476 sine
980 1417 1111 1476 eiusdem
1134 1418 1261 1477 Romani
1290 1420 1452 1498 pontificia
1479 1421 1609 1478 licentia.

347 1507 447 1582 Atque
469 1505 543 1563 haec
574 1503 613 1563 ad
644 1503 817 1566 solvendam
846 1503 1051 1576 obiectionem‚
1085 1525 1173 1583 quam
1197 1526 1234 1564 ex
1257 1525 1345 1563 cansa
1370 1506 1516 1565 Honorii
1541 1507 1607 1563 facit

347 1591 472 1668 Beljaev
513 1601 615 1650 contra
652 1592 977 1669 superioritatem
1014 1592 1179 1650 Romani
1218 1593 1450 1670 pontificis
1495 1613 1611 1671 snper

346 1677 521 1737 concilia
555 1680 814 1736 oecumenica.
849 1678 898 1736 De
920 1677 1093 1750 obiectione,
1124 1681 1154 1736 in
1178 1691 1321 1756 quantum
1343 1679 1607 1738 infallibilitatem

348 1769 411 1824 eius
434 1765 562 1844 respicit,
585 1767 684 1824 statim
707 1784 803 1824 senno
825 1775 962 1824 recurret.

451 1850 557 1928 Quoad
587 1853 915 1930 superioritatem
940 1852 1100 1910 Romani
1133 1851 1347 1930 pontilicis
1377 1873 1455 1911 vcro
1491 1873 1611 1930 super

347 1939 520 1998 concilia
541 1939 719 2016 gravissima
740 1937 896 1996 sunthaec
912 1937 1003 1996 verba
1026 1937 1265 1996 Colombier:
1293 1937 1400 2014 ,Quod
1423 1939 1608 1999 secundnm.

346 2028 465 2085 tertium
481 2036 511 2083 et
526 2034 661 2103 quartum
677 2025 835 2084 concilium
850 2027 966 2098 attinet,
989 2025 1062 2083 velit
1077 2025 1152 2082 mihi
1168 2025 1341 2084 Gallicanus
1352 2026 1470 2104 aliquis
1496 2026 1606 2087 dicere

347 2111 493 2191 quomodo
515 2112 645 2190 explicet
668 2113 697 2170 in
721 2132 773 2170 suo
796 2121 958 2191 systemate
980 2110 1130 2170 modum
1161 2109 1407 2190 procedendi
1434 2116 1502 2172 ita
1527 2115 1607 2171 nni-

348 2201 505 2258 formem
536 2199 735 2257 Romauorum
765 2199 935 2274 pontificum
959 2209 989 2256 et
1011 2198 1113 2257 harum
1137 2219 1309 2274 magnarum
1332 2198 1536 2278 synodorum,
1570 2198 1605 2256 ad

348 2306 422 2364 quas
443 2287 570 2344 Romani
600 2285 755 2364 pontifices
778 2283 922 2344 scribunt:
947 2289 975 2344 ὃ.
999 2285 1154 2356 Damasus,
1178 2285 1410 2344 accensurus
1433 2296 1468 2345 et
1495 2289 1527 2348 S.
1545 2288 1606 2346 Leo

347 2382 439 2449 agunt
462 2374 548 2451 quasi
570 2372 696 2430 concilia
718 2373 846 2430 invicem
870 2372 1070 2430 contulissent.
1093 2371 1256 2446 Definiunt,
1279 2375 1390 2450 primus
1406 2375 1440 2432 in
1459 2395 1518 2432 suo
1538 2395 1604 2431 con-

347 2461 416 2518 cilio
439 2459 617 2537 particulari,
640 2458 698 2516 duo
721 2458 772 2516 alii
796 2461 827 2516 in
846 2458 979 2536 epistolis
1001 2457 1176 2536 dogmaticis
1199 2470 1340 2538 punctum
1363 2464 1602 2532 controversiae,

347 2549 525 2625 mittuntque
551 2545 716 2604 decisiones
746 2565 813 2604 suas
837 2543 976 2604 tratribus
997 2547 1029 2604 iu
1052 2547 1230 2625 episcopatu,
1253 2567 1312 2604 non
1335 2557 1366 2604 ut
1388 2547 1603 2606 discutiantur.

346 2633 399 2694 sed
429 2644 461 2692 ut
490 2632 719 2704 subscribantur,
753 2635 782 2690 ὃ.
805 2633 934 2710 Agatho,
969 2630 1141 2692 Hadrianus
1164 2633 1187 2690 I.
1218 2643 1246 2690 et
1271 2631 1446 2692 Hadrianus
1473 2636 1518 2693 lI.
1544 2655 1601 2692 non

346 2721 432 2778 aliter
454 2740 485 2778 se
504 2730 610 2796 gerunt
632 2720 725 2778 relate
740 2718 778 2776 ad
794 2719 930 2778 Concilio
951 2727 1075 2792 sextum,
1099 2721 1255 2797 septimum
1277 2729 1307 2778 et
1328 2729 1479 2780 octavium.
1506 2721 1601 2798 Quin·

346 2818 408 2864 tum
432 2808 654 2884 inquisitionem
678 2807 767 2864 nimis
790 2807 908 2883 longam
928 2805 1104 2884 postularet3
1127 2817 1256 2864 ceterum
1279 2827 1332 2866 sex
1355 2807 1414 2865 alia
1438 2811 1600 2867 materiam

346 2893 627 2952 sufficientissimam
651 2891 849 2971 suppeditant,
874 2891 960 2952 modo
976 2892 1140 2952 adversarii
1156 2895 1246 2951 nostri
1270 2893 1421 2973 paulisper
1442 2897 1600 2954 reflectere

347 2979 449 3040 velint.
474 2980 503 3038 S.
516 2979 702 3038 (Joolestinus
717 2981 862 3057 imprimis
879 3000 913 3038 eo
928 2978 1014 3038 modo
1031 2980 1167 3058 loquitur,
1184 2981 1234 3058 qui
1250 2999 1269 3037 n
1280 2983 1286 3037 i
1298 2983 1367 3038 mis
1383 3001 1402 3038 v
1412 2980 1451 3040 id
1461 2995 1601 3041 eretur

345 3066 574 3144 singularis
596 3069 639 3124 in
657 3086 722 3124 ore
744 3063 919 3124 alic'niua
942 3065 1091 3146 subditi
1108 3067 1199 3125 relate
1215 3065 1252 3124 nd
1269 3075 1443 3145 potestatem
1462 3070 1597 3148 aliquam

346 3155 604 3233 superiorem:
632 3152 699 3213 ..td
715 3151 959 3231 disceptationem
978 3154 1104 3212 siluerit
1127 3164 1256 3227 ventum,
1279 3175 1331 3212 vos
1346 3152 1384 3212 de
1402 3175 1508 3214 eornm
1533 3177 1598 3214 sen-

344 3243 446 3299 tentiis
476 3239 606 3299 iudicare
638 3238 761 3310 debetis,
796 3245 853 3297 noir
885 3239 981 3298 subire
1012 3245 1190 3298 certamen“.
1235 3241 1275 3298 m
1304 3240 1382 3319 quod
1420 3241 1598 3302 notandun.

348 3328 528 3387 concilia
550 3329 727 3405 practice
749 3337 961 3404 acceptant
984 3347 1227 3406 programma
1250 3327 1492 3406 pontificum.

449 3415 539 3473 Hunc
564 3413 680 3472 modum
703 3412 882 3491 procedendi
907 3434 925 3470 u
947 3414 1088 3472 Romanis
1120 3413 1306 3491 pontificibus
1340 3423 1515 3474 constanter
1539 3438 1596 3474 ser·

344 3510 445 3560 vatum
469 3503 493 3560 si
517 3510 616 3559 mente
639 3500 828 3578 contemplor,
862 3521 951 3578 saepe
980 3521 1018 3558 ex
1048 3521 1095 3558 mc
1121 3502 1185 3578 ipso
1216 3502 1358 3580 quaesivi,
1392 3522 1463 3560 non
1499 3515 1596 3562 unuin

345 3590 471 3647 Romani
503 3589 658 3667 pontifices
691 3607 723 3646 se
746 3586 967 3645 considerarent
989 3597 1138 3666 tamquam
1162 3588 1287 3646 concilio
1309 3590 1473 3666 superiores
1499 3609 1597 3669 neque

345 3685 440 3734 utrum
465 3685 615 3754 tamquam
638 3674 713 3734 tales
735 3685 834 3732 essent
864 3695 882 3731 a
912 3674 1044 3733 conciliis
1067 3676 1174 3750 agniti:
1201 3675 1322 3753 puerilis
1345 3675 1419 3732 mihi
1442 3676 1597 3736 uideretur

345 3764 406 3820 fere
437 3763 494 3822 hac
524 3765 669 3841 quaestio:
703 3761 756 3820 sed
786 3781 823 3819 ex
846 3782 893 3820 me
916 3763 980 3840 ipso
1003 3762 1137 3840 quaesivi
1170 3771 1198 3819 et
1232 3760 1328 3820 adhuc
1351 3782 1469 3840 quaero,
1506 3786 1595 3842 qno-

346 3850 454 3908 modo
477 3850 526 3907 hic
548 3849 652 3908 modus
674 3848 854 3926 procedendi
886 3869 1083 3908 successorum
1114 3869 1136 3905 s.
1158 3847 1239 3906 Petri
1264 3847 1338 3906 adeo
1367 3852 1595 3909 auctoritativae

344 3956 410 3994 eum
441 3937 496 3994 hac
530 3935 611 3992 alia
640 3937 767 3994 veritate
797 3935 943 3993 catholica
973 3937 1122 3994 conciliari
1154 3933 1268 4003 debeat,
1303 3937 1521 4014 episcopos
1554 3940 1594 3994 in

345 4023 536 4081 conciliis
567 4043 657 4080 vere
688 4020 788 4079 fidei
818 4020 974 4080 iudices
997 4041 1094 4079 esse:
1129 4023 1211 4100 ,ligo
1234 4021 1378 4080 deliniens
1402 4021 1594 4102 subscripsi⁵.

343 4111 444 4166 Etiam
468 4109 523 4165 hoc
546 4129 582 4166 ex
607 4129 653 4166 me
676 4128 793 4186 quaero,
816 4119 853 4180 et,
877 4120 976 4186 aperte
999 4107 1072 4180 dico,
1096 4108 1168 4185 quin
1191 4111 1328 4187 suspicer,
1367 4107 1511 4187 quidnam
1543 4110 1595 4170 ad-

344 4197 468 4253 versarii
481 4197 648 4273 responsuri
663 4198 729 4267 sint,
743 4215 860 4274 quaero,
873 4197 1002 4273 inquam,
1017 4216 1053 4252 ex
1066 4215 1121 4266 me,
1138 4215 1246 4273 quom
1256 4193 1325 4254 odo
1341 4198 1420 4254 viri
1444 4217 1484 4254 ce
1495 4211 1594 4255 tero-

344 4283 438 4360 quin
460 4279 566 4339 docti
592 4285 809 4359 imaginari
836 4284 1044 4360 potuerint
1066 4283 1286 4360 potentiam
1309 4283 1474 4341 Romani
1506 4305 1593 4362 pon-

343 4369 478 4426 tificis
501 4381 591 4448 post
614 4372 792 4448 quintum
816 4369 1018 4427 saeculum
1041 4367 1158 4426 valde
1182 4368 1473 4446 amplificatam
1495 4390 1593 4430 esse.

341 4455 447 4514 Modus
471 4457 579 4534 agendi
603 4458 801 4516 Romanorum
824 4456 996 4534 pontificum
1023 4454 1130 4514 saeculi
1154 4454 1239 4512 xvi.
1263 4475 1334 4533 erga
1355 4455 1512 4515 concilium
1524 4457 1591 4516 'l'ri-

343 4543 498 4602 (lentinum
514 4554 695 4623 quantopere
711 4543 870 4601 modestior
881 4542 968 4601 modo
980 4541 1085 4620 agendi
1104 4562 1124 4600 s.
1138 4541 1300 4601 Ooelestini
1316 4554 1345 4600 et
1361 4563 1383 4601 s.
1395 4537 1591 4618 Leonisttssti

392 4695 428 4763 c)
451 4686 561 4751 eruces
580 4698 649 4751 1869
667 4699 700 4750 ιι.
720 4697 773 4749 830
791 4713 853 4762 scs·
