3450 5342
699 405 873 461 ..19-

265 595 289 652 1.
312 595 350 652 N.
372 592 409 652 G.
432 595 680 652 commentatione
703 614 755 652 sua
779 595 831 652 Do
855 594 1102 653 eruditorum
1125 595 1172 654 ad
1194 597 1409 656 ecclesiam

130 680 358 740 relatione
392 681 451 760 (pg.
485 681 603 758 3-20)
648 679 778 740 eruditos
808 683 858 760 qui
898 681 1053 740 ecclesiam
1089 683 1320 762 religionemque
1355 687 1409 741 im-

126 779 289 846 pugnant
311 767 350 826 ad
373 767 559 827 concordiam
583 789 650 827 cum
671 767 871 827 sacerdotibus
895 770 1011 827 invitat.
1036 803 1075 812 -
1101 771 1142 831 St.
1167 769 1331 829 (lankov
1353 771 1409 830 sub

126 857 356 934 inscriptione,
389 854 524 913 Biblia
547 865 584 914 et
608 853 778 914 Babilon
802 853 956 930 (ct-42)
980 866 1088 914 statum
1111 856 1198 915 huius
1220 859 1403 935 quaestionis

127 942 225 1000 clare
267 944 398 1020 exponit.
423 976 462 985 --
487 942 526 1000 M.
558 944 596 1014 a,
626 941 785 1002 Kratnk
817 943 1402 1020 istorideskopsihologideski

131 1031 211 1086 ode
225 1029 274 1086 rk
307 1051 349 1088 za
379 1030 555 1103 solistjta
578 1030 683 1088 Brevis
706 1028 1089 1109 historico-psychologieus
1111 1038 1253 1088 tractatus
1276 1030 1313 1088 de
1336 1031 1426 1089 con-'
1481 1053 1486 1059 ·

127 1115 303 1190 scientia),
327 1137 374 1194 pg.
398 1118 535 1176 43-75.
567 1118 729 1174 Auctorem
752 1116 941 1175 classicorum
964 1126 993 1174 et
1015 1117 1137 1175 Petrum
1161 1137 1252 1194 usque
1276 1117 1314 1175 ad
1337 1138 1405 1176 saec

135 1203 188 1258 IV
191 1248 198 1260 .
227 1203 328 1279 (incl.)
352 1201 388 1260 de
411 1204 593 1262 conscientia
615 1202 750 1262 doctrina
772 1204 942 1282 exploratur
956 1213 985 1261 et
1001 1203 1155 1262 evolvitur.
1182 1205 1238 1262 lies
1262 1215 1404 1264 tractatur

129 1292 287 1348 maxime
322 1289 483 1348 secundum
522 1289 755 1370 „l'raroslavnpi
789 1289 991 1349 Sobesbduik²
1026 1313 1051 1348 a.
1088 1293 1178 1349 1902.
1213 1291 1326 1368 (auctor
1356 1304 1407 1350 ant

134 1377 258 1435 titulus
292 1397 350 1435 non
382 1375 549 1454 indicatur),
585 1376 744 1436 secundum
779 1387 912 1436 auctores
947 1380 1070 1436 russieos
1101 1389 1189 1456 atquo
1220 1381 1406 1454 germanicos

131 1461 403 1541 {protestanticos
438 1465 487 1542 qui
527 1483 628 1522 omnes
662 1463 822 1522 secundnm
864 1468 1015 1522 versiones
1058 1467 1183 1523 rnssices
1227 1465 1405 1541 allegantur)

139 1549 320 1626 „Quaestio
344 1549 381 1608 de
403 1551 584 1610 conscientia
610 1585 650 1593 —
675 1553 717 1610 sic
746 1562 846 1610 auctor
869 1551 1016 1610 concludit
1046 1587 1081 1593 --
1106 1554 1226 1630 eiusque
1251 1561 1355 1610 natura
1378 1564 1408 1610 et

133 1641 284 1698 essentia
319 1641 351 1696 in
387 1638 494 1698 litteris
528 1640 689 1716 patristicis
724 1659 782 1698 non
816 1638 940 1696 multum
980 1637 1166 1709 tractabatur,
1198 1641 1267 1716 quia
1301 1641 1404 1717 primis

135 1725 279 1784 saeculis
317 1725 487 1784 christianis
525 1728 712 1804 quaestiones
746 1723 932 1800 dogmaticae
970 1725 1130 1784 moralibus
1176 1726 1405 1802 praevalebant3

134 1813 284 1890 theologi
321 1811 415 1889 magis
438 1815 468 1870 in
493 1812 591 1870 Deum
622 1815 734 1872 ratione
770 1812 1006 1889 cognoscendum
1041 1833 1129 1890 quam
1153 1814 1184 1870 iu
1208 1813 1336 1872 hominis
1367 1813 1405 1871 ad

140 1899 250 1957 Deum
287 1899 459 1958 relationem
494 1899 700 1977 inquirebaut“
740 1901 815 1975 174).
850 1900 939 1958 Hanc
969 1899 1186 1957 conclusionem
1220 1900 1406 1958 arbitrariam

141 2007 223 2058 esse,
242 1995 336 2065 patet.
351 1987 429 2044 'l'ota
445 1985 612 2045 dissertatio
628 2007 687 2044 non
704 1986 820 2045 videtur
842 1988 936 2044 multa
958 1989 1084 2044 auctoris
1107 1988 1225 2064 propria
1247 1988 1407 2045 continere.

260 2073 299 2130 l).
345 2073 504 2142 ('uhlov‚
543 2075 581 2130 lr,
622 2073 867 2132 l'idinskatn
911 2074 1145 2150 agiologijo.
1186 2108 1223 2114 —
1263 2075 1404 2151 Propo·

141 2159 294 2234 dobnij
330 2161 455 2218 ltomil
480 2161 539 2236 (lix
564 2161 732 2238 hagiologio
758 2159 1284 2238 11ἀί1161111.-5.111111111)Ι111.85
1317 2166 1405 2220 -lll.

138 2247 372 2306 Commentatio
403 2247 476 2305 haee
500 2247 587 2306 valde
618 2247 733 2308 erudita
759 2266 925 2326 magnoque
952 2259 1094 2324 apparatu
1127 2249 1406 2306 scientifico-critico

140 2333 306 2401 adornata,
330 2335 481 2392 historiam
507 2349 535 2392 et
560 2355 654 2393 mores
677 2335 819 2392 ecclesiae
851 2334 1021 2410 bulgaricae
1053 2353 1128 2392 sanie.
1159 2333 1244 2391 Xll'.
1269 2334 1405 2392 illustrat.

140 2423 265 2480 Auctor
289 2421 446 2499 aliquoties
470 2421 605 2480 adanam
634 2422 870 2494 „Historiam
897 2422 1109 2479 Ecclesiae
1135 2421 1404 2492 Bulgn1·icae“‚

138 2510 228 2588 typis
246 2508 379 2568 nondum
396 2508 506 2566 editam
523 2521 677 2585 provomit:
702 2511 911 2567 commentatio
934 2529 1072 2586 praesens
1088 2529 1160 2586 opus
1176 2507 1231 2565 boe
1250 2508 1397 2566 edemlnm

143 2597 263 2672 optime
288 2595 483 2653 commendat.

258 2682 297 2738 l).
328 2683 376 2748 M„
415 2682 687 2740 blolitsennik
722 2692 757 2740 ot
792 2681 912 2738 XlV—to
947 2682 1111 2738 stoldtio
1147 2681 1250 2739 1111111·
1284 2703 1402 2758 precum

145 2788 162 2822 e
179 2787 252 2826 saer
272 2768 368 2846 le'.)
384 2771 562 2826 tlt-llo.
588 2769 707 2826 liibrum
729 2771 968 2846 inanuscriptum,
985 2771 1034 2846 qni
1052 2773 1113 2824 seo
1132 2769 1209 2824 l'nliis
1226 2764 1264 2825 4⁰
1278 2778 1402 2838 constat,

144 2866 254 2912 auctor
279 2855 357 2934 apud
379 2855 560 2914 sacerdotem
586 2855 701 2912 (b'btlro
724 2857 733 2907 t
741 2857 873 2932 ieorgiev
895 2858 927 2913 in
950 2855 1020 2912 urbe
1046 2857 1256 2929 l’anagbrrisn·
1278 2858 1401 2912 invenit.

145 2942 224 3000 Pars
251 2944 348 3020 prima
371 2945 467 3000 varios
490 2941 608 3000 ordines
631 2942 879 3020 (poslddevanija)
903 2952 930 3000 et
947 2946 1019 3000 ritus
1036 2963 1101 2999 enin
1119 2941 1252 3019 precibus
1269 2945 1402 2999 continet

141 3030 248 3106 ivelut
274 3029 509 3088 benedictionem
542 3049 644 3107 aquae,
679 3031 766 3087 ritum
800 3029 948 3107 baptismi,
979 3029 1111 3086 ordinem
1144 3028 1307 3106 ¹srqmliernli
1331 3029 1401 3107 etc).

148 3115 233 3174 lnter
269 3118 452 3194 precationes
490 3116 634 3195 ‹quornlam
677 3119 794 3191 ignotae
835 3118 958 3192 originis
996 3115 1171 3174 tmbulontis
1206 3136 1281 3172 saec.
1316 3117 1402 3173 le'.

148 3203 377 3261 condicionibus
406 3206 514 3262 eximie
539 3203 733 3282 respondeum
768 3212 869 3262 auctor
891 3223 980 3260 unum
1007 3224 1044 3260 ex
1069 3202 1296 3289 precationibus,
1325 3224 1401 3279 quae

148 3309 253 3361 regem
278 3289 350 3365 (carl
377 3292 532 3366 llulgarine
554 3291 704 3350 Joanncm
728 3291 769 3367 (ut
794 3293 930 3368 opinatur
963 3304 1064 3346 auctor
1092 3289 1242 3347 doannem
1269 3291 1400 3365 Sisnran)

148 3394 295 3436 memoret
328 3379 511 3455 patriarchae
549 3379 702 3457 liutlrymii
735 3377 784 3454 (ef.
815 3378 855 3434 Sl.
879 3377 897 3434 l.
929 3376 969 3433 tlr.
996 3379 1085 3437 roob,
1124 3377 1305 3450 tit-112¹>
1337 3396 1402 3432 esse

149 3466 312 3522 existimat.
345 3469 512 3542 Sequuntur
541 3468 640 3523 1111111111
666 3466 795 3543 tropario
831 3462 990 3541 paschalia,
1025 3483 1099 3540 qnae
1128 3463 1271 3540 imprimis
1304 3462 1400 3540 philo-

150 3549 283 3625 logorntn
317 3547 420 3608 studiis
449 3551 541 3628 digno
571 3563 646 3610 snut.
670 3586 712 3596 —
747 3553 819 3610 l'ars
851 3553 994 3628 posterior
1025 3551 1214 3626 irrannscripti
1252 3558 1402 3607 tutamento

149 3635 293 3694 historico
339 3641 448 3716 priores
490 3651 615 3716 superat.
650 3638 695 3698 lbi
720 3639 794 3694 varii
830 3658 1002 3694 canones
1036 3635 1327 3713 disciplinares
1362 3644 1403 3693 et

152 3727 475 3798 preteriit.entiales
514 3728 713 3796 inveniuntur,
748 3727 797 3802 qni
833 3723 1022 3801 disciplinam
1056 3724 1200 3780 ecelesiae
1238 3723 1397 3800 populique

153 3830 248 3869 mores
272 3833 347 3869 sner.
373 3813 455 3870 xlt'.
480 3813 635 3870 illustrent.
660 3813 716 3870 l'ro
740 3814 831 3868 uariis
847 3811 932 3868 furtis
955 3810 1115 3889 (frumenti.
1141 3830 1290 3886 ponertnn.
1313 3809 1401 3881 galli-

155 3917 255 3955 narum
290 3903 355 3975 ete.)
387 3902 446 3956 lixo
480 3912 523 3956 est
559 3921 653 3976 poena
687 3900 787 3956 ieiunii
824 3897 1031 3956 nonnullorum
1066 3895 1315 3954 hebdomadarum
1350 3896 1398 3953 vel

154 3987 307 4052 mensium,
342 3988 418 4044 t'nres
451 3989 480 4044 in
506 3987 663 4063 hospitium
696 3988 872 4064 recipientes
895 4005 1002 4061 eosque
1026 3985 1161 4040 neantes
1193 4004 1317 4060 poenam
1347 4004 1399 4059 per

153 4083 243 4129 retum
279 4093 388 4131 atinum
412 4073 499 4131 derit:
534 4075 585 4151 qni
608 4073 788 4131 rerrnmdnnt
822 4074 924 4129 vinnm
955 4070 1089 4128 admixta
1122 4090 1198 4147 aqua
1233 4087 1401 4147 corruptum

152 4158 260 4218 ieiunio
286 4165 303 4215 ti
329 4163 480 4232 niensium,
505 4161 609 4219 undier
642 4179 800 4238 procurans
833 4157 889 4215 sibi
914 4157 1047 4215 abortum
1070 4159 1179 4214 ieiunio
1205 4161 1222 4211 ι’)
1247 4177 1400 4226 anriormn,

152 4264 222 4320 seqre
248 4246 397 4322 (b'dsdiea)
421 4249 530 4305 ieirmio
555 4251 572 4302 :t
598 4268 739 4306 annorum
765 4248 926 4322 puniuntur
949 4258 1004 4302 ete.
1028 4245 1076 4300 lix
1100 4244 1146 4300 his
1170 4244 1315 4321 exemplis
1340 4245 1399 4300 iam

154 4345 231 4405 patet
263 4337 494 4412 manuscriptum
526 4333 674 4392 lnudunnn
708 4353 810 4390 rmore
846 4333 945 4410 magni
969 4351 1033 4389 esse
1057 4331 1198 4387 momenti
1223 4333 1252 4386 in
1276 4330 1402 4386 historia

156 4419 369 4483 ecclesiastica:
393 4433 570 4500 quttproptcr
593 4442 658 4478 etun
682 4434 799 4480 sertore
823 4417 1025 4477 desideramus
1041 4429 1072 4474 ut
1088 4418 1191 4474 saltem
1216 4430 1313 4494 partes
1337 4419 1402 4472 eius

159 4509 280 4578 potiores
304 4511 383 4587 typis
407 4507 539 4566 edantur.

261 4595 294 4650 l'.
331 4595 526 4672 'l'upuzov‚
575 4595 619 4651 lle
670 4591 961 4652 ronfraternitotibns
1011 4589 1167 4666 thbratstra)
1216 4589 1401 4647 sacerdotnm

177 4681 351 4758 142-le)
368 4703 459 4755 ageris
484 4680 667 4739 sacerdotnm
687 4682 952 4745 confraternitates,
969 4699 1043 4754 qum
1060 4676 1159 4754 populi
1177 4678 1402 4733 instructionem
