3450 5342
718 409 880 466 „tpff

176 589 264 642 sione
283 587 400 660 Tolstoj
422 589 569 643 unitatem
590 589 746 659 praecepti
764 589 891 646 demum
912 590 1069 662 conspicit.
1099 593 1247 647 Alisakon
1270 601 1413 648 accurate

175 665 208 780 dd
223 657 375 727 exquisite
393 659 587 726 argumentis
601 659 732 714 internis
751 675 890 716 errorem
907 661 999 716 huius
1013 661 1172 728 opinionis
1186 662 1217 716 L.
1232 662 1267 716 N.
1282 662 1413 732 Tolstoji

211 733 322 782 nstrat.
341 757 374 768 ·-
1409 765 1412 776 .

284 796 459 866 Episltop
485 801 494 851 i
519 800 801 866 perstrepitat.
822 799 1011 868 (Episcopus
1032 804 1062 854 et
1085 799 1281 867 dioecesani).
1303 790 1417 856 Auctor

179 864 327 920 maiorem
340 866 476 934 episcopi
486 867 525 920 ad
536 866 636 935 ipsius
646 867 847 922 dioecesanos
860 868 1195 938 appropinquationem
1211 871 1415 936 commendat,

178 949 247 988 cnm
269 935 440 990 hodiernus
461 936 572 990 modus
587 937 668 990 vitice
681 937 867 1006 episcopalis
887 936 1044 992 exclusive
1062 937 1129 992 fere
1148 939 1416 996 administrativae

178 1009 208 1058 et
227 1005 426 1060 cancellariae
444 1006 475 1061 in
495 1005 562 1060 dies
582 1006 682 1074 ntapis
702 1022 772 1060 eum
787 1023 805 1061 a
820 1007 1074 1062 dioecesanorum
1095 1007 1207 1072 annuis
1220 1015 1361 1064 removet
1373 1039 1417 1066 ff

282 1075 505 1145 Sudebnaja
534 1075 715 1144 justicija
734 1076 743 1128 i
762 1076 964 1144 dnbovnyj
992 1078 1115 1150 sudp
1140 1079 1225 1138 ‚1153.
1244 1077 1415 1143 (dediticiis

179 1143 291 1199 llstitia
309 1152 340 1198 et
358 1144 504 1200 iudicium
525 1145 702 1213 spiritualet.
723 1146 853 1201 Decreta
873 1147 1022 1214 imperiali
1037 1147 1078 1214 de
1097 1149 1135 1202 12.
1148 1147 1335 1205 vDecembris
1351 1149 1417 1214 1904

180 1213 321 1283 specialis
335 1215 514 1268 commissio
529 1213 567 1268 ad
582 1214 784 1269 recidendam
799 1215 988 1270 saecularem
1004 1215 1228 1282 legislationem
1243 1217 1415 1280 iudicialem

178 1289 282 1337 creata
300 1290 357 1336 est.
378 1283 455 1340 Cum
475 1283 621 1339 iudicium
643 1284 803 1352 spirituale
824 1288 854 1338 in
869 1284 975 1338 inultis
990 1299 1063 1340 etim
1077 1287 1227 1351 saeculari
1246 1287 1416 1352 cithaereat,

176 1360 287 1409 auctor
304 1352 436 1408 similem
447 1351 699 1408 cttntmissionem
711 1353 904 1422 spiritualem
921 1353 1169 1410 constituendam
1188 1355 1342 1478 proponit.
1359 1357 1418 1416 Atl-¹

180 1425 346 1478 umbratur
370 1423 538 1477 historicus
565 1430 751 1492 conspectus
779 1424 987 1483 conaminum,
1015 1424 1128 1492 quibus
1157 1425 1213 1494 per
1231 1423 1349 1494 aiquot
1368 1427 1417 1484 de·

178 1492 287 1548 cennia
301 1491 481 1546 reformatio
501 1491 605 1546 iudicii
619 1492 790 1562 spiritualis
809 1499 925 1548 tentata
939 1500 993 1556 est,
1014 1493 1286 1564 ostendunturque
1306 1494 1417 1563 prinei·

179 1563 265 1686 pales
295 1563 387 1616 huius
418 1561 522 1616 iudicii
547 1562 695 1625 delemus,
726 1563 901 1632 exquibus
927 1563 1152 1617 emendationis
1181 1565 1350 1621 necessitas
1381 1579 1417 1628 eo

193 1633 366 1686 ncnleutins
387 1638 498 1700 pateat.
1386 1679 1388 1684 .

284 1702 311 1756 Ο
334 1700 615 1754 malornsskom
637 1701 831 1770 pecevode
857 1701 1007 1770 seinse.
1023 1701 1213 1772 Pisanijat
1235 1719 1262 1770 p.
1278 1705 1351 1758 1185.
1364 1703 1420 1766 (Dc

182 1771 386 1826 malorussica
396 1768 540 1824 versione
552 1771 731 1838 Scripturae
742 1771 868 1836 sacrael
881 1769 947 1826 Eun
955 1777 1114 1824 nterantnr
1123 1785 1242 1832 ttattsae,
1253 1787 1290 1826 ex
1303 1771 1418 1840 quihus

181 1841 384 1895 malorussica
417 1839 579 1894 translatio
607 1839 785 1908 Scripturae
814 1855 919 1894 saccio
951 1843 981 1893 in
1012 1841 1148 1896 Uktaina
1177 1841 1264 1894 initio
1297 1839 1420 1910 septimi

181 1908 320 1964 decennii
334 1925 412 1963 saec.
427 1924 535 1962 recens
548 1909 644 1976 elapsi
657 1908 796 1963 admissa
810 1924 872 1962 non
886 1919 940 1965 est.
956 1915 1048 1979 atque
1064 1909 1263 1964 ministeriale
1283 1910 1416 1965 edietum

181 1979 221 2034 de
236 1983 275 2033 la.
290 1978 360 2033 Dec.
375 1980 449 2044 1904,
465 1995 526 2046 qno
539 1993 648 2032 omnes
668 1977 895 2046 prohibitiones
916 1981 1095 2032 versionum
1116 1979 1294 2048 Scripturas
1314 1994 1419 2036 sacrae

181 2048 213 2104 in
233 2049 370 2118 lingnam
393 2047 638 2102 hlaforussorutn
660 2050 823 2107 sistuntur.
843 2047 932 2102 enixe
952 2049 1184 2114 comprobatur.

288 2116 426 2186 Gelahoo,
469 2117 621 2186 fotuns,
658 2116 849 2184 trebujuscto
887 2119 1065 2186 sobornago
1103 2117 1245 2182 redenis,
1284 2135 1310 2188 p.
1345 2121 1419 2172 llll‘d.

182 2188 401 2253 {Quaestiones
421 2134 564 2310 affinodali
589 2187 743 2240 solutione
766 2187 968 2310 ἰιιι1ἰ;,νοῐιῑο.ῡ,ἰἑ
985 2185 1021 2240 ln
1042 2133 1263 2256 praesentidns
1282 2187 1418 2244 motibus

183 2256 360 2321 socialibus,
378 2256 433 2324 qui
457 2271 494 2310 us
524 2255 637 2310 Russia
655 2259 799 2320 agitatur,
819 2255 920 2310 clerus
971 2256 1074 2310 ussine
1093 2255 1214 2311 consilii
1233 2257 1324 2325 inops
1344 2261 1418 2322 erat,

183 2332 290 2395 utpote
310 2326 534 2394 principiorum
549 2326 579 2380 in
593 2326 684 2394 gravi
697 2326 753 2380 hnc
766 2326 948 2394 quaestione
963 2325 1066 2380 sociali
1087 2326 1302 2382 sacerdotibus
1316 2327 1420 2380 (trilin-

182 2395 272 2451 doxis
285 2395 490 2449 tenendornm
504 2395 640 2462 ignarus.
659 2395 705 2448 sd
721 2395 821 2448 instar
833 2395 978 2449 eeclesiae
989 2395 1162 2457 catholicae,
1176 2396 1264 2450 cuins
1279 2395 1418 2465 pontifex

183 2463 345 2534 specialem
373 2465 556 2533 encyclicam
577 2465 615 2518 de
633 2466 815 2533 quaestione
845 2464 949 2518 sociali
976 2465 1152 2532 publicarit,
1179 2467 1276 2532 etiam¹
1292 2464 1419 2522 instanti

181 2535 311 2591 concilio
332 2533 463 2588 Russico
487 2535 526 2586 de
550 2533 704 2588 eiustnodi
725 2534 883 2601 principiis
912 2533 1146 2588 deliberandum
1175 2538 1234 2588 crit
1260 2535 1363 2602 prouti
1383 2534 1421 2588 de

182 2603 252 2660 aliis
280 2603 518 2684 quaestionibus
543 2601 756 2672 gravissimis:
787 2603 825 2656 dc
849 2606 952 2658 causis
980 2609 1104 2658 mutuae
1124 2603 1322 2672 alienationis
1342 2603 1423 2658 inter

184 2673 344 2729 ecclesiam
365 2679 395 2726 et
413 2672 542 2726 classem
564 2673 711 2726 laicorum
741 2672 945 2732 eruditorum.
964 2673 1002 2726 dc
1021 2673 1201 2728 educatione
1229 2673 1417 2736 clericulus

182 2740 318 2798 eruditio
342 2741 486 2796 obsoleta
508 2757 662 2796 novorum
693 2753 868 2810 temporum
895 2743 1008 2796 officiis
1036 2743 1244 2810 pastoralibus
1269 2743 1330 2796 iam
1358 2757 1419 2796 non

184 2811 310 2876 sufficit,
325 2811 363 2865 de
376 2811 480 2879 inopia
493 2820 523 2865 et
538 2811 655 2865 vilitate.
668 2811 859 2866 litteraturae
874 2812 1053 2878 spiritualis,
1073 2812 1111 2864 de
1127 2811 1299 2866 rationibus
1321 2811 1421 2880 incipis

184 2879 513 2936 benevolis-ecelesiae
537 2880 730 2935 orthodoxae
755 2895 823 2933 curu
852 2881 1018 2934 christiano
1047 2879 1211 2936 Occidente
1237 2880 1420 2935 inchoandis

184 2950 224 3006 ad
260 2950 413 3004 uniendas
450 2951 533 3003 vires
569 2951 724 3003 aclvcrsns
760 2962 956 3004 ‹ntntmnnent
990 2951 1108 3004 liostent
1151 2951 1351 3016 infidelitatis,
1384 2949 1422 3004 de

182 3019 312 3090 liturgia
329 3028 385 3075 etc.
1146 3059 1148 3064 .

290 3086 460 3142 Nudae-li
485 3103 651 3142 ccnznra
674 3088 942 3156 propovedejt
972 3103 999 3156 p.
1028 3090 1167 3147 ltllllan
1188 3087 1362 3146 necessaria
1383 3088 1423 3142 sit

183 3173 316 3214 censura
335 3157 537 3223 contionum).
556 3157 593 3212 ln
614 3157 726 3212 Russia
745 3158 905 3212 contiones
924 3173 1073 3214 censurae
1093 3158 1315 3212 ecclesiastieae
1337 3173 1421 3226 prae

186 3230 330 3283 ventivae
359 3226 407 3282 vel
434 3226 542 3280 saltent
568 3227 723 3282 accedenti
752 3227 956 3282 subiciuntur.
988 3225 1155 3282 Exercetur
1190 3227 1262 3282 llaec
1291 3243 1423 3282 occisura

184 3315 203 3352 a
230 3296 355 3352 decanis
376 3295 573 3350 districtuum
601 3295 869 3365 tblagoiinnytnil.
897 3296 1012 3365 ‹ptibus
1038 3297 1208 3352 secundnm
1239 3289 1421 3357 hodiernam

186 3370 307 3436 praxim
337 3366 397 3419 sub
424 3366 518 3420 tinent
546 3365 620 3420 anni
647 3365 806 3420 coriliones
834 3381 916 3420 antro
949 3365 1055 3433 elapso
1082 3365 1203 3421 habitae
1236 3365 1283 3420 vel
1314 3365 1421 3422 saltem

184 3452 293 3492 aarum
314 3450 408 3514 sucus
423 3442 650 3515 proponuntur.
669 3434 846 3503 (Sciendum
866 3439 977 3498 mmen,
994 3449 1111 3489 morem
1132 3443 1274 3489 nostrum
1290 3434 1423 3558 sinffnlis

185 3506 297 3560 diebus
317 3505 481 3558 domnncts
500 3511 530 3558 et
553 3503 643 3560 festis
671 3502 868 3558 contionandi
895 3504 926 3560 in
953 3503 1066 3558 Russia
1092 3519 1154 3558 nim
1181 3504 1308 3576 vigere).
1363 3503 1425 3558 ibe·

186 3583 296 3630 rtatem
323 3573 412 3628 verbi
437 3573 534 3628 divini
563 3583 766 3642 protnotnrus
785 3582 893 3628 auctor
914 3574 1025 3628 hattccc
1052 3573 1230 3628 contionum
1256 3587 1420 3628 censuram

185 3659 320 3714 prorsus
339 3641 523 3697 abolendam
543 3659 613 3696 esse
632 3644 750 3698 suadet

290 3712 406 3781 Arnim.
437 3711 550 3779 liuhad,
581 3711 859 3782 l'reIJubodcjanie,
884 3709 945 3765 kalt
971 3711 1074 3781 pot-'od
1094 3711 1114 3766 k
1134 3712 1281 3776 razvodn,
1301 3727 1329 3779 p.
1350 3713 1423 3766 tasi.

187 3782 394 3850 (Adulterium
421 3789 577 3851 tamqnam
602 3782 729 3836 divortii
753 3788 867 3844 causat.
897 3781 1060 3836 'Fractatus
1080 3780 1157 3836 iuris
1178 3781 1424 3845 tnulrimonialis,

186 3868 249 3922 quo
262 3857 370 3906 contra
383 3851 469 3917 leges
487 3850 674 3905 exsistentes
689 3851 788 3905 maior
807 3849 1022 3905 benevolentia
1035 3850 1073 3904 ad
1087 3850 1258 3906 divortium
1279 3865 1424 3913 excausa
1483 3913 1485 3922 y

186 3920 332 3976 adulterii
350 3920 580 3976 ‹eonoedendum
601 3920 846 3974 commendatur.
1220 3943 1222 3950 ·
1363 3963 1366 3972 .

295 3994 324 4043 κ.
346 3989 385 4053 0,
411 3988 552 4058 Patriacp
579 3989 589 4041 i
619 3990 808 4058 mitropolity
835 4005 876 4058 po
896 3989 1059 4051 kanttnam,
1079 4003 1107 4057 p.
1128 3991 1202 4042 itud.
1231 3987 1424 4051 (Patriarcha

186 4064 217 4116 et
235 4057 450 4128 metropolitae
477 4058 648 4114 secundum
669 4071 824 4117 cartonest.
851 4059 1022 4127 Collegium
1043 4059 1076 4111 32
1096 4057 1291 4112 sacerdotum
1322 4057 1425 4112 Petro-

229 4129 359 4184 litanum
388 4131 526 4216 lgrnppa
544 4129 589 4191 32)
615 4128 717 4197 primo
743 4127 809 4182 loco
837 4127 1058 4208 propositionis
1079 4143 1153 4182 snae
1172 4127 1210 4181 de.
1235 4127 1361 4180 ccclesia
1382 4142 1426 4182 re·

200 4198 352 4254 armanda
370 4199 408 4252 ad
429 4213 453 4250 s.
473 4198 634 4264 synodum
662 4197 775 4252 missac
795 4213 852 4266 pro
871 4196 1022 4266 dignitate
1048 4195 1244 4266 patriarchali
1265 4201 1295 4250 et
1315 4201 1426 4250 metro·

187 4269 323 4339 politana
337 4266 482 4336 postulat,
497 4272 530 4321 ut
545 4267 658 4321 Russia
673 4268 704 4320 in
720 4265 899 4336 provincias
918 4265 1142 4320 ecclesiasticas
1162 4264 1331 4330 dividatur,
1346 4281 1426 4335 quae

186 4335 430 4406 ametropolitis
455 4343 615 4404 regantur,
639 4351 774 4406 quotum
796 4335 836 4389 sit
856 4335 996 4403 synodos
1021 4334 1228 4403 provinciales
1254 4349 1427 4396 convocare

186 4411 217 4462 et
234 4406 351 4478 quibus
370 4421 388 4460 a
406 4405 534 4461 centrali
554 4421 683 4460 munere
702 4405 856 4474 dirigente
875 4404 1025 4473 quaedam
1041 4419 1115 4472 pars
1131 4404 1270 4472 agendae
1289 4405 1425 4480 cedatur.

185 4479 226 4531 At
245 4479 302 4530 hoc
321 4475 414 4529 modo
435 4474 651 4542 metropolitae
670 4490 732 4529 una
751 4489 789 4528 ex
808 4481 896 4542 parte
915 4472 1064 4528 officiales
1091 4473 1263 4544 superioris
1290 4473 1426 4536 muneris

187 4543 385 4601 ecclesiastici
409 4549 605 4614 apparerent,
628 4544 724 4598 altera
743 4559 781 4596 ex
800 4549 889 4614 parte
908 4541 939 4597 in
959 4541 1123 4666 episcopos
1149 4557 1223 4597 suae
1249 4541 1427 4611 provinciae

187 4615 271 4671 iusto
291 4614 438 4668 maiorem
459 4618 643 4684 potestatem
665 4612 845 4682 acciperent.
873 4613 969 4667 Ostcn
994 4612 1058 4666 itur
1075 4611 1228 4666 einsnunli
1256 4611 1424 4666 novitatem

186 4685 359 4740 canonibus
378 4680 597 4738 contradicere.
1417 4717 1419 4722 ,
