3450 5342
909 427 1100 484 -140-

377 614 488 673 decreti
512 615 554 673 ita
569 616 601 673 in
622 613 794 673 doctissimo
816 616 880 673 eius
895 636 983 693 opere
1005 614 1206 687 delitescebat,
1228 628 1261 675 ut
1280 637 1375 694 neque
1400 618 1455 695 ipsi
1470 616 1621 676 cardinali

376 700 462 759 Pitra
485 702 566 780 prius
588 703 758 773 innotuerit,
781 721 869 780 quam
894 702 942 760 hic
961 722 1045 761 auum
1068 702 1220 781 exemplar
1242 704 1273 761 in
1296 724 1402 781 graeco
1426 706 1623 782 manuscripto

376 784 427 867 (N.
439 787 515 863 483)
531 788 710 846 Parisienais
725 806 889 859 caesmeae,
913 808 991 847 nunc
1007 790 1175 861 sationalia,
1199 789 1404 849 Bibliothecae
1427 790 1623 861 adinvenerit,

376 876 419 932 ita
441 887 471 932 et
493 874 630 932 Pitrense
653 874 806 953 exemplar
827 874 948 945 decreti,
971 877 996 934 ai
1019 896 1093 946 mea,
1116 876 1383 955 quantulacumque
1406 896 1442 935 ea
1465 880 1515 940 sit.
1538 898 1624 955 expe

375 963 483 1019 rientia
505 982 552 1019 me
575 981 635 1019 non
657 960 742 1028 fallit,
766 963 822 1020 etsi
844 982 863 1019 a
885 962 966 1020 felici
989 961 1183 1021 adinventore
1206 965 1312 1021 iterum
1335 966 1367 1023 in
1389 980 1496 1042 opere:
1521 965 1624 1023 luris

374 1048 660 1106 ecclesiastici
691 1047 929 1107 Graecorum
964 1048 1136 1108 historia
1166 1060 1203 1109 et
1226 1062 1475 1110 monumenta
1498 1051 1622 1129 (Romae

378 1136 469 1193 1864.
491 1134 527 1197 Τ.
553 1138 579 1204 l,
601 1155 629 1213 p.
653 1130 730 1214 463)
763 1134 874 1213 publici
898 1138 970 1193 iuris
993 1136 1110 1207 factum,
1148 1138 1180 1195 iu
1202 1139 1265 1195 eius
1293 1137 1438 1216 operibus,
1477 1141 1567 1216 quasi
1589 1138 1621 1195 ab

279 1230 282 1235 '
375 1222 468 1279 oculis
497 1220 653 1290 sublatum,
691 1220 885 1281 delitescebat
908 1232 937 1281 et
968 1242 1060 1302 usque
1084 1222 1173 1281 hodie
1199 1222 1355 1282 delitescit.
1400 1224 1505 1283 Donec
1547 1227 1620 1283 enirn

373 1306 533 1368 decretum.
556 1306 594 1366 de
617 1328 674 1386 quo
695 1308 851 1387 loquimur,
882 1318 1076 1387 perangustus
1098 1309 1201 1369 muudi
1223 1310 1402 1369 eruditorum
1427 1312 1541 1370 limites
1568 1334 1621 1369 uon

373 1394 462 1454 fuerit
472 1407 695 1473 transgressum,
711 1398 766 1455 etsi
784 1397 937 1474 permagni
953 1395 990 1455 ad
1007 1396 1193 1455 concordiam
1210 1398 1241 1456 in
1254 1396 1411 1457 Pascbatis
1423 1398 1620 1457 celebratione-

372 1480 595 1541 restaurandam
626 1484 717 1560 possit
747 1503 812 1541 esse
841 1484 991 1555 momenti,
1023 1518 1062 1527 —
1095 1486 1125 1542 iu
1153 1486 1247 1562 praxi.
1277 1496 1386 1552 tamen,
1421 1486 1534 1544 nullius
1569 1489 1620 1543 erit

373 1568 519 1627 utilitatis.
543 1569 624 1627 Hine
639 1571 793 1628 occasione
809 1570 883 1627 mihi
900 1571 1023 1629 comiter
1042 1569 1141 1629 oblata
1159 1590 1247 1649 qnam
1268 1570 1472 1630 lubentissime
1496 1578 1619 1650 arrepti

372 1658 472 1713 statim
492 1658 522 1713 in
539 1657 639 1715 animo
661 1659 744 1733 posui
768 1656 971 1715 venerandum
994 1656 1049 1714 hcc
1064 1657 1263 1716 Nicaenorum
1279 1658 1409 1729 Patrum,
1426 1661 1457 1717 in
1483 1680 1522 1719 re.
1549 1680 1618 1737 qnae

372 1741 477 1800 Slavos
509 1744 645 1819 inprimis
668 1744 797 1820 attingit,
830 1744 992 1803 voluntatis
1014 1742 1221 1804 documentum
1250 1746 1282 1805 in
1304 1744 1496 1823 ephemeride
1524 1746 1620 1817 ‚Sla-

371 1848 502 1887 vcrum
546 1829 712 1889 litterae
745 1830 1021 1907 theologicae“
1059 1833 1163 1889 iterum
1198 1832 1358 1909 evulgare3
1398 1832 1475 1891 alias
1513 1854 1617 1913 rogans

369 1915 524 1994 religiosas
557 1915 762 1995 ephemerides
791 1926 822 1975 ut
851 1914 1003 1977 decretum
1031 1918 1136 1995 ipsum,
1168 1918 1215 1976 vel
1239 1918 1343 1977 saltem
1379 1921 1443 1977 eius
1474 1922 1618 1983 notitiam,

369 2015 532 2081 opportuno
554 2002 670 2063 adiecto
692 2006 912 2070 commentario,
935 2024 988 2083 per
1006 2013 1098 2063 totum
1114 2004 1306 2063 christianum
1330 2004 1430 2063 orbem
1454 2004 1617 2064 diffundere

372 2099 518 2165 satagant.

647 2306 812 2364 Nicacnum
834 2305 873 2364 de
896 2307 1042 2365 Paschate
1066 2306 1215 2366 decretum
1238 2307 1336 2386 (325).

476 2439 602 2495 Sanctus
632 2435 824 2504 Athanasius,
854 2436 978 2514 loquens
1013 2458 1043 2495 ιιι
1074 2437 1150 2495 libro
1180 2435 1225 2495 de
1260 2437 1432 2517 Synodis
1468 2440 1498 2517 [ξ
1522 2442 1555 2505 5)
1583 2438 1615 2497 dc

370 2525 543 2600 quaestione
565 2522 730 2589 Paschutis,
764 2522 821 2581 hcc
844 2522 1060 2583 observandum
1091 2526 1213 2595 censuit,
1244 2523 1323 2604 quod
1345 2524 1472 2584 Nicaeni
1504 2526 1614 2595 Patres,

367 2610 400 2666 in
416 2607 637 2667 succendendo
654 2607 780 2680 decreto,
803 2610 864 2668 aliis
886 2630 1004 2689 prorsus
1027 2613 1071 2669 usi
1088 2622 1156 2671 sunt
1178 2611 1312 2679 formul&
1335 2632 1424 2690 quam
1442 2615 1472 2671 iu
1489 2610 1614 2672 decretis

368 2698 448 2753 circa
469 2696 577 2754 iidem:
613 2698 643 2754 in
666 2696 714 2754 his
736 2699 825 2768 enim,
849 2696 920 2774 quid
943 2696 1089 2756 catholica
1111 2698 1248 2757 Ecclesia
1270 2698 1410 2769 crederet,
1441 2700 1615 2779 simpliciter

368 2781 552 2841 affirmarunt
579 2782 634 2840 hoc
657 2781 760 2842 modo:
799 2786 885 2855 ,Sic
919 2782 1048 2842 credit
1082 2785 1290 2844 catholiea
1323 2786 1550 2859 Ecclesia²;
1586 2791 1614 2846 in

365 2867 483 2927 decreto
505 2883 603 2927 autem
626 2868 663 2927 dc
686 2870 842 2939 Paschate,
867 2891 949 2929 suam
972 2870 1009 2929 de
1032 2891 1063 2929 re
1087 2874 1264 2931 sententiam
1288 2874 1441 2950 protulere,
1465 2874 1523 2933 hac
1546 2878 1612 2933 sim·

366 2956 483 3033 pliciter
506 2976 576 3014 voce
599 2958 773 3035 praemissa:
801 2957 978 3030 ,Placuit
1002 2956 1102 3035 (ἔόοξε
1125 2959 1180 3019 litt.
1205 2960 1330 3017 visum
1353 2961 1456 3036 est)“.
1478 2960 1612 3020 Pretiosa

365 3042 435 3100 hinc
458 3041 542 3100 nobis
565 3042 768 3122 suppeditatur
789 3056 902 3103 tessera
929 3042 967 3102 ad
989 3044 1100 3103 decreti
1123 3048 1339 3123 genuinitatem
1369 3043 1610 3123 dignoscendam.

468 3128 570 3186 Aliam
600 3129 686 3188 nobis
716 3141 856 3189 tesseram
888 3130 1057 3209 suppeditat
1084 3134 1243 3211 imperator
1266 3132 1479 3192 Constantinus
1503 3136 1535 3193 in
1560 3138 1609 3193 sui

367 3213 404 3273 ad
428 3215 580 3274 Ecclesiae
602 3216 727 3293 epistola
749 3216 787 3276 de
811 3216 932 3297 Synodc
955 3218 1098 3277 Nicaena.
1126 3216 1190 3291 ,ld
1219 3238 1401 3299 aequum
1431 3232 1609 3280 rectum·

364 3321 444 3381 que
484 3322 581 3361 esse
624 3323 769 3363 omnes
809 3303 1143 3377 indicaverunt,
1177 3307 1227 3377 ait,
1265 3305 1377 3384 quod
1409 3316 1450 3365 et
1483 3306 1611 3367 robis

361 3388 752 3467 placiturumesse
776 3390 1005 3469 spopondi,
1028 3400 1071 3450 ut
1094 3391 1416 3471 scilicetquod
1439 3396 1478 3454 in
1505 3396 1608 3455 urbe

361 3475 489 3534 Roma
515 3496 676 3555 perque
705 3497 865 3536 omnem
897 3478 1090 3551 Italiam,
1118 3478 1327 3551 Africam,
1354 3481 1608 3561 Aegyptum,

360 3583 435 3639 per
468 3563 743 3641 Hispaniam,
783 3563 973 3638 Gallias,
1008 3565 1287 3638 Britannias,
1324 3566 1502 3646 Lybiae,
1537 3589 1608 3647 per

360 3652 618 3707 universam
661 3652 889 3710 Achaiam:
932 3672 1007 3730 per
1047 3652 1257 3711 Asiauam
1295 3662 1337 3713 et
1375 3653 1607 3713 Ponticam

360 3734 625 3809 Dioecesim,
664 3758 737 3815 per
772 3738 995 3811 Ciliciam,
1034 3737 1235 3818 denique,
1270 3739 1484 3799 concordi
1521 3762 1607 3801 seu·

360 3824 508 3879 tentia
550 3822 825 3897 observatur,
870 3824 912 3883 id
954 3834 1108 3885 vestra
1149 3846 1323 3905 quoque
1364 3826 1606 3905 prudentia

359 3907 619 3968 libentibus
653 3914 813 3970 animis
849 3912 1168 3989 amplectatur¹‘
1206 3912 1379 3993 (Euseb,
1417 3914 1475 3973 De
1512 3918 1607 3973 vita

359 3994 658 4055 Constantini
681 3998 716 4056 L.
732 3999 788 4057 lll.
812 4020 837 4057 c,
855 3999 916 4077 19).
940 3999 998 4057 Pro
1013 3998 1170 4078 Episcopis
1192 3998 1230 4059 ad
1247 4020 1348 4079 pacem
1365 4001 1519 4061 Ecclesiae
1541 4022 1606 4061 con·

358 4080 511 4139 ferendam
542 4081 687 4144 adunatis.
717 4088 794 4143 tanti
825 4095 1030 4163 argumentum
1061 4086 1118 4144 hoc
1147 4084 1276 4145 debebat
1304 4107 1370 4147 esse
1400 4087 1540 4166 ponderis
1570 4088 1604 4147 ad

357 4168 578 4246 praecavendas
614 4172 646 4228 in
670 4174 844 4231 executione
866 4172 1065 4241 difficultates,
1103 4182 1135 4231 ut
1158 4174 1246 4231 nimis
1278 4174 1354 4233 forst
1375 4177 1490 4245 mirum,
1529 4178 1552 4235 si
1575 4178 1604 4233 in

355 4254 474 4313 decreto
496 4258 560 4316 eius
584 4259 765 4317 mentionem
787 4258 907 4318 silentio
930 4260 1159 4337 praeteriissent.

459 4341 553 4401 Hisce
575 4346 753 4421 praemissis,
786 4366 854 4404 ecoe
877 4346 997 4405 tandem
1021 4346 1187 4405 Nicaenum
1217 4346 1255 4405 de
1277 4344 1427 4406 Paschate
1449 4347 1603 4418 decretum,

354 4439 385 4486 et
408 4449 467 4486 non
497 4448 516 4487 a
538 4432 646 4509 quovis
675 4433 740 4489 sine
763 4434 883 4491 nomine
906 4434 1055 4512 scriptore,
1089 4431 1141 4492 scd
1164 4431 1202 4491 ab
1225 4436 1289 4511 ipso
1311 4431 1492 4495 Graecorum
1516 4435 1603 4495 eccle

354 4516 468 4574 siastici
490 4518 563 4575 iuris
584 4526 715 4596 parente,
751 4518 1080 4598 Constantinopolitano
1103 4519 1279 4579 Patriarcha
1307 4520 1454 4581 Ioanne
1478 4523 1601 4582 Scola-

354 4604 458 4660 stico
481 4600 531 4683 (-Ι-
560 4600 644 4682 575),
675 4607 707 4663 in
729 4607 909 4683 posteritatis
932 4606 1091 4665 utilitatem
1114 4619 1306 4679 asservatum,
1338 4607 1376 4666 ad
1400 4609 1512 4669 calcem
1534 4628 1600 4669 suae

352 4688 480 4766 opellae:
505 4689 708 4749 Collectio
738 4694 1034 4771 quinquaginta
1063 4693 1278 4763 titulorum,
1302 4728 1343 4741 -
1368 4697 1418 4774 qui
1441 4710 1485 4754 est
1504 4694 1598 4767 index,
