3450 5342
861 423 901 432 -
931 394 992 448 :tta
1018 423 1055 432 -

332 581 428 636 l'atris
452 579 509 635 mei
534 591 609 648 sunt,
639 591 752 656 oportet
776 599 822 637 me
845 584 941 637 esse“.
973 579 1094 637 Vocatio
1118 591 1165 636 est
1189 577 1340 636 condicio
1364 577 1431 636 siue
1453 597 1505 655 qua
1525 599 1568 635 non

332 667 461 724 muneris
484 665 639 742 pastoralis
666 670 726 744 (pp.
751 667 901 741 tte-73).
926 665 1048 724 l'ocatio
1070 664 1161 723 debet
1176 685 1248 724 esse
1273 664 1409 742 duplex:
1432 684 1494 729 uua,
1514 685 1572 740 qnae

332 768 375 810 est
392 755 517 821 iuterna,
542 750 660 830 quando
675 773 780 830 nempe
804 773 887 812 amor
898 753 955 810 Dei
979 753 1129 810 hominem
1146 753 1291 810 totaliter
1307 762 1449 829 penetrat
1464 760 1491 808 et
1506 750 1573 808 hono

331 841 395 916 ipse
411 860 441 896 se
458 841 499 896 ita
516 839 579 896 Deo
592 841 709 897 vocanti
725 837 833 906 subdit,
845 848 878 897 ut
892 839 1075 898 voluntatem
1091 839 1150 897 llei
1164 859 1253 898 suam
1269 839 1370 896 faciat
1384 840 1446 916 (pp.
1459 839 1565 894 73-95

332 925 482 984 altera-
505 928 663 984 vocatio
686 926 981 995 ecclesiastica,
1003 945 1079 1004 quae
1094 925 1228 984 diversis
1249 925 1489 984 circumstantiis
1507 927 1576 985 ritae.

332 1025 431 1078 status,
455 1011 638 1070 educationis
661 1023 830 1070 vocatorum
854 1015 1049 1074 constituitur.
1072 1012 1165 1071 Tales
1177 1013 1439 1072 circumstantiae
1460 1021 1574 1090 quattuor

331 1109 551 1157 enumerantur:
575 1108 604 1166 a(
621 1113 701 1158 ortus
724 1120 761 1158 ex
778 1100 893 1158 familia
914 1101 1124 1170 ecclesiastica,
1147 1097 1181 1175 b)
1206 1099 1357 1158 educatio
1381 1102 1414 1156 in
1431 1099 1573 1156 seminario.

331 1190 359 1253 cl
384 1188 500 1244 interna
530 1185 683 1262 dispositio
714 1197 740 1244 et
773 1206 854 1244 amor
884 1207 954 1262 erga
984 1186 1190 1258 sacerdotium,
1225 1183 1261 1266 d)
1288 1187 1437 1244 voluntas
1465 1187 1575 1262 episcopi

335 1290 394 1350 tpp.
422 1271 611 1348 tls-114),
656 1273 771 1332 'l'amen
803 1275 928 1351 scriptor
956 1293 1174 1351 quamcumque
1197 1272 1305 1331 ideam
1338 1274 1516 1345 ,levitismi‘
1538 1291 1576 1327 sen

335 1361 468 1436 spiritum
493 1371 600 1424 (tostae,
630 1370 661 1416 ut
693 1358 802 1426 dicunt,
834 1363 917 1418 reicit
949 1357 989 1438 (p.
1018 1361 1078 1418 103
1102 1370 1133 1418 et
1156 1363 1187 1418 in
1212 1358 1315 1439 nota).
1349 1360 1445 1418 Tales
1474 1361 1576 1417 circum·

335 1447 462 1503 stantiae
486 1445 687 1504 tantummodo
711 1445 944 1504 considerandae
971 1457 1039 1504 sunt
1065 1458 1097 1504 nt
1119 1447 1241 1524 signum
1268 1448 1445 1506 voluntatis
1467 1445 1576 1503 divinae.

332 1551 408 1610 quae
431 1531 556 1589 electum
581 1534 716 1590 invenem
741 1534 863 1610 speciali
887 1532 1074 1611 providentia
1096 1536 1236 1610 protegit.
1262 1534 1331 1614 (pp.
1358 1535 1528 1606 liti-7118).

442 1621 513 1696 t'ap.
538 1618 593 1676 lll.
626 1619 672 1676 Ex
697 1619 874 1698 baptismate
898 1620 1010 1678 Christi
1037 1622 1149 1677 eruitur
1179 1619 1292 1679 divina
1317 1621 1416 1680 officii
1441 1619 1577 1698 pastoralis

332 1706 478 1762 institutio
510 1719 536 1762 et
570 1708 730 1764 necessitas
753 1709 983 1766 consecrationis
1013 1728 1064 1785 per
1095 1708 1240 1784 Spiritum
1275 1711 1437 1776 Sanctum,
1466 1726 1534 1784 quae
1552 1708 1574 1762 iu

333 1801 515 1850 sacramento
539 1792 660 1851 Ordinis
683 1795 845 1852 conficitur.
868 1795 929 1871 (pp.
955 1793 1146 1869 lta—140).
1177 1794 1333 1853 Doctrina
1357 1796 1575 1873 protestantium.

332 1899 407 1957 quae
431 1891 518 1954 negat
550 1881 674 1956 gratiam
708 1883 738 1938 in
763 1885 954 1938 §aeramento
977 1880 1089 1938 ordinis
1116 1880 1257 1952 conferri,
1290 1883 1422 1940 omuino
1444 1877 1574 1938 reiciendi

330 1982 383 2027 on.
407 1963 467 2046 (pp.
495 1967 684 2031 itt-150(

439 2055 511 2131 Cap.
535 2053 587 2113 ll'.
606 2056 772 2132 Antequam
791 2073 896 2110 mutius
912 2073 995 2110 suum
1012 2052 1157 2129 pastorale
1175 2053 1321 2113 Christus
1338 2057 1477 2132 incipiat
1492 2073 1508 2109 a
1521 2053 1574 2129 Spi-

331 2141 388 2196 ritu
406 2143 435 2197 in
452 2139 641 2198 solitudinem
658 2139 781 2206 ducitur,
797 2137 845 2198 ubi
864 2139 973 2217 triplici
990 2142 1155 2208 tentationi,
1172 2158 1284 2219 nempe
1303 2141 1470 2220 cupiditati
1484 2141 1572 2198 carnis

333 2225 487 2302 cupiditati
501 2227 657 2289 oculorum.
671 2225 824 2305 superbiae
838 2229 955 2284 resistit.
968 2227 1174 2301 (lat-tot).
1191 2227 1270 2286 Cum
1284 2249 1396 2288 omnes
1412 2228 1572 2286 tentationes

332 2314 363 2368 in
380 2327 479 2368 nostra
497 2314 647 2372 voluntate
671 2313 829 2372 nltimatim
858 2316 998 2379 nitantur,
1021 2324 1128 2391 pastor,
1159 2316 1211 2391 qui
1240 2315 1305 2374 illis
1329 2318 1473 2374 resistere
1499 2313 1571 2390 cupit.

332 2411 444 2474 oportet
466 2419 593 2458 amorem
608 2404 754 2479 proprium
769 2401 899 2458 totaliter
918 2400 1115 2457 annihilatae
1136 2421 1168 2458 se
1185 2404 1285 2478 ipsum
1303 2401 1434 2461 divinae
1446 2401 1571 2459 voluntati

333 2485 449 2562 pruritus
474 2489 635 2544 conl'ormet
660 2494 718 2566 (pp.
739 2492 797 2545 tus
828 2490 928 2544 -lilt
952 2487 1060 2544 Nostra
1083 2497 1180 2545 aetate
1199 2499 1339 2565 pastores
1356 2491 1473 2568 primae
1493 2495 1571 2544 tenta·

331 2572 404 2628 tioui
429 2573 629 2637 succumbunt.
661 2594 725 2632 cnm
750 2573 827 2632 bona
850 2574 1017 2632 materialia
1039 2576 1138 2648 magni
1163 2577 1329 2634 aestiment
1353 2575 1508 2634 credontes
1528 2571 1567 2628 illa

332 2671 481 2736 tamquam
507 2659 729 2719 fundamentum
750 2663 829 2718 vitae
853 2661 1032 2718 christianae
1055 2679 1169 2719 necnon
1192 2681 1312 2720 morum
1336 2663 1495 2741 probitatis
1514 2657 1569 2736 (nni

329 2743 445 2810 debere,
477 2765 546 2804 cura
578 2747 722 2824 spirituali
747 2750 868 2806 omnino
890 2748 1025 2822 neglecta
1052 2748 1112 2825 (pp.
1138 2751 1337 2824 tit-176).
1370 2751 1476 2827 Neque
1497 2745 1568 2804 debet

330 2845 428 2909 pastor
453 2831 611 2891 llominnm
643 2845 757 2892 tentare
788 2833 825 2891 ah
852 2835 918 2911 lpso
941 2835 1083 2892 nriracula
1106 2846 1219 2911 petens,
1250 2857 1339 2894 secus
1372 2840 1404 2895 in
1428 2831 1567 2894 secundun

329 2919 502 2975 tentationis
526 2923 653 2998 speciem
679 2923 817 2979 contiuuo
840 2921 963 2978 labetur.
986 2921 1054 2979 Non
1073 2921 1234 2990 miraculis,
1259 2923 1314 2981 sed
1339 2925 1457 2982 influxu
1480 2917 1565 2978 morali

329 3005 422 3080 ipsius
454 3023 595 3080 personae
628 3011 751 3084 pastoris
784 3008 918 3065 homines
948 3007 1139 3065 convertendi
1166 3021 1245 3068 sunt.
1280 3009 1418 3070 Proinde
1449 3003 1567 3066 sacerdos
1655 3046 1656 3051 .

331 3089 514 3148 nullomodo
537 3093 643 3151 mediis
667 3097 798 3153 externis
814 3093 917 3152 fideles
940 3094 1076 3152 meliores
1092 3093 1215 3152 reddere
1239 3099 1352 3174 cupiat,
1377 3097 1431 3156 sed
1447 3098 1505 3173 ipsc
1525 3109 1565 3168 per

332 3197 413 3236 suam
437 3181 584 3255 propriam
608 3201 762 3258 personam
777 3201 884 3239 novam
901 3185 993 3238 vitam
1016 3184 1047 3239 in
1060 3184 1231 3240 societatem
1248 3184 1443 3244 introducere
1463 3190 1565 3240 conetur
1655 3246 1657 3253 Ι

331 3266 508 3336 (naimone
541 3285 629 3328 caua
665 3287 807 3328 rariorum,
842 3288 885 3328 aa
916 3287 975 3327 urm
1008 3272 1256 3353 rmnbmatouryro
1292 3289 1411 3354 crpvro
1444 3291 1472 3348 p.
1506 3261 1564 3334 ltili

330 3371 377 3428 pp.
404 3353 594 3419 tes-1811.
624 3354 720 3429 Quam
746 3361 874 3412 maxime
902 3365 1000 3412 tamen
1024 3366 1123 3432 pastor
1144 3377 1162 3412 a
1184 3355 1328 3432 superbia
1357 3344 1510 3416 abhorreat
1530 3364 1563 3406 at·
1654 3368 1655 3397 1

330 3459 385 3515 qne
409 3461 517 3498 vatiam
541 3441 664 3514 gloriam
689 3443 790 3517 fugiat.
818 3443 900 3500 Haec
922 3443 1009 3498 tertia
1031 3443 1157 3500 tentatio
1179 3442 1250 3500 talis
1273 3455 1329 3512 est,
1358 3459 1392 3503 ut
1416 3438 1562 3502 necessario

332 3545 433 3584 omnes
457 3527 642 3586 calamitates
665 3531 745 3585 vitae
769 3529 930 3606 spiritualis
953 3549 1051 3586 secum
1075 3527 1171 3586 ducat
1195 3529 1255 3606 (pp.
1284 3531 1479 3607 ret-leti

439 3614 513 3671 l'ars
526 3613 661 3683 secunda,
679 3634 754 3691 quae
775 3635 863 3692 ,opus
880 3617 1021 3692 pastoris*
1043 3613 1221 3684 inscribitur,
1237 3637 1272 3673 eo
1289 3617 1399 3690 tendit,
1423 3628 1454 3676 ut
1475 3629 1562 3671 munus

330 3701 455 3774 (nestoris
479 3699 532 3756 sub
548 3700 655 3777 triplici
680 3713 800 3778 aspectu
821 3721 926 3780 nempe
942 3703 1084 3778 magistri.
1108 3704 1273 3760 animarum
1290 3708 1438 3764 curatoris
1459 3703 1560 3782 (spent

328 3781 442 3868 ,astitui
456 3797 484 3842 et
498 3799 744 3844 sacramentorum
758 3787 1004 3846 administratoris
1015 3799 1155 3846 tractetur
1169 3785 1246 3867 (cap.
1262 3790 1306 3857 l'.‚
1323 3812 1374 3869 pp.
1390 3785 1561 3851 tas-205(-

440 3873 511 3948 t‘ap.
530 3873 579 3929 l'l.
604 3873 714 3930 Christi
732 3873 913 3952 praedicatio
929 3896 1025 3952 neque
1048 3888 1186 3952 tempore,
1210 3896 1309 3953 ireque
1333 3877 1401 3938 loco
1424 3876 1559 3946 restringe

330 3953 423 4018 batru.
447 3957 498 4013 secl
522 3971 584 4014 erat
608 3960 783 4018 universalis
807 3976 867 4039 (pp.
889 3963 1080 4036 soe-ms).
1104 3963 1171 4040 lpse
1194 3962 1375 4040 loquebatur
1397 3985 1462 4024 cnm
1484 3957 1559 4018 homi·
1652 3960 1653 3993 i

331 4040 417 4098 nibus
440 4044 513 4098 sicut
538 4043 627 4099 Pater
650 4065 715 4104 cum
733 4047 801 4104 tiliis
827 4050 908 4106 omui
931 4043 1071 4106 niethodo
1093 4048 1259 4107 scientifica
1282 4053 1397 4110 reiecta
1420 4049 1559 4130 (psor-

331 4131 415 4185 2121.
444 4125 599 4186 tibieotum
624 4133 786 4209 principale
819 4133 1048 4211 praedicationis
1071 4134 1183 4192 Christi
1211 4147 1275 4193 erat
1311 4138 1467 4216 ,Regnum
1487 4133 1558 4192 Dei·

330 4211 407 4289 quod
431 4212 509 4270 idem
533 4217 652 4274 omuino
675 4228 719 4275 est
747 4241 780 4276 ae
808 4241 947 4298 magnum
971 4221 1115 4278 caeleste²
1150 4223 1266 4292 (contra
1294 4222 1429 4302 Grigdrij
1457 4211 1559 4281 Petris)

329 4301 450 4375 eiusque
475 4302 571 4378 Caput
602 4315 644 4360 est
669 4305 805 4364 Christus
835 4307 896 4385 (Ph
921 4309 1113 4378 stt-stt).
1145 4307 1185 4366 llt
1208 4327 1334 4384 regnum
1360 4311 1419 4370 liei
1448 4313 1477 4369 iu
1497 4318 1558 4364 tem

329 4383 425 4443 denuo
449 4387 615 4446 stabiliatur
638 4391 774 4448 Christus
804 4391 841 4450 de
865 4394 946 4450 caelo
969 4393 1132 4466 descendit,
1163 4398 1193 4452 in
1217 4415 1248 4453 se
1272 4401 1438 4476 assumpsit
1459 4400 1558 4475 peccato

329 4481 436 4542 nostra,
460 4476 589 4532 iustitiae
606 4475 726 4536 divinae
740 4479 892 4542 satisfecit.
918 4481 981 4536 lloc.
1004 4479 1091 4538 modo
1115 4491 1265 4559 peccatum
1279 4481 1397 4542 delevit
1413 4496 1444 4544 et
1454 4481 1556 4561 gratim

329 4557 386 4614 Dei
404 4560 512 4618 mundo
536 4561 690 4620 redonavit
716 4564 775 4640 (pp.
800 4567 994 4633 tlt-231).
1019 4567 1107 4624 Hanc
1129 4567 1293 4626 doctrinam
1318 4569 1436 4630 Christi
1459 4572 1556 4642 eiusque

328 4664 398 4721 opus
423 4648 567 4723 pastorale
593 4659 690 4726 pastor
713 4649 892 4710 christianus
921 4651 1056 4710 fidelibus
1080 4673 1228 4732 exponere
1252 4654 1356 4730 debet3
1386 4669 1418 4717 at
1441 4657 1554 4732 dogmttt
