3450 5342
895 319 1063 371 ...58-

459 505 497 560 ln
516 519 601 559 nurn.
620 507 645 558 8.
673 503 753 558 iacta
780 507 829 558 est
849 499 965 556 mentio
983 499 1023 554 de
1046 498 1225 553 0Slavorum
1246 495 1371 551 Litteris
1390 492 1607 564 theologicis«,

351 574 471 646 quihus
484 572 700 643 prosperrima
715 586 851 641 quaeque
864 573 1069 639 exoptautur:
1092 568 1288 637 propositum
1304 565 1401 620 nostri
1416 571 1610 634 conspectus

355 643 445 700 valde
466 657 656 766 magnopere
675 639 831 696 laudatur.

354 712 543 852 muspelrlus
575 780 676 836 nostri
705 780 745 835 de
778 777 929 834 iniustitia
961 781 1111 832 accusant
1145 783 1177 830 et
1205 774 1305 830 ideam
1338 771 1610 838 cyrillo-llerhe

354 851 477 907 dianam
496 867 555 906 suo
576 850 669 906 modo
687 848 858 919 expliceut;
890 847 944 902 scd
965 847 1040 901 haee
1057 845 1226 900 iuuenibus
1252 843 1446 926 mamimus
1468 842 1610 908 libenter,

354 937 411 976 nec
440 935 577 990 unquam
611 920 650 974 ad
677 919 753 974 tales
782 917 1011 972 descendemus
1037 929 1170 986 pugnas,
1198 928 1268 969 cum
1299 913 1469 984 publicatio
1496 919 1609 966 nostra

353 990 414 1046 alio
428 994 554 1060 spectet
568 1021 599 1028 —
616 989 788 1058 Hucusque
801 988 840 1042 X.
859 986 910 1041 ille
930 994 989 1051 (ur.
1003 989 1041 1050 1.)
1060 985 1171 1039 umens
1189 983 1250 1039 init
1262 998 1298 1038 ex
1313 982 1477 1048 Ruthenis,
1495 981 1554 1062 qui
1572 981 1610 1035 de

353 1059 467 1116 litteris
494 1059 710 1114 liuthenorum
739 1056 922 1126 theologicis
954 1069 1053 1126 pauca
1082 1053 1174 1108 nohis
1205 1051 1331 1108 rettulit.
1360 1052 1609 1122 Rogaurmus

354 1131 427 1184 iarn
466 1127 664 1198 priuatim.
701 1143 800 1183 nunc
837 1125 953 1180 etiarn
996 1123 1154 1193 publice
1186 1122 1297 1177 enixe
1333 1136 1534 1190 rogamus,
1571 1128 1609 1174 ut

355 1198 525 1254 Rutheni
545 1197 622 1267 ipsi
650 1198 692 1252 de
712 1197 795 1252 suis
816 1195 968 1250 litteris
989 1192 1227 1262 theologicis
1254 1191 1577 1314 uphisflrezfffl

1313 1278 1336 1316 r.
1387 1303 1394 1314 .

536 716 634 766 untur
666 715 770 766 tamen
801 709 1030 765 inconsiderata
1062 706 1224 775 quaedam,
1252 703 1369 774 quibus
1398 703 1609 758 directionem

861 1402 1098 1482 SERBlCA.

462 1561 592 1631 liredha
638 1561 990 1646 cittene-preeuntes
1032 1578 1154 1646 ceraue
1188 1558 1322 1644 srpsiih
1368 1557 1605 1643 praucalaunit

355 1649 506 1732 enarhi'e
529 1667 548 1716 u
573 1647 671 1717 Bcsni
689 1647 698 1715 Ι
716 1647 940 1734 Herceuouini.
956 1645 1059 1731 (ordo
1079 1647 1270 1716 scholarum
1290 1645 1605 1716 ecclesiasticen-

354 1738 390 1807 οἱ
406 1753 468 1806 ecc
483 1736 628 1804 seierum
642 1735 672 1802 in
686 1735 900 1804 dioecesibus
911 1733 1108 1803 orthodoxis
1120 1734 1264 1803 Rosciae
1278 1734 1313 1799 et
1330 1730 1605 1815 thrcencuinae)

353 1826 456 1886 Editio
484 1825 666 1900 ,officialis“.
691 1825 833 1901 Sarajevo
859 1826 950 1883 1905.
973 1826 1027 1902 Pg.
1053 1826 1122 1883 160.

458 1939 549 1998 Liber
565 1941 697 1997 continet
709 1937 841 1996 ordinem
855 1939 902 1996 vel
915 1939 1162 2007 constitutionem,
1178 1956 1237 2014 qua
1252 1936 1369 1995 scholae
1384 1936 1604 1994 ecclesiasticae

352 2037 384 2086 et
406 2027 548 2085 ecclesiae
582 2027 614 2083 iu
647 2026 759 2084 Bosnia
787 2035 817 2083 ct
848 2025 1056 2101 Hercegorina
1088 2023 1248 2100 erigendae
1270 2033 1300 2081 et
1327 2021 1476 2100 regendae
1510 2033 1603 2081 enmt

353 2114 588 2174 Constitutioues
611 2121 641 2170 et
662 2112 847 2189 imperatoris
870 2114 1008 2170 austriaci
1024 2123 1055 2170 et
1070 2110 1254 2188 patriarchae
1277 2111 1603 2185 Constantinopolitan-

352 2219 528 2259 eonseueum
562 2197 682 2256 habeut.
716 2199 880 2257 Continent
902 2202 940 2256 21
966 2198 1165 2276 paragraphus
1201 2198 1355 2274 generales
1377 2207 1407 2255 et
1429 2199 1494 2254 264
1517 2215 1604 2275 pare·

353 2287 483 2365 graphos
506 2285 650 2364 speciales
674 2289 704 2344 in
729 2287 746 2343 6
770 2295 869 2363 partes
892 2284 1073 2344 distributas.
1097 2285 1194 2364 Caput
1210 2286 1232 2342 l.
1256 2285 1305 2359 [ἓξ
1331 2287 1448 2356 1-61)
1471 2287 1603 2363 exponit,

353 2373 426 2452 quid
450 2372 614 2432 orthodoxa
644 2373 1003 2431 ecclesiastico-scholaris
1026 2375 1151 2430 societas
1181 2372 1322 2450 (opitius)
1345 2381 1374 2430 et
1401 2371 1604 2430 ecclesiastiea

354 2463 480 2519 societas
504 2457 686 2540 (skupr'rtina)
701 2461 769 2530 siut,
792 2468 821 2517 et
844 2479 902 2537 quo
925 2469 1066 2537 spectent.
1084 2461 1159 2517 Sunt
1181 2470 1279 2517 autem
1295 2460 1462 2517 coniunctio
1486 2460 1603 2517 socialis

354 2545 538 2626 quarundam
555 2548 742 2606 vicinitatum
759 2544 797 2603 ad
820 2545 936 2605 scholas
952 2547 1168 2605 ecclesiasticas
1183 2558 1212 2603 et
1228 2545 1394 2604 sacerdotes
1409 2544 1603 2604 adiuvandos

355 2634 454 2712 Caput
476 2634 515 2693 ll.
536 2633 585 2708 (bd
605 2629 767 2712 62-105)
790 2635 853 2710 agit
876 2631 913 2691 de
929 2633 1076 2711 parochiis
1099 2632 1357 2711 sacerdotibusque
1375 2631 1604 2710 parochialibus,

353 2719 392 2779 de
408 2723 546 2779 examine
561 2717 726 2800 (concursu)
742 2720 914 2797 parochiali,
932 2719 969 2778 de
985 2719 1105 2792 iuribus,
1125 2720 1240 2792 officiis,
1255 2720 1408 2791 electione,
1429 2719 1604 2778 condicione

355 2807 503 2866 materiali
520 2807 720 2886 parochorum.
744 2807 840 2885 Caput
857 2807 913 2865 lll.
930 2809 979 2882 (bi
998 2804 1181 2883 lilii-140)
1197 2809 1259 2883 agit
1281 2805 1319 2864 de
1334 2809 1523 2865 monasteriis
1545 2828 1603 2865 ser

356 2894 430 2952 bicis
453 2897 485 2952 in
508 2913 629 2972 genere;
653 2895 685 2952 in
709 2896 806 2972 specie
829 2893 866 2951 do
883 2897 1016 2972 personis
1038 2895 1217 2964 monasticis,
1240 2893 1277 2952 dc
1292 2896 1468 2973 praepositis
1490 2906 1522 2952 et
1536 2914 1604 2953 cou-

354 2980 577 3059 gregationibus
600 2982 771 3039 monasticis
795 2993 824 3038 et
847 2981 885 3039 al.
902 3016 941 3023 -
960 2984 1057 3059 Caput
1072 2981 1124 3038 lV.
1148 2978 1198 3058 (βξ
1223 2982 1405 3058 141-200)
1428 2980 1465 3039 de
1488 2981 1603 3040 dicecc

354 3066 444 3137 sibus,
467 3069 620 3146 episcopis,
651 3067 687 3125 de
711 3067 874 3126 directione
896 3067 1067 3146 eparchiali,
1101 3067 1139 3126 de
1161 3069 1254 3125 uariis
1276 3069 1463 3126 cancellariis
1485 3067 1602 3146 eparch

354 3167 410 3213 eto.
455 3155 552 3233 Caput
577 3154 611 3212 V.
635 3155 683 3232 (ἐξ
723 3157 906 3231 rot-226)
930 3157 992 3231 agit
1032 3154 1070 3213 de
1105 3153 1299 3233 potestatibus
1336 3154 1535 3233 generalibus,
1572 3162 1601 3212 ut

354 3263 490 3320 supremo
505 3243 629 3301 consilio
645 3241 819 3312 scholarum,
839 3262 976 3320 suprema
991 3242 1192 3300 ecclesiastica
1207 3240 1276 3300 sede
1293 3241 1433 3313 iudiciali,
1450 3241 1487 3300 de
1503 3261 1601 3300 eorum

355 3329 467 3388 iuribus
490 3341 520 3388 et
542 3329 656 3387 ciliciis.
703 3329 799 3406 Caput
823 3329 874 3386 l'l.
899 3332 1031 3387 continet
1060 3328 1206 3407 quaedam
1228 3328 1433 3388 additamenta
1457 3329 1495 3386 de
1518 3329 1600 3387 bonis

353 3417 565 3474 ecelesiasticis
599 3416 764 3474 scholarum
788 3424 817 3473 ct
840 3419 1091 3475 monasteriorum.
1126 3414 1308 3492 Adiungitur
1330 3417 1540 3474 nomenclator.
1564 3449 1599 3458 -·

354 3504 391 3560 ln
415 3524 445 3560 re
469 3503 594 3561 scholari
618 3505 758 3562 maiorem
783 3504 986 3561 auctoritatem
1009 3502 1120 3562 habeut
1143 3502 1221 3560 laici.
1249 3504 1389 3581 Episcopi
1415 3506 1600 3560 nominantui

354 3589 392 3647 ab
416 3592 592 3667 imperatore
615 3599 644 3647 et
667 3590 877 3648 confirmantur
911 3609 929 3646 a
952 3589 1120 3667 patriarcha
1142 3589 1480 3669 Constantinopolitano.
1525 3590 1601 3648 Num

356 3679 399 3733 ita
422 3685 594 3734 eventurum
618 3679 664 3747 sit,
689 3685 720 3734 nt
742 3677 877 3734 inlicitae
900 3676 1037 3754 querelae
1060 3687 1091 3734 ot
1112 3679 1196 3734 rixae
1219 3679 1296 3735 inter
1313 3689 1428 3755 partem
1450 3676 1601 3735 ecclesias·

354 3765 443 3820 ticam
468 3773 496 3819 ct
520 3762 655 3820 laicalem
679 3773 899 3840 componentur,
923 3765 1006 3821 multi
1031 3763 1176 3821 dubitant.
1206 3764 1395 3842 Metropolim
1418 3784 1507 3841 aegre
1529 3765 1600 3822 feret

355 3849 499 3906 influxum
516 3849 651 3908 laicalem
667 3852 699 3907 in
715 3870 745 3908 re
761 3850 1109 3922 ecclesiastico-scholari,
1129 3851 1198 3908 laici
1215 3871 1284 3908 vero
1301 3854 1400 3927 iugum
1417 3851 1599 3928 patriarchas
1685 3920 1686 3925 ἵ

255 3935 258 3942 ⁴
355 3936 678 4014 Constantinopoliinni
695 3935 811 3994 abicere
835 3937 955 4006 vellent,
971 3936 1049 4015 quod
1066 3958 1167 3995 omnes
1185 3936 1342 3996 orthodoxi
1364 3949 1450 3996 extra
1464 3939 1600 3996 Tui-ciam
1685 3995 1687 4004 ,

354 4025 415 4081 iarn
438 4023 579 4081 fecerunt.
1521 4025 1562 4086 A⁸

824 4175 1139 4255 SLOVENICA.

464 4329 521 4396 Fr.
547 4330 728 4396 Koccdie:
755 4329 867 4401 ubine
889 4330 1077 4401 nemhzila
1091 4333 1137 4402 ati
1153 4331 1341 4420 ontctcpija
1359 4333 1600 4419 (ileiaphysica
1685 4410 1687 4424 ,

354 4418 525 4503 pancratis
548 4435 610 4487 seu
633 4416 830 4505 dulcicula).
854 4420 986 4480 Marium·
1013 4425 1103 4480 1905.
1685 4433 1687 4455 ³

465 4508 555 4567 Haud
578 4508 708 4579 dubium,
743 4512 813 4586 quin
838 4529 890 4566 eae
913 4511 974 4567 sint
997 4531 1042 4568 rcs
1065 4510 1294 4588 metapliysieae,
1329 4531 1404 4588 quae
1428 4511 1484 4568 hac
1507 4524 1600 4579 aetate
1685 4524 1686 4535 ¹

359 4614 420 4652 non
442 4597 565 4654 multum
600 4596 746 4674 placeant.
770 4598 810 4653 ht
835 4599 858 4653 si
883 4598 980 4654 minus
1013 4607 1137 4672 gratum,
1161 4611 1205 4654 cst
1229 4609 1434 4674 argumentum
1468 4599 1602 4676 inprimis
