3450 5342
681 372 871 430 -217—

138 579 243 622 karra
272 581 407 623 caulius
437 581 596 644 rpenau'e,
620 581 639 622 a
662 581 766 646 pastro
790 581 811 622 u
835 579 928 622 naun»
959 579 1145 646 pyrenum,
1176 579 1326 633 rursusne
1349 559 1398 620 (m

138 665 222 710 luxus
250 667 291 709 uo
321 667 451 729 tranare,
481 667 569 709 rana
602 667 665 710 uro
695 669 761 710 ora
793 667 940 731 rpenonu,
972 667 994 708 u
1016 666 1082 708 ore
1105 659 1192 708 usca
1221 666 1399 732 pyocanxn

137 753 216 796 onu
239 753 506 820 soenyennearors
521 737 745 798 seruuaiiureir
758 731 1058 817 oneronapnoernss
1084 735 1197 814 (Opera
1211 734 1399 792 orientalium

139 831 266 900 patrum
299 821 335 880 ab
366 821 598 880 occidentalibus
632 825 793 882 universim
829 833 889 879 tam
923 820 1000 880 bene
1032 831 1061 880 et
1083 823 1184 887 critice
1218 820 1299 879 edita
1319 832 1396 890 sunt,

141 929 240 986 quam
264 907 416 967 aGreecis
439 920 527 987 atque
550 910 640 968 etiam
660 931 678 968 a
690 911 793 968 Russis
816 908 864 966 edi
878 907 959 966 nullo
978 908 1065 966 modo
1076 907 1237 986 potuerint)
1260 909 1300 986 (p.
1315 903 1397 985 121).

142 997 189 1054 Et
215 995 274 1054 alio
308 996 390 1054 loco:
431 991 537 1068 ,lise
556 1015 574 1056 r
596 1016 659 1059 elur
693 1015 815 1070 ,ro-troo
849 1015 958 1078 epona
992 1013 1162 1056 ueneram
1194 1014 1275 1056 cnon
1310 995 1399 1055 boro-

141 1083 366 1167 (atyurehueta
385 1102 494 1143 nurum
512 1103 556 1144 eu,
571 1015 726 1152 Bonorum
748 1103 806 1144 ero
823 1101 1064 1166 eosepmeuuaa
1076 1100 1214 1165 upanna3
1230 1101 1273 1143 uo
1286 1082 1398 1143 erohsl

141 1167 383 1240 neneuiartcrtie
424 1169 607 1232 ,inritassis
638 1175 923 1254 runorpafburunu,
961 1168 1169 1231 neaeraeuric
1201 1187 1270 1241 ,1an
1302 1187 1398 1229 nrrx‘s

143 1275 272 1336 nnrrrrr,
305 1275 528 1340 [Imperarunt
560 1256 750 1330 norerbnuia
783 1278 820 1317 eo
843 1275 952 1340 spelta
984 1255 1169 1317 nesarauia
1198 1275 1220 1316 n
1248 1275 1397 1318 enocuun

144 1363 192 1403 eu.
217 1363 312 1404 inixa
334 1363 415 1404 reon
438 1343 625 1406 ,rerrrncnirr
648 1364 748 1428 epora
773 1363 794 1405 u
818 1341 1047 1426 norp'bmeuia,
1075 1361 1133 1404 ero
1155 1361 1397 1426 roaepurennas

147 1425 351 1513 rtenpanna.“
377 1427 514 1511 (Latinos
544 1432 754 1512 typographos,
777 1434 826 1510 qui
853 1432 987 1490 l'enetiis
1010 1451 1062 1508 pro
1085 1428 1208 1488 Graecis
1230 1428 1320 1488 libros
1343 1429 1397 1486 im-

145 1515 327 1596 primebant,
367 1519 569 1595 impressionis
603 1529 733 1597 tempore
764 1517 854 1578 libros
888 1518 936 1575 vel
966 1519 1131 1595 corrupisse
1161 1517 1210 1574 vel
1241 1518 1396 1594 opiniones

145 1604 324 1663 Latinorum
348 1606 380 1662 in
403 1625 453 1664 eos
475 1605 637 1676 induxisse,
661 1606 850 1664 falsissimum
875 1599 933 1683 est)
955 1602 995 1682 (p.
1019 1604 1101 1679 123).

256 1691 353 1767 Quam
384 1691 543 1750 Russorum
574 1694 752 1771 opinionem,
782 1711 840 1770 qua
863 1691 993 1750 Graecos
1023 1693 1106 1769 quasi
1137 1691 1301 1749 haereticos
1331 1709 1396 1748 esso

147 1776 371 1849 existimabant,
387 1798 571 1838 communem
587 1780 686 1850 fuisse,
703 1779 795 1838 multa
811 1790 985 1855 argumenta
998 1777 1189 1856 comprobent
1205 1780 1244 1856 (p.
1260 1779 1301 1835 83
1318 1772 1395 1855 sqq).

146 1865 265 1923 Tamen
289 1867 319 1923 in
343 1867 421 1923 reris
449 1865 607 1924 haereticis
639 1867 776 1932 Graecos,
808 1865 878 1923 licet
907 1887 957 1924 eos
986 1864 1056 1923 fidei
1087 1864 1268 1924 orthodoxae
1290 1863 1396 1941 depra-

147 1961 268 2010 vatores
291 1950 490 2010 iudicaverint
514 1973 573 2011 uon
597 1951 791 2011 numerabant
815 1953 855 2030 (p.
882 1957 949 2011 101-
965 1951 1052 2031 sqq-l.

253 2037 356 2096 Sectae
379 2041 470 2116 igitur
484 2041 565 2116 origo
587 2038 657 2099 inde
680 2049 773 2098 ortum
798 2061 881 2098 suum
904 2039 993 2103 ducit.
1016 2039 1102 2118 quod,
1125 2059 1191 2096 cum
1206 2047 1280 2116 patr.
1295 2035 1394 2095 Nicon

147 2126 221 2184 ritus
244 2124 392 2203 librosque
415 2126 566 2204 liturgicus
588 2129 672 2186 iuxta
692 2129 937 2186 recentiorum
961 2125 1140 2185 Graecorum
1156 2125 1339 2204 exemplaria
1354 2123 1393 2181 ed

147 2213 379 2270 uniformitatem
409 2215 468 2271 iam
500 2213 619 2274 redacta
648 2217 793 2292 corrigere
826 2215 969 2279 iussisset,
995 2247 1038 2256 -—
1060 2213 1145 2272 multi
1172 2213 1314 2281 homines,
1337 2212 1390 2289 qui

147 2299 278 2358 Graecos
301 2300 375 2358 falso
398 2299 467 2358 fidei
497 2299 706 2380 depravatores
738 2302 889 2360 declarare
912 2321 972 2359 non
993 2299 1185 2370 desistebant,
1212 2310 1315 2357 eontra
1336 2297 1393 2356 Ni-

148 2388 230 2444 conis
260 2385 379 2446 decreta
409 2389 601 2466 insurgentes,
633 2389 800 2448 schismatis
831 2399 930 2467 patres
960 2389 1055 2446 effecti
1087 2399 1155 2446 sunt
1188 2386 1238 2464 (cf.
1272 2387 1309 2443 13
1341 2405 1393 2462 sq,

148 2475 188 2532 92
213 2495 264 2552 sq,
290 2477 348 2532 107
373 2473 458 2553 sqq).

251 2562 294 2620 At
316 2559 462 2639 quomodo
485 2563 578 2620 maior
600 2563 759 2622 liussorum
783 2583 850 2640 pers
872 2583 966 2640 eaque
989 2562 1088 2619 sanior
1110 2580 1192 2618 suam
1215 2557 1252 2616 de
1268 2557 1391 2616 Graecis

148 2657 179 2705 ut
208 2647 365 2706 haereticis
394 2651 562 2727 opinionem
593 2649 741 2708 mutavit?
774 2651 852 2708 Patr.
883 2650 999 2707 Nicone
1032 2655 1192 2726 praeeunte
1223 2644 1254 2703 id
1281 2644 1390 2702 factum

149 2743 209 2808 est,
233 2767 274 2778 -
298 2737 323 2794 is
346 2737 434 2808 enim,
457 2755 522 2794 oum
546 2757 563 2794 a
586 2745 659 2814 petr.
683 2736 828 2798 ilierosol.
851 2737 952 2794 Paisio
976 2734 1016 2816 (p.
1033 2737 1073 2793 28
1098 2731 1174 2812 sqq.)
1197 2741 1227 2790 et
1248 2753 1267 2790 a
1286 2742 1392 2790 metro·

148 2822 222 2900 polis
244 2822 418 2882 Kioviensis
442 2822 530 2901 (quoe
556 2822 610 2880 hec
634 2825 773 2900 opinione
797 2824 908 2881 infecta
930 2843 989 2881 non
1004 2823 1080 2899 erat)
1103 2817 1325 2899 professoribus,
1350 2853 1389 2862 -

149 2911 310 2986 respective
323 2907 361 2967 ab
373 2909 544 2988 Epiphanio
568 2909 760 2986 Slovineclrij,
777 2909 917 2968 librorum
942 2909 1142 2985 liturgieorum
1166 2907 1334 2985 interprete,
1349 2939 1389 2947 -

150 3015 219 3074 quos
241 2997 401 3074 imperator
423 2995 460 3054 ed
484 2995 649 3055 docendum
672 2999 703 3055 in
727 2996 921 3055 Academiam
948 2997 1185 3054 Moscoviensem
1208 2995 1389 3051 inritaverat

150 3083 188 3160 (p.
211 3084 249 3141 34
273 3082 361 3161 sqq),
385 3118 423 3126 —
449 3083 486 3142 de
509 3082 641 3142 eiusdem
664 3084 812 3162 opinionis
836 3083 966 3142 falsitate
989 3085 1052 3161 ipse
1075 3081 1195 3140 edoctus
1217 3092 1303 3151 esset,
1319 3080 1388 3137 hnic

150 3169 261 3228 fortiter
283 3171 392 3228 restitit
414 3189 538 3248 eamque
561 3169 697 3230 omuibus
720 3170 833 3228 viribus
856 3168 1027 3228 debellavit.

249 3257 335 3315 Licet
357 3265 455 3316 autem
480 3257 568 3316 Russi
591 3257 640 3316 vel
663 3259 759 3336 potins
782 3258 880 3316 Nicon
903 3257 1075 3315 iniuriosam
1098 3273 1181 3312 suam
1204 3255 1236 3311 in
1258 3249 1389 3312 Graecos

151 3345 315 3421 opinionem
327 3342 525 3422 deposuerint,
549 3347 621 3402 ritus
644 3355 743 3403 tamen
759 3343 946 3424 dogmatibus
969 3362 1165 3402 annumerare
1186 3361 1247 3399 non
1269 3337 1390 3398 destite-

150 3439 214 3488 runt
235 3426 275 3510 (p,
300 3432 339 3488 58
363 3429 456 3509 sqq),
479 3451 554 3509 quae
576 3433 676 3510 opinio
697 3433 785 3491 etiam
809 3431 866 3490 hoc
887 3441 1026 3509 tempore,
1048 3430 1119 3488 licet
1134 3430 1247 3486 minore
1269 3424 1390 3497 ambitu,

151 3537 227 3575 suam
250 3525 369 3576 exercet
390 3520 462 3575 vim.
484 3519 559 3576 Enni
579 3531 676 3577 autern
700 3518 737 3576 de
754 3517 877 3577 Graecis
892 3520 1112 3596 persuasionem
1127 3515 1219 3574 fuisse
1241 3515 1389 3580 iniustam,

150 3613 206 3662 tum
229 3624 266 3662 ex
289 3607 363 3663 ritus
394 3607 522 3678 notione,
544 3614 606 3664 tum
630 3627 667 3664 ex
690 3607 798 3664 rituum
821 3603 900 3684 apud
923 3603 1053 3663 Graecos
1083 3603 1262 3670 evolutione,
1293 3601 1388 3658 mani-

151 3691 219 3749 feste
231 3701 319 3772 patet.
342 3691 430 3750 Russi
447 3694 526 3750 enirn
539 3713 573 3750 eo
584 3703 724 3771 tempore,
740 3713 806 3752 cum
822 3691 900 3772 apud
917 3691 1047 3751 Graecos
1062 3701 1093 3749 et
1106 3692 1214 3748 rituum
1231 3687 1389 3745 diversitas

150 3779 266 3858 vigeret,
288 3799 376 3838 unam
393 3780 466 3837 ritus
489 3778 527 3838 ab
541 3781 613 3858 ipsis
630 3779 752 3838 formam
769 3788 952 3858 acceperant
976 3778 1051 3838 Cum
1066 3797 1137 3836 vero
1156 3775 1264 3834 Graeci
1286 3783 1389 3852 postea

101 3891 109 3904 ·
151 3868 217 3924 ritus
239 3865 276 3924 ad
304 3868 448 3925 unitatem
471 3864 662 3948 redegissent,
692 3887 726 3926 eo
749 3869 813 3946 ipso
835 3866 1039 3924 diversitatem
1063 3885 1081 3923 a
1102 3865 1206 3922 Russis
1228 3864 1260 3921 in
1283 3858 1388 3919 ritibus

152 3951 331 4012 induxerunt.
354 3955 442 4012 Russi
465 3975 535 4012 vero
555 3952 591 4011 ob
608 3975 690 4012 suem
706 3953 743 4012 de
760 3953 883 4012 Graecis
905 3954 1084 4032 opinionem,
1107 3970 1173 4009 cum
1187 3951 1389 4026 manuscripta

151 4040 261 4098 ritualia
287 4039 505 4120 imprimebant,
538 4061 595 4100 non
619 4039 657 4099 ad
680 4043 874 4100 recentiorum
905 4039 1084 4099 Graecorum
1114 4036 1206 4096 libros
1236 4037 1388 4112 liturgieos

152 4129 307 4206 impressos,
330 4125 381 4186 sed
405 4126 444 4186 ad
466 4129 634 4205 antiquiora
655 4131 863 4207 manuscripta,
893 4149 1016 4207 quornm
1039 4128 1100 4185 alia
1121 4124 1159 4184 ab
1181 4124 1249 4182 aliis
1271 4121 1387 4180 differe.-

151 4213 222 4286 bsnt,
244 4213 441 4278 recurrebant.
464 4215 561 4274 Nicon
573 4235 652 4286 vero,
676 4235 742 4273 cum
755 4235 837 4274 snam
860 4214 898 4273 de
910 4214 1034 4274 Graecis
1055 4214 1225 4293 opinionem
1244 4211 1387 4269 mutavis-

152 4311 197 4370 set,
218 4320 276 4360 non
298 4299 337 4359 ad
352 4305 559 4381 manuscripta,
582 4299 634 4360 sed
657 4299 696 4359 ad
717 4303 913 4361 recentiorum
926 4301 1106 4360 Graecorum
1121 4299 1212 4357 libros
1233 4298 1387 4374 liturgicus

151 4391 262 4446 recurrit
285 4383 326 4469 (p.
350 4391 390 4446 27
414 4409 486 4467 sqq,
510 4391 549 4446 59
574 4409 646 4467 sqq,
672 4391 731 4446 107
757 4388 843 4467 sqq).

248 4474 333 4552 Quae
362 4475 485 4534 Niconis
513 4476 691 4546 reformatio,
722 4475 793 4533 licet
823 4475 990 4533 necessaria
1020 4493 1080 4531 non
1103 4470 1199 4541 fuerit,
1221 4478 1322 4528 tamen
1344 4466 1381 4524 ob

152 4563 214 4621 ritus
235 4581 302 4621 cum
325 4560 447 4621 Graecis
470 4560 656 4620 identitatem
684 4581 868 4640 summopere
898 4561 980 4620 utilis
1007 4569 1096 4638 atque
1125 4557 1307 4616 conveniens
1329 4553 1384 4610 fuit

154 4647 187 4727 tr·
208 4651 245 4708 ⁵8
269 4644 355 4729 nol·
