3450 5342
872 409 895 417 —
938 377 997 434 198
1024 406 1060 419 -·

342 559 525 614 scholastica
538 561 713 615 auctoritati
726 561 902 617 Aristotelis
913 561 1057 628 obnoxia,
1077 561 1157 617 sitne
1176 561 1352 627 infecunda,
1372 561 1458 615 sitne
1478 561 1587 615 methas

341 628 401 709 dus
427 629 535 697 logica,
567 629 711 710 termulis
737 631 1156 712 gravidamcommutanda
1182 631 1330 712 melbodc
1357 631 1586 712 psychologiea

341 698 625 837 ῗὲῑιξιίῖῧεῗὲιέἐῗὲίκε
651 708 860 769 experientiae
880 716 1011 768 immica,
1031 716 1223 771 progressus
1249 717 1280 755 m
1300 707 1439 755 ueritate
1464 717 1589 769 cogens

444 863 544 924 lm·
562 864 600 923 llo
618 863 640 923 l'
659 864 764 924 Orioni
788 864 926 925 christion
947 868 1022 928 1906,
1049 866 1084 920 N.
1105 869 1133 921 1:
1160 865 1318 936 Mnnpcnot,
1345 865 1380 920 L‘
1402 865 1531 935 origine
1548 881 1590 920 es·

341 933 473 1003 paguule
492 934 535 989 du
556 933 703 1004 Filioque.

442 1028 543 1088 Ισηο
572 1028 812 1089 insomnium·
842 1030 880 1090 io
911 1029 1025 1090 titolo
1058 1045 1084 1090 ο.
1123 1033 1197 1097 1906,
1227 1031 1578 1088 catabra-Decembre

342 1099 384 1152 lle
408 1115 484 1154 orme
513 1100 551 1153 de
580 1101 642 1154 Son
674 1100 745 1154 Exc.
777 1101 813 1154 Α.
833 1099 952 1155 Kireefl
969 1116 1008 1156 au
1057 1143 1062 1154 .
1092 1102 1124 1155 P.
1145 1101 1249 1171 Malvy
1278 1117 1336 1155 sur
1364 1101 1384 1154 l’
1407 1101 1511 1155 anion
1536 1102 1587 1155 des

342 1115 473 1236 Egllses.
493 1185 521 1238 p.
541 1170 670 1224 787-91.

444 1244 474 1293 Δ.
495 1238 598 1307 Κίνδων,
621 1254 734 1293 nomeu
748 1238 778 1294 iu
794 1239 908 1294 Russia
924 1238 1142 1305 clarissimum,
1161 1239 1393 1295 adtractatum:
1419 1240 1473 1294 ›L’
1491 1240 1587 1296 Unica

339 1306 395 1360 des
413 1307 550 1375 Eglises‹
571 1308 688 1363 editum
710 1310 749 1362 ab
769 1310 802 1363 Α.
817 1309 921 1379 Malvy
941 1324 966 1363 a.
988 1310 1055 1364 1906
1067 1309 1212 1375 Tournai,
1232 1309 1306 1364 haec
1326 1310 1394 1364 lere
1414 1310 1589 1379 rescripsit.

442 1379 475 1431 Α.
496 1378 616 1439 Kireev,
644 1378 815 1448 generatim
841 1378 1039 1433 consentiens
1058 1395 1128 1434 cum
1147 1383 1280 1446 auctore,
1309 1379 1465 1434 unionem
1487 1385 1587 1434 tamen

341 1445 520 1514 impeditam
541 1463 610 1501 esse
630 1454 726 1516 putat.

442 1516 481 1571 Ut
506 1515 629 1586 singula
655 1532 833 1586 sequamur,
858 1517 897 1572 de
917 1519 1009 1573 modo
1029 1517 1225 1588 procedendi,
1251 1519 1290 1572 dc
1309 1517 1506 1572 necessitate
1525 1532 1589 1587 per·

338 1583 487 1639 licieudae
507 1586 631 1641 unionis
650 1587 717 1641 eius
743 1603 780 1641 ue
799 1586 1031 1655 impedimentis
1050 1587 1164 1656 agitur.

440 1655 552 1710 Modus
567 1604 755 1725 procedemli
769 1662 895 1725 praesto
910 1664 957 1711 eet
970 1657 1095 1726 duplex,
1115 1657 1192 1711 alter
1204 1656 1363 1711 exclusive
1380 1656 1586 1714 scientificus

334 1723 412 1777 alter
440 1731 599 1793 practerea
626 1727 783 1794 quandam
804 1727 1073 1795 comprehendens
1101 1725 1358 1781 consuetudinem
1389 1733 1421 1780 et
1453 1727 1585 1781 amicam

335 1793 591 1852 benevolentiam.
610 1812 671 1864 qua
692 1796 736 1857 lit,
762 1802 795 1850 ut
815 1802 920 1864 partes
940 1812 1002 1851 uon
1022 1796 1123 1851 solum
1143 1795 1193 1850 dis
1205 1802 1305 1850 autent
1326 1795 1383 1850 sed
1403 1797 1504 1851 etiam
1530 1797 1585 1851 sibi

332 1862 440 1918 fidant.
458 1864 539 1918 Num
551 1864 707 1933 posterior
718 1864 758 1919 sit
770 1865 887 1929 melior,
901 1865 972 1934 qtris
984 1865 1126 1921 dubitet?
1148 1866 1168 1920 S
1218 1865 1450 1935 consequimur
1462 1882 1587 1935 semper

334 1933 540 2001 propositum,
553 1935 679 2004 quando
692 1936 769 1989 beue
779 1935 962 2004 coepimus?
983 1935 1178 2004 Speraudum
1195 1936 1288 1989 estin
1302 1940 1413 1989 nostra
1426 1951 1474 2003 re,
1495 1936 1586 1990 modo

334 2018 371 2056 ue
390 2005 577 2072 desperetur
595 2004 633 2057 de
654 2004 774 2059 sincera
792 2004 995 2128 incauisitione
1015 2004 1164 2060 veritatis.

437 2072 473 2127 lu
486 2073 669 2128 necessitate
681 2073 828 2141 perlicien
853 2090 889 2129 ae
908 2074 1033 2129 unionis
1047 2073 1233 2144 inquirenda
1248 2089 1310 2130 non
1324 2078 1381 2140 cst,
1402 2090 1465 2128 cur
1479 2075 1586 2129 immo

334 2157 447 2197 remur.
469 2142 610 2198 Clamant
631 2142 739 2197 missio
758 2143 911 2210 ecclesiae,
931 2144 1096 2199 luctacius
1115 2143 1261 2198 continua
1280 2159 1350 2198 cum
1371 2144 1538 2198 atlreismo
1557 2153 1582 2198 et

334 2211 597 2267 indifferentismo
617 2219 710 2281 atque
730 2213 798 2282 ipsa
818 2212 991 2268 Salvatoris
1012 2213 1165 2268 voluutas.

439 2281 577 2352 Denique
605 2283 780 2350 exponitur,
808 2282 884 2352 quid
914 2289 1127 2353 opportunum
1159 2281 1230 2336 huic
1261 2281 1388 2350 negotio
1417 2283 1472 2352 sit,
1511 2283 1584 2353 quid

334 2351 444 2404 obstet.
473 2351 571 2406 Maior
595 2351 743 2420 opinandi
762 2352 899 2417 libertas,
929 2352 1057 2407 mutatis
1083 2352 1142 2406 iam
1174 2352 1368 2420 temporibus
1396 2353 1500 2407 modo
1520 2369 1583 2421 per·

334 2420 475 2487 mittitur,
494 2437 588 2490 quam
606 2426 695 2476 autea
715 2437 862 2492 unquam.
884 2423 1054 2491 Propterea
1067 2420 1158 2476 etiam
1179 2427 1284 2476 utrum
1308 2436 1361 2474 ›ex
1375 2421 1477 2476 Patre
1500 2422 1578 2476 solo-

332 2505 370 2544 au
394 2505 446 2544 »ex
467 2491 557 2545 Patre
580 2490 734 2561 Filioque«
757 2492 905 2560 procedat
924 2491 1060 2561 Spiritus
1081 2507 1104 2545 s.
1123 2491 1283 2546 conveniri
1303 2491 1420 2559 poterit
1441 2522 1475 2529 --
1508 2492 1581 2546 »Sed

332 2575 481 2628 semper«,
501 2560 602 2630 iuquit
617 2560 729 2615 Kirecv
754 2560 826 2616 »crit
839 2561 1036 2616 obstaculum
1056 2559 1266 2629 insuperabile
1286 2560 1367 2615 inter
1385 2560 1581 2616 christianos

332 2629 469 2683 (trientis
488 2635 518 2683 et
537 2630 870 2685 catholicoRomauos:
889 2630 966 2686 illud
986 2630 1180 2686 obstaculum
1201 2634 1249 2684 est
1269 2630 1384 2700 dogma
1404 2630 1445 2684 de
1468 2630 1579 2685 infalli-

332 2698 448 2753 editae
469 2699 556 2754 Rom.
583 2700 743 2754 Pontificis
774 2700 1004 2755 ”delinitumu
1035 2700 1216 2755 tristissima
1240 2699 1443 2769 praecisione,
1475 2701 1578 2755 forma

330 2768 546 2822 insanabiliter
564 2770 736 2837 categorica
756 2774 802 2893 ql}
817 2773 902 2836 790).‹
925 2770 1011 2824 Idem
1033 2774 1129 2893 optat:
1151 2792 1243 2823 »....
1265 2769 1576 2826 confoederationem

331 2837 529 2892 ecclesiarum
558 2838 606 2893 sui
625 2839 705 2893 iuris
730 2839 762 2909 (d
805 2840 901 2908 glises
921 2840 1051 2908 autocep
1075 2840 1151 2906 ales)
1180 2838 1352 2893 »unitarum
1378 2839 1513 2894 vinculo
1532 2856 1578 2894 eo

331 2907 462 2960 ruudem
483 2907 676 2976 dogmatum,
696 2909 750 2963 sed
769 2909 896 2964 erpuino
915 2908 1086 2964 liberorum
1107 2909 1137 2962 in
1157 2907 1358 2978 opinionibus
1377 2908 1577 2979 theologicis

331 2991 449 3099 {paqutc
477 2977 755 3102 admin7i9sltratioue,
783 2995 845 3033 nou
874 2979 1054 3033 habentium
1083 2978 1167 3033 aliud
1195 2983 1287 3047 caput
1317 2983 1443 3047 praeter
1474 2981 1576 3034 solum

349 3061 422 3099 111'18
439 3054 518 3101 umt
546 3088 551 3099 .
624 3053 656 3101 l.‹

435 3115 494 3170 Sed
510 3063 581 3185 ullus
601 3117 632 3171 iu
652 3116 780 3171 ecclesia
793 3117 950 3184 catholica,
970 3117 1124 3172 destinata
1145 3133 1202 3186 pro
1216 3116 1366 3172 universo
1385 3117 1475 3183 orbe,
1497 3118 1579 3187 puri·

330 3190 422 3238 tatem
450 3191 479 3239 et
503 3185 709 3254 integritatem
732 3187 871 3242 servabit
891 3186 988 3241 fidei?
1021 3187 1141 3241 adhoc
1159 3186 1363 3242 obtinendum
1391 3191 1446 3240 aut
1478 3203 1576 3242 uuum

329 3269 494 3310 ‹ecmmuue
519 3256 652 3323 siugulis
678 3256 818 3311 coetibus
842 3265 935 3326 caput
960 3271 1143 3336 supremum
1163 3256 1328 3312 iuridicum
1354 3271 1417 3309 uon
1443 3256 1577 3311 honoris

330 3330 448 3379 tautum
471 3325 513 3394 (v.
524 3325 609 3388 ibid.)
629 3332 682 3380 aut
697 3325 910 3383 immediatum
925 3331 1106 3381 continuum
1122 3325 1275 3381 influxum
1296 3325 1439 3380 divinum
1460 3342 1578 3381 versus

329 3394 470 3462 singulos
499 3402 605 3449 <serietas
634 3395 880 3464 independentes
906 3400 1042 3451 statuere
1066 3395 1197 3463 cogeris.
1225 3396 1417 3451 Alterutrum
1445 3411 1576 3451 necesse

328 3464 463 3517 cumino.
490 3464 549 3518 Sed
578 3472 683 3518 utrum
709 3465 801 3535 elegit
829 3465 978 3521 fundator
997 3464 1164 3519 ecclesiae?
1202 3465 1276 3535 Ipsa
1300 3465 1395 3519 iacies
1421 3471 1530 3521 terrae
1548 3473 1575 3519 et

328 3532 457 3588 historia
479 3542 622 3588 coetuum
637 3534 763 3589 aRorua
786 3542 1000 3604 separatarum
1024 3534 1080 3589 tibi
1103 3535 1279 3604 respondet,
1298 3533 1426 3589 omissis
1445 3534 1572 3590 interim

328 3603 468 3657 lontibus
485 3604 675 3672 theologicis.

433 3672 490 3728 Ubi
510 3679 557 3727 est
577 3672 697 3743 puritas
717 3678 746 3727 et
765 3673 911 3728 identitas
930 3673 1003 3729 fidei
1023 3672 1053 3727 iu
1074 3674 1213 3730 coetibus
1233 3673 1410 3728 autonomis
1431 3681 1462 3727 et
1483 3690 1570 3743 sepa·

328 3741 403 3795 ratis
423 3758 439 3795 a
459 3748 565 3796 centro
594 3746 765 3811 cupreum?
799 3743 1000 3798 Dissensione
1029 3759 1086 3798 sua
1109 3744 1224 3799 iulide
1251 3743 1397 3799 evincunt
1425 3742 1568 3798 divinam

326 3811 551 3866 iustitutionem
574 3813 736 3880 primatus.
761 3844 792 3851 —
814 3814 921 3882 Neque
941 3813 1019 3867 solet
1040 3813 1131 3881 Deus,
1158 3813 1284 3867 omissis
1314 3811 1425 3868 mediis
1445 3820 1571 3869 natura-

327 3880 408 3934 libus
435 3881 582 3935 continuo
610 3883 759 3937 adhibere
779 3882 935 3937 ruiraeula.
967 3882 1102 3937 Omuiuo
1132 3883 1238 3952 nequit
1262 3881 1474 3953 insuperabile
1501 3899 1570 3937 esse

326 3949 594 4018 impedimentum,
621 3951 673 4006 ubi
693 3953 855 4022 quaeritur
875 3968 949 4007 vera
968 3952 1103 4019 ecclesia,
1128 3968 1207 4022 quae
1226 3952 1375 4019 catholica
1400 3967 1456 4006 seu
1476 3953 1570 4007 desti·

326 4027 396 4072 nata
416 4019 563 4073 omuibus
584 4020 772 4087 hominibus
792 4028 876 4076 certo
896 4020 1041 4090 cognosci
1061 4022 1161 4077 debet.
1420 4090 1452 4158 Ο
1487 4076 1521 4157 Z

753 4279 1138 4361 MlSCELLANEA.

433 4454 476 4522 lic
500 4472 561 4523 usu
593 4455 726 4539 linuuac
757 4456 907 4525 slavicae
940 4458 969 4525 in
994 4473 1097 4526 sacra
1119 4457 1261 4543 liturpia.

431 4560 499 4623 lluo
532 4562 721 4642 prodierunt
744 4563 869 4626 ultimis
892 4562 1094 4645 temporibus
1118 4564 1239 4629 Sacrae
1262 4562 1398 4625 Rituum
1421 4559 1559 4640 Congre-

321 4648 460 4727 gationis
482 4647 622 4727 decreta,
647 4668 731 4730 quae
755 4650 857 4713 relate
881 4650 923 4714 ad
947 4651 1175 4740 quaestionem
1199 4650 1238 4714 de
1261 4669 1322 4713 usu
1346 4649 1474 4727 linguae
1496 4649 1558 4710 sla-
