3450 5342
884 420 920 427 —
947 388 1006 441 lita
1033 418 1069 427 -

454 574 503 634 Ad
526 585 691 633 extremum
712 574 801 633 liceat
833 574 919 633 nobis
950 572 1180 653 disputationem
1211 594 1319 651 magna
1341 594 1379 631 ex
1402 585 1487 653 parte
1512 572 1588 651 paulo

349 662 558 722 abstrusiorem
581 661 755 740 improbare.
786 664 872 737 Quae
895 662 989 737 magis
1013 682 1052 730 re,
1083 682 1172 740 (quam
1200 663 1378 738 cogitatione
1410 672 1590 739 exponuntur

350 770 385 809 ac
407 742 461 808 sub
485 761 605 827 aspectu
628 768 721 826 paene
744 759 900 827 ponuntur,
923 748 1039 807 facilius
1064 748 1276 826 intelliguntur,
1299 746 1338 805 ad
1361 744 1590 825 persuadendum

352 838 467 915 aptiora
489 848 565 893 sunt.
599 836 758 894 Praeterea
781 834 867 893 rebus
890 837 1063 911 cogitationi
1094 846 1208 895 tantum
1231 834 1378 903 subiectis,
1409 854 1469 892 non
1492 836 1591 899 sensui,

353 923 440 982 facile
471 920 585 1001 aliquid
616 924 806 1000 praeteritur,
837 922 919 981 velut
951 925 1059 993 nescio,
1090 944 1147 1001 quo
1178 920 1264 981 modo
1295 932 1470 998 argumento
1501 940 1527 998 p.
1560 922 1593 977 lt't

353 1013 488 1088 exposito
518 1007 680 1067 similitudo
711 1011 912 1085 generationis
943 1011 1122 1087 aequivocae
1151 1030 1217 1068 cnm
1240 1010 1355 1086 origine
1384 1007 1593 1088 crystallorum.

354 1118 430 1176 quae
454 1098 556 1173 negari
579 1098 701 1155 minime
724 1108 828 1175 potest,
852 1098 988 1175 intercipi
1013 1108 1109 1175 queat.
1141 1096 1187 1155 De
1216 1095 1293 1154 libro
1323 1096 1360 1153 Ε.
1390 1094 1529 1153 Babilr
1557 1092 1593 1171 (p.

358 1186 495 1259 131—6)
519 1203 565 1241 res
588 1181 642 1241 snb
664 1183 763 1242 oculos
785 1182 919 1243 subiecta
941 1204 976 1241 ac
1000 1182 1121 1242 definite
1144 1194 1269 1242 tractata
1291 1182 1422 1261 depromi
1446 1183 1552 1260 potuit.

458 1270 526 1328 lloc
548 1268 696 1328 desiderio
718 1290 858 1349 expresso
880 1290 1020 1329 censurae
1051 1270 1140 1329 tinem
1167 1270 1290 1329 facimus
1313 1272 1488 1347 scriptorem
1510 1270 1592 1327 etiarn

354 1359 387 1415 in
409 1357 465 1415 boc
488 1377 596 1435 genere
619 1355 725 1415 librum
755 1356 928 1435 perficiendi
958 1359 1142 1417 occasionem
1167 1368 1318 1416 nacturum
1348 1376 1412 1415 esse
1434 1366 1592 1433 sperantes.

458 1442 491 1509 2.
514 1446 635 1501 Summa
646 1442 733 1501 laude
745 1442 837 1521 digna
847 1454 893 1502 est
915 1445 947 1502 in
959 1444 1051 1503 altaro
1068 1444 1152 1517 libro,
1175 1446 1225 1523 qni
1239 1464 1334 1502 rerum
1354 1442 1491 1502 doctrina
1513 1451 1594 1519 atque

356 1531 562 1609 explicatione,
592 1531 692 1589 multis
722 1530 902 1607 imaginibus
932 1530 1041 1602 adiuta,
1071 1534 1190 1605 eminet,
1221 1532 1318 1590 cautio
1347 1539 1377 1588 et
1406 1530 1594 1599 continentia

355 1638 414 1696 qua
429 1618 563 1695 quaestio
577 1615 615 1674 da
626 1618 741 1693 origine
756 1620 919 1696 specierum
935 1628 1083 1677 tractatur.
1106 1619 1300 1697 Argumenta,
1316 1638 1391 1697 quae
1403 1615 1439 1675 ad
1452 1617 1594 1675 theoriam

354 1704 532 1762 evolationis
562 1702 743 1781 probandam
767 1704 863 1763 afferri
887 1704 991 1775 solent,
1022 1704 1133 1763 nullam
1165 1703 1362 1784 persuadendi
1392 1704 1594 1763 necessitatem

355 1789 497 1849 adhibere
513 1810 572 1849 non
588 1790 675 1849 modo
691 1812 751 1849 non
766 1792 886 1861 celatur,
909 1790 1066 1851 sedetiam
1083 1791 1193 1851 diserte
1211 1812 1310 1853 eorum
1329 1792 1447 1850 exilitas
1466 1788 1595 1868 proditur

356 1877 449 1955 (velut
465 1898 492 1955 p.
509 1878 613 1934 tta-3
631 1876 668 1935 de
684 1898 824 1956 equorum
846 1877 1033 1955 originibus).
1056 1879 1131 1939 Item
1155 1882 1273 1959 optima,
1296 1888 1477 1957 quantopere
1500 1877 1594 1955 opinio

354 1966 554 2043 generationis
580 1967 794 2043 ,aequivocae“
821 1986 839 2023 a
853 1965 988 2025 doctrina
1010 1965 1174 2039 abhorreat,
1197 1965 1361 2025 ostenditur
1383 1961 1422 2045 (p.
1444 1964 1593 2023 131-612

357 2071 535 2129 quamquam
566 2072 640 2129 quae
663 2072 691 2130 p.
717 2054 776 2109 157
801 2061 940 2111 notantur
963 2052 999 2111 de
1022 2055 1199 2130 aenigmatis
1223 2052 1434 2113 insolubilitate
1457 2072 1526 2109 cum
1548 2051 1595 2110 eis.

358 2158 433 2217 quae
455 2158 482 2215 p.
509 2140 568 2195 135
592 2138 717 2215 legimus
740 2138 777 2197 de
800 2138 989 2217 agnoscenda
1018 2150 1117 2199 mente
1147 2161 1194 2199 res
1224 2139 1415 2218 gubernante,
1444 2140 1498 2196 vu'x
1524 2158 1595 2195 com-

357 2235 512 2303 ponuntur.

461 2311 552 2369 (imni
585 2332 694 2387 genere
725 2314 870 2371 cautionis
902 2312 1036 2372 adhibito
1069 2322 1177 2383 tamen,
1211 2324 1243 2373 ut
1273 2314 1449 2373 sententiam
1483 2330 1595 2369 omnem

357 2400 491 2469 evitaret,
521 2418 596 2476 quae
619 2410 857 2475 argumentorum
881 2402 941 2457 vim
965 2398 1129 2471 excederet,
1161 2400 1228 2459 huic
1255 2402 1390 2479 scriptori
1420 2398 1594 2464 doctissimo,

356 2488 406 2563 qui
436 2487 468 2543 in
499 2485 660 2543 Bohcmica
690 2488 883 2545 universitate
913 2486 1058 2563 Pragensi
1089 2485 1223 2547 docentis
1255 2488 1459 2567 physiologiae
1496 2503 1596 2543 munus

356 2574 440 2650 gerit,
463 2592 523 2629 non
544 2573 677 2648 contigit,
700 2571 730 2629 id
747 2572 824 2651 quod
846 2575 880 2631 in
898 2572 974 2633 libro
997 2574 1075 2632 certe
1098 2576 1233 2651 pretioso,
1257 2576 1386 2633 maxime
1409 2570 1594 2631 desideratur.

356 2659 500 2736 Neglecto
529 2657 627 2717 studio
656 2679 765 2730 eorum,
795 2680 871 2737 quaa
893 2659 931 2719 ab
954 2661 1021 2719 aliis
1045 2660 1092 2719 bis
1115 2660 1152 2719 de
1175 2660 1261 2721 rebus
1285 2664 1394 2741 scripta
1417 2663 1476 2719 iam
1507 2666 1594 2729 erant,

356 2745 387 2804 id
421 2743 564 2803 accidisse
598 2745 723 2804 arbitror
757 2767 812 2805 nec
846 2768 950 2806 vereor
983 2747 1095 2807 dicere·
1115 2767 1181 2807 eum
1216 2768 1274 2807 non
1309 2748 1402 2807 solum
1436 2768 1479 2815 aa
1525 2764 1593 2825 quae

358 2836 388 2890 S.
418 2832 697 2907 Koriinslrij,
732 2832 977 2910 (Geterogenezie
1012 2837 1021 2893 i
1051 2835 1198 2911 evolucija
1232 2832 1318 2913 [3a11.
1343 2832 1474 2917 Hune-p.
1500 2834 1595 2905 Aaou.

358 2915 488 3002 Hayrs‘a.
521 2919 558 2975 Τ.
580 2918 637 2979 IX.
671 2920 717 2979 No
741 2923 769 2978 2.
805 2920 899 2999 1899]
923 2921 1034 3001 aliique
1057 2926 1244 3001 scripserunt,
1279 2923 1454 3000 neglexisse,
1490 2920 1539 2981 sed
1563 2940 1594 2977 ne

358 3003 526 3081 Wigand
550 3004 670 3083 quidem
692 3010 864 3066 excussisse.

464 3092 566 3165 Agens
581 3091 618 3151 de
633 3092 749 3152 theoria
763 3094 941 3153 evolationis
956 3114 1021 3153 eam
1045 3097 1213 3173 opinionem
1236 3106 1351 3165 tractat,
1375 3116 1433 3174 qua
1448 3092 1486 3153 ad
1503 3096 1593 3153 varias

358 3179 590 3255 organismorum
607 3182 744 3250 rationes,
763 3184 892 3239 maxime
908 3192 1005 3240 autem
1022 3181 1060 3240 ad
1077 3181 1300 3241 similitudinem
1317 3192 1346 3241 et
1362 3183 1593 3241 convenientiam

357 3265 524 3334 formarum,
556 3286 645 3344 quam
668 3288 777 3344 negare
799 3289 886 3327 nemo
909 3278 1012 3346 potest,
1045 3268 1238 3347 explicandas
1261 3268 1403 3328 historica
1418 3284 1454 3331 et
1478 3270 1594 3349 physica
1680 3312 1681 3327 .

358 3355 519 3431 specierum
554 3353 684 3412 evolutio
718 3356 863 3413 statuitur.
901 3353 987 3431 Quod
1022 3356 1153 3415 theoriae
1188 3356 1366 3415 evolationis
1397 3377 1503 3415 nomon
1536 3354 1592 3413 dari

357 3450 454 3519 potest
476 3441 566 3497 etiarn
590 3440 635 3497 illi
658 3443 799 3519 opinioni,
816 3442 889 3520 'qua
912 3440 1055 3521 quaedam
1086 3442 1291 3521 phaenomena
1314 3442 1417 3501 eodem
1442 3441 1527 3501 modo
1548 3462 1594 3499 ex·

356 3526 513 3604 plicantur,
543 3535 574 3584 at
597 3528 800 3587 similitudinis
823 3540 853 3587 et
875 3531 1109 3599 convenientiae,
1141 3550 1228 3609 quam
1261 3529 1399 3599 diximus,
1431 3550 1519 3589 causa
1541 3548 1593 3587 non

357 3615 389 3672 in
411 3615 561 3685 historica,
592 3613 770 3673 accidentali
800 3617 968 3675 evolutione
999 3618 1124 3694 ponitur,
1156 3616 1207 3675 sed
1238 3619 1269 3675 in
1300 3620 1446 3675 communi
1480 3618 1593 3681 ratione,

357 3721 415 3778 qua
448 3721 485 3757 ex
518 3701 614 3778 operis
649 3702 769 3759 creandi
803 3702 943 3761 membris
977 3704 1158 3762 conveniens
1190 3722 1350 3763 consensus
1384 3714 1593 3780 concentusque

358 3788 510 3845 efficiatur.

461 3873 546 3930 Haec
576 3876 676 3952 opinio
705 3877 736 3933 in
767 3875 821 3933 hoc
849 3874 924 3934 libro
955 3878 1074 3935 omniuo
1105 3877 1272 3955 negligitur.
1310 3876 1378 3935 Non
1405 3886 1518 3936 tantum
1546 3878 1592 3937 eis

357 3979 433 4037 quae
456 3959 492 4017 de
516 3980 691 4036 organorum
723 3962 995 4022 accommodatione
1027 3966 1148 4042 eiusque
1178 3962 1359 4022 hereditaria
1388 3966 1591 4042 propagatione

356 4054 502 4114 notantur,
527 4045 579 4103 sed
602 4050 682 4106 omni
704 4052 889 4127 expositione
913 4052 975 4108 eins
998 4054 1149 4129 persuasio
1172 4072 1203 4110 sa
1226 4049 1346 4122 indicat,
1370 4052 1509 4128 optimam
1533 4070 1591 4109 esse
1679 4100 1680 4111 .

355 4130 437 4188 illam
461 4134 638 4211 opinionem,
662 4134 861 4211 homologiam
883 4138 1176 4217 contermitatemque
1193 4140 1224 4196 in
1239 4136 1325 4196 rebus
1341 4139 1489 4214 organicis
1504 4139 1591 4195 mani-

354 4218 468 4290 festam,
496 4219 653 4294 ,zdkladni
678 4220 795 4301 shodni
818 4222 955 4281 stavebni
979 4225 1066 4302 plin‘
1094 4224 1130 4283 de
1154 4245 1211 4303 quo
1233 4246 1261 4302 p.
1278 4226 1318 4283 33
1342 4224 1476 4301 legimus,
1500 4243 1592 4283 nona

351 4307 442 4383 priori
472 4308 504 4365 in
534 4306 603 4365 idea
634 4307 739 4367 divina
770 4309 908 4382 adfixisse,
946 4309 997 4369 sed
1030 4332 1047 4369 a
1077 4314 1231 4391 posteriori
1263 4311 1402 4369 historica
1432 4312 1591 4370 evolutione¹

351 4401 445 4450 ortam
469 4414 542 4453 esse.
565 4395 724 4453 Praeterea
747 4416 886 4473 expresse
910 4406 1035 4474 negatur
1058 4401 1214 4477 quicquam
1239 4408 1340 4456 contra
1360 4398 1438 4457 hanc
1454 4399 1591 4457 theoriam

352 4479 449 4537 afferri
473 4502 557 4559 posse
581 4480 620 4559 (p.
646 4481 686 4555 9).
723 4482 757 4540 ln
781 4482 837 4541 hac
860 4505 891 4541 re
914 4486 1043 4543 stares
1067 4482 1254 4565 (Vieobecnd
1277 4485 1442 4565 fysiologie,
1474 4506 1500 4564 p.
1525 4486 1591 4559 120)

354 4568 467 4625 cautius
490 4568 608 4627 videtur
631 4568 784 4638 iudicasse,
808 4590 874 4628 cum
897 4571 1028 4629 theoriae
1052 4571 1138 4631 buius
1163 4573 1224 4629 vim
1249 4574 1279 4630 in
1303 4570 1439 4631 absentia
1463 4572 1591 4637 melioris,

355 4662 387 4711 ut
409 4652 535 4727 rebatur,
558 4666 679 4734 poneret
702 4652 751 4738 (cf.
775 4656 889 4729 Babtk,
912 4679 939 4735 p.
966 4660 1025 4716 153
1051 4654 1094 4737 a).
