3450 5342
708 520 880 574 ..79-

171 701 289 762 eosdem
312 701 421 762 salubri
445 704 646 764 satisfactione
667 716 806 784 purgatos
835 705 874 763 ad
906 708 1139 766 communionem
1163 717 1411 766 sacramentomm

170 812 222 868 per
246 792 362 848 ianuam
386 792 633 850 reconciliationis
657 791 873 853 admitterent.“
895 826 936 838 -
959 793 1203 870 Fulgentius,
1228 793 1274 852 De
1296 795 1409 860 remiss,

169 885 280 954 peocm.
297 877 316 937 l.
341 883 367 941 l,
391 899 414 935 c.
434 880 487 943 242
514 879 595 951 ,Soli
610 881 690 936 enim
709 879 753 938 illi
772 878 936 958 [ecclesiae]
961 880 1106 938 Dominus
1124 880 1238 958 ligandi
1262 879 1411 940 solvendi-

169 985 225 1042 qoo
254 963 356 1021 tribuit
384 976 558 1042 potestatem
588 964 711 1024 dicens:
742 965 815 1024 'ribi
836 965 913 1025 dabo
936 967 1036 1026 claves
1066 969 1149 1044 regni
1181 968 1326 1026 caelorum
1355 977 1409 1026 etc.

169 1049 255 1126 Quod
278 1071 348 1126 ergo
371 1061 474 1109 sancte
500 1052 624 1111 ecclesia
652 1055 685 1110 in
708 1052 763 1111 boc
791 1053 908 1112 saeculo
936 1073 995 1112 non
1019 1053 1147 1116 solverit.
1182 1055 1224 1112 ita
1253 1053 1410 1114 insolubile

169 1148 275 1206 manet,
299 1148 330 1196 ut
353 1141 442 1196 etiam
467 1141 497 1196 in
528 1139 624 1198 loturo
646 1139 722 1198 solvi
752 1140 920 1198 nullatenus
951 1143 1052 1218 possit.
1083 1140 1205 1218 Ligatus
1237 1151 1281 1198 est
1313 1153 1410 1200 antem

171 1226 265 1282 omnis
288 1225 383 1287 homo.
407 1245 493 1303 qucm
517 1228 575 1284 ista
597 1247 657 1285 non
672 1226 801 1296 solverit,
824 1247 879 1285 nec
902 1239 1097 1305 consequetur
1111 1227 1231 1306 aliquod
1256 1227 1409 1288 solutionis

170 1308 353 1382 beneficium,
377 1315 426 1390 qui
450 1333 509 1370 non
531 1333 690 1372 conversus
713 1312 751 1371 ad
766 1316 978 1392 poenitentiam
1004 1317 1035 1372 in
1050 1313 1176 1374 ecclesia
1198 1313 1255 1373 sibi
1279 1312 1408 1374 dandam

169 1400 331 1474 speraverit
354 1397 570 1475 indulgentiam
593 1403 804 1478 peccatomm.“
839 1435 878 1444 -—
911 1401 958 1462 cf.
980 1403 1070 1458 etiam
1105 1400 1363 1460 Caelestinus
1387 1401 1411 1474 l,

170 1484 225 1562 Ep.
248 1487 276 1542 4.
300 1485 338 1542 ad
360 1487 450 1563 episc.
472 1508 553 1564 prov.
577 1487 663 1546 Vien.
685 1495 715 1544 et
729 1486 860 1546 Narbon.
884 1491 948 1546 n.3
973 1487 1027 1564 (th.
1051 1490 1078 1560 2,
1101 1509 1129 1566 p.
1148 1488 1205 1548 Ill.
1228 1486 1266 1545 ad
1292 1489 1340 1560 10,
1355 1487 1411 1564 A),

171 1571 391 1651 Dionysius
415 1573 533 1641 Alex,
558 1573 607 1632 nd
622 1573 786 1647 Cononem;
810 1575 1045 1653 Aphraates,
1068 1575 1154 1634 Dem.
1172 1577 1200 1642 7,
1222 1594 1246 1632 o.
1264 1578 1316 1648 113
1340 1595 1363 1632 c.
1383 1577 1411 1632 5.

273 1659 466 1718 Attendenda
488 1681 604 1740 quoqne
632 1670 678 1719 est
698 1672 761 1718 tota
790 1664 1006 1738 argumentatio
1035 1671 1150 1740 patrum
1182 1669 1285 1720 contra
1306 1661 1408 1720 Nova·

168 1748 272 1816 tianos,
296 1749 347 1824 qni
369 1745 604 1824 desperationem
627 1768 692 1806 esse
714 1748 863 1826 sequelam
886 1749 955 1808 talis
979 1747 1129 1806 doctrinae
1149 1747 1338 1806 contendunt.
1362 1747 1410 1806 cf.

169 1831 323 1892 Pacian.
348 1833 416 1911 (Ep.
439 1837 467 1906 3,
490 1856 518 1892 n.
545 1831 588 1913 ll:
616 1833 712 1913 ,quod
734 1846 799 1912 post
820 1834 1001 1913 baptismum
1025 1837 1174 1912 poenitere
1198 1855 1255 1893 uon
1279 1834 1407 1910 liceat“;
1462 1847 1464 1850 '

170 1919 293 1979 Hilar.
318 1917 367 2000 (In
382 1921 431 1978 Ps.
457 1923 526 1991 137,
551 1943 578 1980 n.
595 1923 643 1997 8):
669 1924 816 1999 ,peccatis
832 1923 1054 2001 poenitentiam,
1078 1922 1196 1980 veniam
1220 1931 1249 1980 et
1271 1921 1409 1980 solatium

170 2025 228 2064 non
251 2007 438 2085 relinquunt*
458 2017 512 2066 etc.
535 2008 602 2080 sed,
626 2011 653 2066 si
666 2018 782 2086 praeter
805 2009 905 2068 claves
919 2009 1061 2066 ecclesiae
1084 2007 1143 2066 alio
1166 2006 1252 2066 modo
1275 2009 1409 2068 remissio

168 2102 352 2170 peccatomm
376 2096 525 2172 impetrari
548 2096 698 2174 potuisset,
722 2094 804 2155 nulla
826 2095 930 2155 fnisset
954 2097 1029 2154 ratio
1051 2093 1237 2173 desperandi.
1256 2128 1293 2135 —
1318 2093 1407 2154 Adde

168 2178 356 2238 traditionem
380 2183 411 2240 in
435 2183 526 2241 variis
547 2183 688 2241 ecclesiis.

274 2263 314 2326 4⁰
336 2266 419 2326 Idem
442 2267 547 2346 probat
568 2289 637 2328 usus
660 2272 692 2328 in
706 2279 806 2328 vetere
828 2269 963 2327 ecclesia.
980 2267 1103 2327 Constat
1125 2269 1204 2326 enim
1229 2265 1268 2348 a)
1297 2268 1407 2340 „eccle-

168 2355 242 2411 siam
275 2357 438 2434 antiqnitus
467 2356 566 2434 plures
599 2354 760 2416 edididisse
791 2375 919 2414 canones
949 2355 1184 2433 poenitentiales,
1218 2353 1324 2434 quibus
1355 2375 1407 2432 pro

168 2442 340 2498 anctoritate
375 2441 564 2502 condiciones
593 2444 718 2502 ecclesia
747 2441 952 2512 constituebat,
984 2463 1056 2520 quas
1086 2443 1198 2500 servari
1231 2461 1249 2498 a
1271 2439 1408 2500 fidelibus

167 2538 319 2604 oporteret,
349 2538 382 2586 nt
404 2539 549 2588 certorum
578 2532 734 2588 criminum
753 2533 873 2588 veniam
903 2550 921 2586 a
943 2529 1008 2588 Deo
1031 2549 1083 2607 per
1105 2530 1300 2586 ministerium
1324 2547 1407 2586 suum

167 2624 426 2692 consequerentur,
458 2611 495 2699 b)
518 2617 573 2674 has
596 2615 784 2676 condiciones
808 2637 868 2675 non
891 2618 1027 2674 statuisse
1051 2635 1115 2674 cnm
1139 2615 1195 2673 hac
1218 2614 1404 2687 limitatione,

167 2700 191 2758 si
215 2721 320 2778 nempe
343 2700 446 2762 fideles
477 2704 589 2762 vellent
620 2705 660 2762 uti
682 2703 740 2762 hoo
768 2703 891 2782 speciali
915 2702 1012 2762 medio
1043 2701 1082 2760 ad
1103 2703 1307 2760 remissionem
1330 2699 1405 2759 obti-

167 2785 296 2845 nendam
317 2799 511 2867 peccatorum,
545 2792 686 2849 exercitio
712 2810 819 2869 nempe
849 2809 919 2848 suae
942 2791 1116 2867 potestatis:
1149 2787 1201 2846 sed
1232 2787 1405 2866 simpliciter

167 2893 276 2946 omnes,
299 2895 497 2955 quoscumque
527 2898 563 2935 ea
593 2879 717 2936 crimina
748 2885 904 2954 peccantes
935 2877 972 2934 iis
1004 2874 1225 2934 condicionibus
1249 2873 1404 2952 obligasse,

167 2961 192 3018 si
224 2961 345 3029 vellent,
376 2963 454 3040 quod
477 2975 555 3022 certe
578 2965 655 3023 velle
690 2963 846 3035 debebant,
880 2965 1019 3042 consequi
1054 2963 1256 3020 remissionem
1286 2981 1404 3020 suorum

165 3057 350 3124 peccatorum
373 3069 470 3108 coram
495 3052 571 3114 Deo:
595 3048 628 3132 c)
652 3050 712 3110 illis
734 3049 958 3109 condicionibus
981 3069 1040 3107 non
1064 3050 1189 3106 servatis
1213 3057 1242 3106 et
1265 3057 1405 3124 negatam

166 3133 256 3192 tuisse
285 3137 553 3196 reconciliationem
595 3159 648 3215 per
676 3139 873 3198 ministerium
906 3136 1048 3194 ecclesiae
1079 3145 1107 3192 et
1137 3132 1280 3192 creditum
1314 3135 1404 3194 fuisse

167 3223 268 3298 negari
291 3241 356 3280 eam
380 3245 495 3302 «quoque
519 3246 537 3282 a
551 3225 625 3297 lleo,
647 3223 726 3283 unde
748 3235 778 3282 et
792 3225 895 3282 altaris
912 3225 1098 3301 participatio
1114 3219 1285 3298 negabatur.
1310 3223 1403 3300 Atqui

142 3296 266 3384 ,praxis
289 3308 361 3367 baec
393 3310 520 3369 ostendit
543 3311 685 3370 ecclesiae
717 3331 887 3389 persuasum
918 3309 1017 3380 fuisse,
1048 3307 1127 3387 quod
1157 3327 1226 3366 usus
1257 3327 1327 3365 suae
1349 3328 1400 3385 po-

164 3396 279 3452 testatis
311 3398 348 3454 sit
379 3401 562 3458 necessarius
592 3397 728 3456 fidelibus
758 3396 901 3466 omnibus,
936 3399 1026 3456 etiam
1055 3396 1196 3466 contritis,
1228 3414 1280 3472 pro
1303 3413 1404 3452 conse-

165 3480 281 3557 quenda
304 3486 477 3542 remissione
507 3496 698 3562 peccatorum.
729 3485 760 3544 Si
791 3485 871 3542 enim
903 3482 1029 3542 ecclesia
1065 3483 1179 3541 censuit
1213 3479 1397 3558 (alterutrum

163 3587 233 3624 vero
256 3589 376 3628 censere
398 3569 520 3649 debuit),
553 3592 617 3631 esse
648 3571 773 3630 liberum
802 3569 940 3629 fidelibus
961 3571 1004 3628 uti
1035 3591 1071 3627 eo
1093 3567 1198 3638 medio,
1232 3566 1402 3646 nullamque

164 3673 227 3712 esse
249 3655 345 3732 legem
369 3657 436 3729 Dei,
459 3679 517 3736 qna
539 3657 577 3717 ad
600 3657 630 3716 id
653 3658 862 3736 obligarentur,
893 3677 927 3714 sc
950 3658 1090 3714 contritos
1122 3655 1226 3713 saltem
1249 3655 1340 3712 eximi
1364 3653 1401 3712 ab

163 3739 218 3798 bac
242 3740 429 3819 obligatione,
464 3758 493 3802 et
523 3744 633 3804 idcirco
662 3765 747 3824 posse
776 3742 880 3804 fideles
908 3744 966 3802 alio
996 3741 1093 3800 medio
1123 3739 1359 3819 independenter
1383 3762 1401 3798 a

164 3847 217 3886 sna
238 3839 382 3906 potestate
413 3835 554 3911 consequi
586 3834 787 3892 remissionem
817 3843 1003 3910 peccatorum
1034 3849 1158 3900 suornm,
1193 3827 1318 3886 ecclesia
1341 3847 1402 3886 non

162 3917 323 3974 censuisset
346 3917 484 3994 indignos
500 3939 564 3978 esse
579 3923 784 3978 communione
799 3917 950 3977 dominica
973 3937 1031 3988 eos,
1054 3918 1104 3994 qni
1125 3915 1184 3972 illis
1200 3915 1260 3972 suis
1284 3913 1401 3990 legibus

161 4021 221 4059 non
243 4001 382 4062 fecissent
405 4008 489 4080 satis,
513 4014 601 4085 atque
619 4006 700 4084 leges
722 4005 793 4064 illae
808 4005 933 4064 fuissent
956 4003 1034 4062 latae
1058 4013 1173 4081 praeter
1196 4003 1401 4060 auctoritatem

162 4087 303 4148 ecclesiae
337 4112 505 4152 concessam
533 4114 551 4150 a
582 4093 664 4166 Deo;
695 4095 728 4152 in
751 4093 870 4169 negotio
901 4093 980 4150 enim
1012 4091 1193 4148 remissionis
1215 4097 1400 4166 peecatorum

161 4193 258 4233 coram
281 4177 347 4236 Deo
382 4180 506 4238 ecclesia
538 4180 612 4238 nihil
643 4189 739 4258 potest
767 4181 826 4237 uisi
853 4199 892 4237 ex
922 4177 1026 4236 divina
1056 4175 1251 4252 delegatione,
1282 4180 1311 4232 et
1342 4195 1401 4232 non

160 4269 256 4338 potest
279 4263 404 4333 efficere,
434 4277 466 4325 nt
487 4267 593 4325 inutile
623 4270 662 4326 sit
689 4265 810 4344 aliquod
840 4265 978 4330 medinm,
1009 4263 1086 4342 qnod
1118 4263 1199 4322 Dens
1220 4261 1313 4319 voluit
1337 4281 1401 4320 esse

161 4347 317 4419 sufficiens,
341 4352 587 4429 quemadmodum
610 4357 713 4434 nequit
742 4353 867 4422 efficere,
896 4361 927 4410 nt
960 4352 1096 4408 contritio
1127 4347 1257 4426 perlecta
1280 4367 1339 4405 non
1362 4349 1402 4405 sit

160 4433 313 4512 dispositio
347 4439 496 4498 sufficiens
529 4439 567 4498 ad
602 4441 865 4500 iustificationem.“
913 4437 1114 4506 Palmicri,
1151 4435 1196 4493 De
1230 4455 1324 4512 poen..
1360 4433 1401 4492 th.

164 4523 211 4592 10,
235 4523 303 4580 Vll.

269 4609 356 4668 Adde
388 4611 466 4690 quod
495 4616 584 4672 etiam
615 4622 737 4690 peccata
766 4612 842 4670 ultro
872 4611 1003 4669 revelata
1034 4608 1150 4686 publice
1180 4605 1291 4666 luenda
1321 4613 1405 4663 erant

159 4692 190 4750 id
213 4696 290 4772 quod
313 4707 438 4756 testatur
458 4697 676 4778 Gregorius
705 4699 918 4766 Thaumat,
942 4717 1006 4754 cau.
1031 4703 1049 4753 s
1074 4696 1138 4753 et9
1160 4704 1227 4752 etc:
1250 4713 1278 4750 v.
1294 4691 1351 4748 '1¹h.
1376 4693 1404 4762 2,

158 4801 186 4858 p.
211 4781 262 4853 lv,
285 4783 323 4841 ad
348 4791 375 4842 ti.
403 4785 520 4858 ,Wenn
545 4787 692 4857 irenaeus,
714 4784 882 4843 'Pertullian
900 4783 960 4842 und
983 4781 1031 4840 die
1054 4782 1167 4839 elteren
1182 4779 1403 4837 Kirchenvttter
