<?xml version="1.0" encoding="UTF-8"?>
<!DOCTYPE html PUBLIC "-//W3C//DTD XHTML 1.0 Transitional//EN"
    "http://www.w3.org/TR/xhtml1/DTD/xhtml1-transitional.dtd">
<html xmlns="http://www.w3.org/1999/xhtml" xml:lang="en" lang="en">
 <head>
  <title>
</title>
<meta http-equiv="Content-Type" content="text/html;charset=utf-8" />
  <meta name='ocr-system' content='tesseract 3.04.00' />
  <meta name='ocr-capabilities' content='ocr_page ocr_carea ocr_par ocr_line ocrx_word'/>
</head>
<body>
  <div class='ocr_page' id='page_1' title='image "./slavorumlittera00unkngoog_0269.png"; bbox 0 0 3450 5342; ppageno 0'>
   <div class='ocr_carea' id='block_1_1' title="bbox 307 548 1387 749">
    <p class='ocr_par' dir='ltr' id='par_1_1' title="bbox 307 548 1387 749">
     <span class='ocr_line' id='line_1_1' title="bbox 307 548 1387 749; baseline 0.004 -44"><span class='ocrx_word' id='word_1_1' title='bbox 307 548 644 708; x_wconf 82' lang='lat' dir='ltr'><strong>Slauorun</strong></span> <span class='ocrx_word' id='word_1_2' title='bbox 676 549 932 707; x_wconf 83' lang='grc'><strong>1111000</strong></span> <span class='ocrx_word' id='word_1_3' title='bbox 987 552 1387 749; x_wconf 63' lang='lat' dir='ltr'><strong>theologicae.</strong></span> 
     </span>
    </p>
   </div>
   <div class='ocr_carea' id='block_1_2' title="bbox 470 769 1223 906">
    <p class='ocr_par' dir='ltr' id='par_1_2' title="bbox 470 769 1223 906">
     <span class='ocr_line' id='line_1_2' title="bbox 470 769 1223 906; baseline -0.001 -28"><span class='ocrx_word' id='word_1_4' title='bbox 470 769 844 905; x_wconf 66' lang='lat' dir='ltr'><strong>(ionspeetus</strong></span> <span class='ocrx_word' id='word_1_5' title='bbox 886 772 1223 906; x_wconf 79' lang='lat' dir='ltr'><strong>periodieus</strong></span> 
     </span>
    </p>
   </div>
   <div class='ocr_carea' id='block_1_3' title="bbox 222 959 1470 1195">
    <p class='ocr_par' dir='ltr' id='par_1_3' title="bbox 222 959 1470 1195">
     <span class='ocr_line' id='line_1_3' title="bbox 725 959 964 1024; baseline 0.008 -15"><span class='ocrx_word' id='word_1_6' title='bbox 725 959 964 1024; x_wconf 74' lang='lat' dir='ltr'><strong>Diriqentibus</strong></span> 
     </span>
     <span class='ocr_line' id='line_1_4' title="bbox 222 1034 1469 1115; baseline 0.004 -21"><span class='ocrx_word' id='word_1_7' title='bbox 222 1040 277 1096; x_wconf 86' lang='lat' dir='ltr'><strong>Dr.</strong></span> <span class='ocrx_word' id='word_1_8' title='bbox 295 1042 379 1099; x_wconf 80' lang='lat' dir='ltr'><strong>Jos.</strong></span> <span class='ocrx_word' id='word_1_9' title='bbox 397 1042 607 1112; x_wconf 74' lang='lat' dir='ltr'><strong>sampson.</strong></span> <span class='ocrx_word' id='word_1_10' title='bbox 634 1042 685 1097; x_wconf 84' lang='lat' dir='ltr'><strong>Dr.</strong></span> <span class='ocrx_word' id='word_1_11' title='bbox 708 1043 800 1101; x_wconf 75' lang='lat' dir='ltr'><strong>ant.</strong></span> <span class='ocrx_word' id='word_1_12' title='bbox 820 1042 1005 1101; x_wconf 85' lang='lat' dir='ltr'><strong>Podlaha.</strong></span> <span class='ocrx_word' id='word_1_13' title='bbox 1036 1043 1110 1101; x_wconf 86' lang='lat' dir='ltr'><strong>Ad.</strong></span> <span class='ocrx_word' id='word_1_14' title='bbox 1131 1034 1318 1115; x_wconf 69' lang='lat' dir='ltr'><strong>sparena.</strong></span> <span class='ocrx_word' id='word_1_15' title='bbox 1348 1048 1469 1115; x_wconf 75' lang='lat' dir='ltr'><strong>Prsgae.</strong></span> 
     </span>
     <span class='ocr_line' id='line_1_5' title="bbox 222 1127 1470 1195; baseline 0.002 -11"><span class='ocrx_word' id='word_1_16' title='bbox 222 1127 260 1185; x_wconf 85' lang='lat' dir='ltr'><strong>J.</strong></span> <span class='ocrx_word' id='word_1_17' title='bbox 276 1128 422 1188; x_wconf 70' lang='lat' dir='ltr'><strong>Urbem,</strong></span> <span class='ocrx_word' id='word_1_18' title='bbox 442 1130 605 1185; x_wconf 76' lang='lat' dir='ltr'><strong>cracoviae.</strong></span> <span class='ocrx_word' id='word_1_19' title='bbox 626 1132 672 1184; x_wconf 82' lang='lat' dir='ltr'><strong>Dr.</strong></span> <span class='ocrx_word' id='word_1_20' title='bbox 686 1130 726 1187; x_wconf 83' lang='lat' dir='ltr'><strong>F.</strong></span> <span class='ocrx_word' id='word_1_21' title='bbox 741 1128 900 1195; x_wconf 80' lang='lat' dir='ltr'><strong>Grlvee‚</strong></span> <span class='ocrx_word' id='word_1_22' title='bbox 922 1132 1035 1185; x_wconf 76' lang='lat' dir='ltr'><strong>babuci.</strong></span> <span class='ocrx_word' id='word_1_23' title='bbox 1054 1133 1101 1185; x_wconf 87' lang='lat' dir='ltr'><strong>Dr.</strong></span> <span class='ocrx_word' id='word_1_24' title='bbox 1116 1130 1207 1193; x_wconf 85' lang='lat' dir='ltr'><strong>Luc.</strong></span> <span class='ocrx_word' id='word_1_25' title='bbox 1220 1132 1243 1189; x_wconf 82' lang='lat' dir='ltr'>J</span> <span class='ocrx_word' id='word_1_26' title='bbox 1247 1131 1334 1191; x_wconf 65' lang='lat' dir='ltr'><strong>elle.</strong></span> <span class='ocrx_word' id='word_1_27' title='bbox 1353 1134 1470 1189; x_wconf 85' lang='lat' dir='ltr'><strong>Jadrae.</strong></span> 
     </span>
    </p>
   </div>
   <div class='ocr_carea' id='block_1_4' title="bbox 243 1285 1447 1375">
    <p class='ocr_par' dir='ltr' id='par_1_4' title="bbox 243 1285 1447 1375">
     <span class='ocr_line' id='line_1_6' title="bbox 243 1285 1447 1375; baseline 0.004 -23"><span class='ocrx_word' id='word_1_28' title='bbox 243 1285 357 1353; x_wconf 78' lang='grc'><strong>10000</strong></span> <span class='ocrx_word' id='word_1_29' title='bbox 380 1285 412 1354; x_wconf 94' lang='grc' dir='ltr'><strong>ΙΙ.</strong></span> <span class='ocrx_word' id='word_1_30' title='bbox 435 1288 562 1371; x_wconf 84' lang='grc'><strong>(19116)</strong></span> <span class='ocrx_word' id='word_1_31' title='bbox 662 1288 1038 1375; x_wconf 75' lang='grc' dir='ltr'><strong>Ρ1000080100101001.</strong></span> <span class='ocrx_word' id='word_1_32' title='bbox 1341 1290 1447 1358; x_wconf 78' lang='grc'><strong>1104.</strong></span> 
     </span>
    </p>
   </div>
   <div class='ocr_carea' id='block_1_5' title="bbox 223 1385 1471 1413">
    <p class='ocr_par' dir='ltr' id='par_1_5' title="bbox 223 1385 1471 1413">
     <span class='ocr_line' id='line_1_7' title="bbox 223 1385 1471 1413; baseline 0.004 -6"><span class='ocrx_word' id='word_1_33' title='bbox 223 1385 1471 1413; x_wconf 51' lang='lat' dir='ltr'>w</span> 
     </span>
    </p>
   </div>
   <div class='ocr_carea' id='block_1_6' title="bbox 700 1511 992 1593">
    <p class='ocr_par' dir='ltr' id='par_1_6' title="bbox 700 1511 992 1593">
     <span class='ocr_line' id='line_1_8' title="bbox 700 1511 992 1593; baseline 0.007 -4"><span class='ocrx_word' id='word_1_34' title='bbox 700 1511 992 1593; x_wconf 86' lang='lat' dir='ltr'><strong>BOHEMICA.</strong></span> 
     </span>
    </p>
   </div>
   <div class='ocr_carea' id='block_1_7' title="bbox 222 1624 1468 1840">
    <p class='ocr_par' dir='ltr' id='par_1_7' title="bbox 222 1624 1468 1840">
     <span class='ocr_line' id='line_1_9' title="bbox 326 1624 1468 1755; baseline 0.011 -28"><span class='ocrx_word' id='word_1_35' title='bbox 326 1670 378 1728; x_wconf 80' lang='lat' dir='ltr'><strong>n.</strong></span> <span class='ocrx_word' id='word_1_36' title='bbox 403 1666 592 1734; x_wconf 69' lang='lat' dir='ltr'><strong>aestima</strong></span> <span class='ocrx_word' id='word_1_37' title='bbox 607 1668 746 1754; x_wconf 63' lang='lat' dir='ltr'><strong>rasas,</strong></span> <span class='ocrx_word' id='word_1_38' title='bbox 772 1670 810 1737; x_wconf 85' lang='grc'><strong>11.</strong></span> <span class='ocrx_word' id='word_1_39' title='bbox 835 1669 934 1755; x_wconf 77' lang='lat' dir='ltr'><strong>satu</strong></span> <span class='ocrx_word' id='word_1_40' title='bbox 957 1690 975 1735; x_wconf 79' lang='lat' dir='ltr'>z</span> <span class='ocrx_word' id='word_1_41' title='bbox 998 1624 1130 1739; x_wconf 71' lang='grc'><strong>0100.</strong></span> <span class='ocrx_word' id='word_1_42' title='bbox 1153 1668 1232 1737; x_wconf 72' lang='lat' dir='ltr'><strong>roan</strong></span> <span class='ocrx_word' id='word_1_43' title='bbox 1255 1668 1351 1751; x_wconf 75' lang='grc'><strong>001,</strong></span> <span class='ocrx_word' id='word_1_44' title='bbox 1375 1670 1468 1755; x_wconf 71' lang='grc' dir='ltr'><strong>00ογ</strong></span> 
     </span>
     <span class='ocr_line' id='line_1_10' title="bbox 222 1751 1418 1840; baseline 0.003 -20"><span class='ocrx_word' id='word_1_45' title='bbox 222 1769 244 1820; x_wconf 91' lang='lat' dir='ltr'><strong>a</strong></span> <span class='ocrx_word' id='word_1_46' title='bbox 266 1751 372 1822; x_wconf 77' lang='lat' dir='ltr'><strong>utoni.</strong></span> <span class='ocrx_word' id='word_1_47' title='bbox 396 1755 519 1837; x_wconf 86' lang='grc'><strong>(11011.</strong></span> <span class='ocrx_word' id='word_1_48' title='bbox 543 1756 701 1825; x_wconf 80' lang='grc'><strong>1101111100</strong></span> <span class='ocrx_word' id='word_1_49' title='bbox 725 1756 900 1826; x_wconf 79' lang='grc'><strong>11010000</strong></span> <span class='ocrx_word' id='word_1_50' title='bbox 924 1755 1155 1840; x_wconf 78' lang='grc'><strong>111000110110</strong></span> <span class='ocrx_word' id='word_1_51' title='bbox 1179 1755 1213 1823; x_wconf 90' lang='grc'><strong>01</strong></span> <span class='ocrx_word' id='word_1_52' title='bbox 1237 1756 1418 1839; x_wconf 79' lang='lat' dir='ltr'><strong>doctrina.)</strong></span> 
     </span>
    </p>
   </div>
   <div class='ocr_carea' id='block_1_8' title="bbox 218 1871 1468 2555">
    <p class='ocr_par' dir='ltr' id='par_1_8' title="bbox 218 1871 1468 2555">
     <span class='ocr_line' id='line_1_11' title="bbox 325 1871 1468 1953; baseline 0 -24"><span class='ocrx_word' id='word_1_53' title='bbox 325 1872 443 1930; x_wconf 76' lang='lat' dir='ltr'><strong>&#39;litulus</strong></span> <span class='ocrx_word' id='word_1_54' title='bbox 466 1871 534 1931; x_wconf 89' lang='lat' dir='ltr'>libri</span> <span class='ocrx_word' id='word_1_55' title='bbox 557 1873 669 1933; x_wconf 86' lang='lat' dir='ltr'><strong>iudicat</strong></span> <span class='ocrx_word' id='word_1_56' title='bbox 685 1876 811 1953; x_wconf 87' lang='lat' dir='ltr'><strong>primurn</strong></span> <span class='ocrx_word' id='word_1_57' title='bbox 836 1875 897 1933; x_wconf 85' lang='lat' dir='ltr'><strong>lata</strong></span> <span class='ocrx_word' id='word_1_58' title='bbox 920 1871 1192 1943; x_wconf 68' lang='grc'><strong>0111090000,</strong></span> <span class='ocrx_word' id='word_1_59' title='bbox 1216 1873 1266 1949; x_wconf 85' lang='lat' dir='ltr'><strong>qui</strong></span> <span class='ocrx_word' id='word_1_60' title='bbox 1285 1872 1361 1929; x_wconf 89' lang='lat' dir='ltr'><strong>inter</strong></span> <span class='ocrx_word' id='word_1_61' title='bbox 1384 1892 1468 1949; x_wconf 86' lang='lat' dir='ltr'><strong>prae·</strong></span> 
     </span>
     <span class='ocr_line' id='line_1_12' title="bbox 220 1955 1468 2036; baseline -0.002 -23"><span class='ocrx_word' id='word_1_62' title='bbox 220 1955 389 2017; x_wconf 79' lang='lat' dir='ltr'><strong>decessores</strong></span> <span class='ocrx_word' id='word_1_63' title='bbox 412 1958 451 2019; x_wconf 86' lang='lat' dir='ltr'><strong>bl.</strong></span> <span class='ocrx_word' id='word_1_64' title='bbox 470 1961 590 2019; x_wconf 88' lang='lat' dir='ltr'><strong>loannis</strong></span> <span class='ocrx_word' id='word_1_65' title='bbox 608 1962 672 2020; x_wconf 92' lang='lat' dir='ltr'><strong>llus</strong></span> <span class='ocrx_word' id='word_1_66' title='bbox 685 1976 861 2020; x_wconf 88' lang='lat' dir='ltr'><strong>numeratur.</strong></span> <span class='ocrx_word' id='word_1_67' title='bbox 886 1960 958 2019; x_wconf 82' lang='lat' dir='ltr'><strong>Erat</strong></span> <span class='ocrx_word' id='word_1_68' title='bbox 971 1971 1056 2018; x_wconf 91' lang='lat' dir='ltr'><strong>natus</strong></span> <span class='ocrx_word' id='word_1_69' title='bbox 1069 1960 1188 2036; x_wconf 80' lang='lat' dir='ltr'><strong>inpage</strong></span> <span class='ocrx_word' id='word_1_70' title='bbox 1211 1956 1338 2035; x_wconf 87' lang='lat' dir='ltr'><strong>quodam</strong></span> <span class='ocrx_word' id='word_1_71' title='bbox 1350 1957 1468 2029; x_wconf 47' lang='lat' dir='ltr'><strong>alannus,</strong></span> 
     </span>
     <span class='ocr_line' id='line_1_13' title="bbox 220 2043 1468 2127; baseline 0 -26"><span class='ocrx_word' id='word_1_72' title='bbox 220 2064 280 2101; x_wconf 91' lang='lat' dir='ltr'><strong>non</strong></span> <span class='ocrx_word' id='word_1_73' title='bbox 310 2047 386 2103; x_wconf 90' lang='lat' dir='ltr'><strong>sicut</strong></span> <span class='ocrx_word' id='word_1_74' title='bbox 407 2046 523 2104; x_wconf 89' lang='lat' dir='ltr'><strong>Tomek</strong></span> <span class='ocrx_word' id='word_1_75' title='bbox 547 2048 603 2107; x_wconf 92' lang='lat' dir='ltr'><strong>lll.</strong></span> <span class='ocrx_word' id='word_1_76' title='bbox 630 2060 709 2107; x_wconf 89' lang='lat' dir='ltr'><strong>tomo</strong></span> <span class='ocrx_word' id='word_1_77' title='bbox 736 2048 829 2124; x_wconf 73' lang='lat' dir='ltr'><strong>Dejin</strong></span> <span class='ocrx_word' id='word_1_78' title='bbox 858 2048 961 2127; x_wconf 75' lang='lat' dir='ltr'><strong>Prahy</strong></span> <span class='ocrx_word' id='word_1_79' title='bbox 996 2068 1042 2123; x_wconf 85' lang='lat' dir='ltr'><strong>pg.</strong></span> <span class='ocrx_word' id='word_1_80' title='bbox 1068 2048 1126 2103; x_wconf 75' lang='lat' dir='ltr'><strong>:tal</strong></span> <span class='ocrx_word' id='word_1_81' title='bbox 1157 2046 1268 2110; x_wconf 82' lang='lat' dir='ltr'><strong>asserit,</strong></span> <span class='ocrx_word' id='word_1_82' title='bbox 1305 2046 1336 2101; x_wconf 93' lang='lat' dir='ltr'><strong>in</strong></span> <span class='ocrx_word' id='word_1_83' title='bbox 1359 2043 1468 2103; x_wconf 88' lang='lat' dir='ltr'><strong>circulo</strong></span> 
     </span>
     <span class='ocr_line' id='line_1_14' title="bbox 219 2130 1468 2214; baseline 0.002 -27"><span class='ocrx_word' id='word_1_84' title='bbox 219 2130 372 2204; x_wconf 80' lang='lat' dir='ltr'><strong>Pontensi,</strong></span> <span class='ocrx_word' id='word_1_85' title='bbox 405 2132 458 2191; x_wconf 88' lang='lat' dir='ltr'><strong>sed</strong></span> <span class='ocrx_word' id='word_1_86' title='bbox 480 2132 560 2194; x_wconf 80' lang='lat' dir='ltr'><strong>alibi.</strong></span> <span class='ocrx_word' id='word_1_87' title='bbox 594 2136 794 2193; x_wconf 85' lang='lat' dir='ltr'><strong>verisimiliter</strong></span> <span class='ocrx_word' id='word_1_88' title='bbox 821 2136 852 2195; x_wconf 92' lang='lat' dir='ltr'><strong>in</strong></span> <span class='ocrx_word' id='word_1_89' title='bbox 884 2136 1037 2214; x_wconf 79' lang='lat' dir='ltr'><strong>provincia</strong></span> <span class='ocrx_word' id='word_1_90' title='bbox 1067 2133 1136 2191; x_wconf 91' lang='lat' dir='ltr'><strong>olirn</strong></span> <span class='ocrx_word' id='word_1_91' title='bbox 1160 2130 1358 2210; x_wconf 79' lang='lat' dir='ltr'><strong>Bechynensi‚</strong></span> <span class='ocrx_word' id='word_1_92' title='bbox 1390 2151 1468 2189; x_wconf 90' lang='lat' dir='ltr'><strong>nunc</strong></span> 
     </span>
     <span class='ocr_line' id='line_1_15' title="bbox 220 2217 1466 2299; baseline 0.002 -26"><span class='ocrx_word' id='word_1_93' title='bbox 220 2218 329 2276; x_wconf 90' lang='lat' dir='ltr'><strong>circulo</strong></span> <span class='ocrx_word' id='word_1_94' title='bbox 351 2218 536 2281; x_wconf 75' lang='lat' dir='ltr'><strong>&#39;fabariensi</strong></span> <span class='ocrx_word' id='word_1_95' title='bbox 560 2222 650 2280; x_wconf 85' lang='lat' dir='ltr'><strong>Pater</strong></span> <span class='ocrx_word' id='word_1_96' title='bbox 664 2222 843 2281; x_wconf 81' lang='lat' dir='ltr'><strong>l&#39;cnceslaus</strong></span> <span class='ocrx_word' id='word_1_97' title='bbox 866 2242 976 2299; x_wconf 79' lang='lat' dir='ltr'>pauper</span> <span class='ocrx_word' id='word_1_98' title='bbox 999 2230 1061 2278; x_wconf 86' lang='lat' dir='ltr'><strong>erat</strong></span> <span class='ocrx_word' id='word_1_99' title='bbox 1084 2220 1176 2278; x_wconf 87' lang='lat' dir='ltr'><strong>cliens</strong></span> <span class='ocrx_word' id='word_1_100' title='bbox 1199 2220 1306 2295; x_wconf 80' lang='lat' dir='ltr'><strong>regius.</strong></span> <span class='ocrx_word' id='word_1_101' title='bbox 1330 2217 1389 2275; x_wconf 78' lang='lat' dir='ltr'><strong>sed</strong></span> <span class='ocrx_word' id='word_1_102' title='bbox 1413 2238 1466 2275; x_wconf 90' lang='lat' dir='ltr'><strong>nec</strong></span> 
     </span>
     <span class='ocr_line' id='line_1_16' title="bbox 219 2306 1466 2369; baseline 0.002 -8"><span class='ocrx_word' id='word_1_103' title='bbox 219 2324 315 2363; x_wconf 88' lang='lat' dir='ltr'><strong>annus</strong></span> <span class='ocrx_word' id='word_1_104' title='bbox 339 2308 506 2366; x_wconf 83' lang='lat' dir='ltr'><strong>nativitatis</strong></span> <span class='ocrx_word' id='word_1_105' title='bbox 528 2310 591 2366; x_wconf 85' lang='lat' dir='ltr'><strong>eius</strong></span> <span class='ocrx_word' id='word_1_106' title='bbox 614 2319 710 2367; x_wconf 89' lang='lat' dir='ltr'><strong>certus</strong></span> <span class='ocrx_word' id='word_1_107' title='bbox 733 2320 785 2369; x_wconf 87' lang='lat' dir='ltr'><strong>est.</strong></span> <span class='ocrx_word' id='word_1_108' title='bbox 808 2310 898 2367; x_wconf 74' lang='lat' dir='ltr'><strong>Anno</strong></span> <span class='ocrx_word' id='word_1_109' title='bbox 923 2310 1003 2365; x_wconf 77' lang='grc'><strong>1316</strong></span> <span class='ocrx_word' id='word_1_110' title='bbox 1027 2307 1195 2364; x_wconf 79' lang='lat' dir='ltr'><strong>licentiatus</strong></span> <span class='ocrx_word' id='word_1_111' title='bbox 1218 2308 1249 2362; x_wconf 93' lang='lat' dir='ltr'><strong>in</strong></span> <span class='ocrx_word' id='word_1_112' title='bbox 1272 2306 1466 2363; x_wconf 80' lang='lat' dir='ltr'><strong>universitate</strong></span> 
     </span>
     <span class='ocr_line' id='line_1_17' title="bbox 218 2390 1467 2470; baseline 0.001 -23"><span class='ocrx_word' id='word_1_113' title='bbox 218 2390 383 2451; x_wconf 87' lang='lat' dir='ltr'><strong>Parisiensi</strong></span> <span class='ocrx_word' id='word_1_114' title='bbox 408 2393 500 2451; x_wconf 82' lang='lat' dir='ltr'><strong>factus</strong></span> <span class='ocrx_word' id='word_1_115' title='bbox 523 2405 576 2460; x_wconf 79' lang='lat' dir='ltr'><strong>est,</strong></span> <span class='ocrx_word' id='word_1_116' title='bbox 599 2394 677 2453; x_wconf 89' lang='lat' dir='ltr'><strong>unde</strong></span> <span class='ocrx_word' id='word_1_117' title='bbox 692 2396 840 2470; x_wconf 74' lang='lat' dir='ltr'><strong>colligitur</strong></span> <span class='ocrx_word' id='word_1_118' title='bbox 862 2416 928 2453; x_wconf 83' lang='lat' dir='ltr'><strong>euin</strong></span> <span class='ocrx_word' id='word_1_119' title='bbox 952 2415 1045 2454; x_wconf 88' lang='lat' dir='ltr'><strong>annos</strong></span> <span class='ocrx_word' id='word_1_120' title='bbox 1070 2394 1176 2468; x_wconf 72' lang='lat' dir='ltr'><strong>viginti</strong></span> <span class='ocrx_word' id='word_1_121' title='bbox 1201 2412 1290 2450; x_wconf 87' lang='lat' dir='ltr'><strong>unum</strong></span> <span class='ocrx_word' id='word_1_122' title='bbox 1314 2393 1467 2449; x_wconf 78' lang='grc'><strong>10010001-</strong></span> 
     </span>
     <span class='ocr_line' id='line_1_18' title="bbox 220 2477 953 2555; baseline 0.007 -21"><span class='ocrx_word' id='word_1_123' title='bbox 220 2477 316 2555; x_wconf 84' lang='lat' dir='ltr'><strong>plesse</strong></span> <span class='ocrx_word' id='word_1_124' title='bbox 339 2490 369 2536; x_wconf 87' lang='lat' dir='ltr'><strong>et</strong></span> <span class='ocrx_word' id='word_1_125' title='bbox 391 2478 458 2538; x_wconf 90' lang='lat' dir='ltr'><strong>ideo</strong></span> <span class='ocrx_word' id='word_1_126' title='bbox 480 2493 548 2539; x_wconf 84' lang='lat' dir='ltr'><strong>ante</strong></span> <span class='ocrx_word' id='word_1_127' title='bbox 572 2502 597 2539; x_wconf 90' lang='lat' dir='ltr'><strong>a.</strong></span> <span class='ocrx_word' id='word_1_128' title='bbox 625 2484 705 2539; x_wconf 73' lang='lat'>1355</span> <span class='ocrx_word' id='word_1_129' title='bbox 730 2495 832 2541; x_wconf 86' lang='lat' dir='ltr'><strong>natum</strong></span> <span class='ocrx_word' id='word_1_130' title='bbox 854 2482 953 2540; x_wconf 86' lang='lat' dir='ltr'><strong>fuisse.</strong></span> 
     </span>
    </p>
   </div>
   <div class='ocr_carea' id='block_1_9' title="bbox 214 2583 1466 4699">
    <p class='ocr_par' dir='ltr' id='par_1_9' title="bbox 215 2583 1466 4159">
     <span class='ocr_line' id='line_1_19' title="bbox 326 2583 1464 2658; baseline -0.017 0"><span class='ocrx_word' id='word_1_131' title='bbox 326 2602 429 2658; x_wconf 90' lang='lat' dir='ltr'><strong>Prima</strong></span> <span class='ocrx_word' id='word_1_132' title='bbox 450 2596 645 2655; x_wconf 82' lang='lat' dir='ltr'><strong>fundamenta</strong></span> <span class='ocrx_word' id='word_1_133' title='bbox 667 2593 808 2651; x_wconf 82' lang='lat' dir='ltr'><strong>scientiae</strong></span> <span class='ocrx_word' id='word_1_134' title='bbox 842 2588 891 2647; x_wconf 89' lang='lat' dir='ltr'><strong>ubi</strong></span> <span class='ocrx_word' id='word_1_135' title='bbox 926 2589 1027 2645; x_wconf 90' lang='lat' dir='ltr'><strong>iecerit</strong></span> <span class='ocrx_word' id='word_1_136' title='bbox 1051 2584 1187 2641; x_wconf 79' lang='lat' dir='ltr'><strong>similiter</strong></span> <span class='ocrx_word' id='word_1_137' title='bbox 1218 2583 1352 2642; x_wconf 87' lang='lat' dir='ltr'><strong>noscitur.</strong></span> <span class='ocrx_word' id='word_1_138' title='bbox 1384 2584 1464 2639; x_wconf 77' lang='grc'><strong>1313</strong></span> 
     </span>
     <span class='ocr_line' id='line_1_20' title="bbox 219 2668 1466 2761; baseline -0.018 -12"><span class='ocrx_word' id='word_1_139' title='bbox 219 2690 294 2749; x_wconf 81' lang='lat' dir='ltr'><strong>abiit</strong></span> <span class='ocrx_word' id='word_1_140' title='bbox 316 2689 456 2755; x_wconf 79' lang='lat' dir='ltr'><strong>Parisios,</strong></span> <span class='ocrx_word' id='word_1_141' title='bbox 478 2684 579 2761; x_wconf 91' lang='lat' dir='ltr'><strong>ibique</strong></span> <span class='ocrx_word' id='word_1_142' title='bbox 602 2700 709 2739; x_wconf 87' lang='lat' dir='ltr'><strong>novem</strong></span> <span class='ocrx_word' id='word_1_143' title='bbox 731 2698 824 2735; x_wconf 90' lang='lat' dir='ltr'><strong>annos</strong></span> <span class='ocrx_word' id='word_1_144' title='bbox 848 2684 977 2733; x_wconf 87' lang='lat' dir='ltr'><strong>moratus</strong></span> <span class='ocrx_word' id='word_1_145' title='bbox 1000 2680 1043 2729; x_wconf 87' lang='lat' dir='ltr'><strong>est</strong></span> <span class='ocrx_word' id='word_1_146' title='bbox 1067 2690 1158 2747; x_wconf 83' lang='lat' dir='ltr'><strong>usquo</strong></span> <span class='ocrx_word' id='word_1_147' title='bbox 1183 2689 1208 2729; x_wconf 87' lang='lat' dir='ltr'><strong>a.</strong></span> <span class='ocrx_word' id='word_1_148' title='bbox 1234 2670 1325 2729; x_wconf 84' lang='grc'><strong>1381.</strong></span> <span class='ocrx_word' id='word_1_149' title='bbox 1350 2668 1466 2745; x_wconf 80' lang='lat' dir='ltr'><strong>Cogno-</strong></span> 
     </span>
     <span class='ocr_line' id='line_1_21' title="bbox 218 2754 1465 2851; baseline -0.021 -14"><span class='ocrx_word' id='word_1_150' title='bbox 218 2787 350 2837; x_wconf 89' lang='lat' dir='ltr'><strong>mentum</strong></span> <span class='ocrx_word' id='word_1_151' title='bbox 373 2774 495 2851; x_wconf 82' lang='lat' dir='ltr'><strong>vulgare</strong></span> <span class='ocrx_word' id='word_1_152' title='bbox 519 2770 661 2845; x_wconf 79' lang='lat' dir='ltr'><strong>Magister</strong></span> <span class='ocrx_word' id='word_1_153' title='bbox 683 2763 860 2823; x_wconf 80' lang='lat' dir='ltr'><strong>l&#39;arisienais</strong></span> <span class='ocrx_word' id='word_1_154' title='bbox 884 2760 953 2819; x_wconf 89' lang='lat' dir='ltr'><strong>iude</strong></span> <span class='ocrx_word' id='word_1_155' title='bbox 977 2760 1075 2818; x_wconf 81' lang='lat' dir='ltr'><strong>traxit.</strong></span> <span class='ocrx_word' id='word_1_156' title='bbox 1106 2754 1224 2814; x_wconf 85' lang='lat' dir='ltr'><strong>Deinde</strong></span> <span class='ocrx_word' id='word_1_157' title='bbox 1255 2774 1313 2832; x_wconf 86' lang='lat' dir='ltr'><strong>qua</strong></span> <span class='ocrx_word' id='word_1_158' title='bbox 1335 2754 1403 2813; x_wconf 87' lang='lat' dir='ltr'><strong>talis</strong></span> <span class='ocrx_word' id='word_1_159' title='bbox 1427 2754 1465 2813; x_wconf 91' lang='lat' dir='ltr'><strong>ad</strong></span> 
     </span>
     <span class='ocr_line' id='line_1_22' title="bbox 219 2840 1464 2941; baseline -0.02 -17"><span class='ocrx_word' id='word_1_160' title='bbox 219 2868 330 2923; x_wconf 89' lang='lat' dir='ltr'><strong>curiam</strong></span> <span class='ocrx_word' id='word_1_161' title='bbox 368 2860 505 2941; x_wconf 89' lang='lat' dir='ltr'><strong>papalem</strong></span> <span class='ocrx_word' id='word_1_162' title='bbox 539 2857 741 2915; x_wconf 78' lang='lat' dir='ltr'><strong>Aveniensem</strong></span> <span class='ocrx_word' id='word_1_163' title='bbox 779 2850 1000 2927; x_wconf 72' lang='lat' dir='ltr'><strong>expectantium</strong></span> <span class='ocrx_word' id='word_1_164' title='bbox 1038 2858 1073 2901; x_wconf 84' lang='lat' dir='ltr'><strong>et</strong></span> <span class='ocrx_word' id='word_1_165' title='bbox 1104 2844 1302 2921; x_wconf 84' lang='lat' dir='ltr'><strong>provisionem</strong></span> <span class='ocrx_word' id='word_1_166' title='bbox 1341 2840 1464 2899; x_wconf 87' lang='lat' dir='ltr'><strong>alicuius</strong></span> 
     </span>
     <span class='ocr_line' id='line_1_23' title="bbox 217 2930 1464 3020; baseline -0.018 -12"><span class='ocrx_word' id='word_1_167' title='bbox 217 2950 354 3010; x_wconf 86' lang='lat' dir='ltr'><strong>beneficii</strong></span> <span class='ocrx_word' id='word_1_168' title='bbox 378 2947 568 3006; x_wconf 86' lang='lat' dir='ltr'><strong>ecclesiastici</strong></span> <span class='ocrx_word' id='word_1_169' title='bbox 593 2942 699 3020; x_wconf 81' lang='lat' dir='ltr'><strong>petivit</strong></span> <span class='ocrx_word' id='word_1_170' title='bbox 721 2956 845 3015; x_wconf 86' lang='lat' dir='ltr'><strong>eamque</strong></span> <span class='ocrx_word' id='word_1_171' title='bbox 872 2938 952 2993; x_wconf 75' lang='grc'><strong>13711</strong></span> <span class='ocrx_word' id='word_1_172' title='bbox 979 2936 1027 2993; x_wconf 91' lang='grc'><strong>11.</strong></span> <span class='ocrx_word' id='word_1_173' title='bbox 1050 2932 1123 2989; x_wconf 87' lang='lat' dir='ltr'><strong>Maii</strong></span> <span class='ocrx_word' id='word_1_174' title='bbox 1146 2949 1205 3007; x_wconf 83' lang='lat' dir='ltr'><strong>qua</strong></span> <span class='ocrx_word' id='word_1_175' title='bbox 1235 2930 1464 2987; x_wconf 78' lang='lat' dir='ltr'><strong>reservationem</strong></span> 
     </span>
     <span class='ocr_line' id='line_1_24' title="bbox 217 3015 1464 3119; baseline -0.02 -21"><span class='ocrx_word' id='word_1_176' title='bbox 217 3039 354 3119; x_wconf 87' lang='lat' dir='ltr'><strong>papalem</strong></span> <span class='ocrx_word' id='word_1_177' title='bbox 378 3057 430 3115; x_wconf 91' lang='lat' dir='ltr'><strong>pro</strong></span> <span class='ocrx_word' id='word_1_178' title='bbox 452 3034 553 3111; x_wconf 85' lang='lat' dir='ltr'><strong>aliquo</strong></span> <span class='ocrx_word' id='word_1_179' title='bbox 575 3029 719 3087; x_wconf 88' lang='lat' dir='ltr'><strong>beneficio</strong></span> <span class='ocrx_word' id='word_1_180' title='bbox 741 3046 807 3083; x_wconf 88' lang='lat' dir='ltr'><strong>cum</strong></span> <span class='ocrx_word' id='word_1_181' title='bbox 830 3044 899 3081; x_wconf 89' lang='lat' dir='ltr'><strong>cura</strong></span> <span class='ocrx_word' id='word_1_182' title='bbox 921 3021 971 3079; x_wconf 83' lang='lat' dir='ltr'><strong>vel</strong></span> <span class='ocrx_word' id='word_1_183' title='bbox 990 3020 1053 3079; x_wconf 88' lang='lat' dir='ltr'><strong>sine</strong></span> <span class='ocrx_word' id='word_1_184' title='bbox 1066 3036 1135 3075; x_wconf 90' lang='lat' dir='ltr'><strong>cura</strong></span> <span class='ocrx_word' id='word_1_185' title='bbox 1146 3015 1185 3075; x_wconf 88' lang='lat' dir='ltr'><strong>ad</strong></span> <span class='ocrx_word' id='word_1_186' title='bbox 1196 3016 1464 3107; x_wconf 81' lang='lat' dir='ltr'><strong>praesentationem</strong></span> 
     </span>
     <span class='ocr_line' id='line_1_25' title="bbox 218 3102 1465 3204; baseline -0.021 -19"><span class='ocrx_word' id='word_1_187' title='bbox 218 3124 440 3204; x_wconf 77' lang='lat' dir='ltr'><strong>archiepiscopi,</strong></span> <span class='ocrx_word' id='word_1_188' title='bbox 464 3118 632 3199; x_wconf 78' lang='lat' dir='ltr'><strong>praepositi,</strong></span> <span class='ocrx_word' id='word_1_189' title='bbox 655 3114 762 3172; x_wconf 92' lang='lat' dir='ltr'><strong>decani</strong></span> <span class='ocrx_word' id='word_1_190' title='bbox 784 3123 814 3169; x_wconf 92' lang='lat' dir='ltr'><strong>et</strong></span> <span class='ocrx_word' id='word_1_191' title='bbox 837 3109 959 3187; x_wconf 89' lang='lat' dir='ltr'><strong>capituli</strong></span> <span class='ocrx_word' id='word_1_192' title='bbox 982 3106 1143 3181; x_wconf 81' lang='lat' dir='ltr'><strong>Pragcusis</strong></span> <span class='ocrx_word' id='word_1_193' title='bbox 1166 3104 1289 3180; x_wconf 83' lang='lat' dir='ltr'><strong>accepit,</strong></span> <span class='ocrx_word' id='word_1_194' title='bbox 1327 3102 1369 3159; x_wconf 78' lang='lat' dir='ltr'><strong>llo</strong></span> <span class='ocrx_word' id='word_1_195' title='bbox 1399 3102 1465 3179; x_wconf 87' lang='lat' dir='ltr'><strong>ipso</strong></span> 
     </span>
     <span class='ocr_line' id='line_1_26' title="bbox 218 3190 1461 3291; baseline -0.023 -18"><span class='ocrx_word' id='word_1_196' title='bbox 218 3235 277 3272; x_wconf 93' lang='grc'><strong>000</strong></span> <span class='ocrx_word' id='word_1_197' title='bbox 299 3208 508 3291; x_wconf 79' lang='lat' dir='ltr'><strong>praebendam,</strong></span> <span class='ocrx_word' id='word_1_198' title='bbox 532 3204 583 3265; x_wconf 88' lang='lat' dir='ltr'><strong>sed</strong></span> <span class='ocrx_word' id='word_1_199' title='bbox 606 3213 720 3261; x_wconf 88' lang='lat' dir='ltr'><strong>tantum</strong></span> <span class='ocrx_word' id='word_1_200' title='bbox 743 3199 961 3277; x_wconf 79' lang='lat' dir='ltr'><strong>expectantium</strong></span> <span class='ocrx_word' id='word_1_201' title='bbox 985 3196 1017 3252; x_wconf 90' lang='lat' dir='ltr'><strong>iu</strong></span> <span class='ocrx_word' id='word_1_202' title='bbox 1040 3190 1167 3269; x_wconf 87' lang='lat' dir='ltr'><strong>capitulo</strong></span> <span class='ocrx_word' id='word_1_203' title='bbox 1191 3200 1294 3247; x_wconf 87' lang='lat' dir='ltr'><strong>nactus</strong></span> <span class='ocrx_word' id='word_1_204' title='bbox 1309 3198 1362 3245; x_wconf 88' lang='lat' dir='ltr'><strong>est.</strong></span> <span class='ocrx_word' id='word_1_205' title='bbox 1382 3192 1461 3281; x_wconf 74' lang='grc'><strong>1331</strong></span> 
     </span>
     <span class='ocr_line' id='line_1_27' title="bbox 217 3274 1462 3378; baseline -0.022 -19"><span class='ocrx_word' id='word_1_206' title='bbox 217 3301 455 3378; x_wconf 86' lang='lat' dir='ltr'><strong>archiepiscopus</strong></span> <span class='ocrx_word' id='word_1_207' title='bbox 477 3294 546 3351; x_wconf 83' lang='lat' dir='ltr'><strong>iecit</strong></span> <span class='ocrx_word' id='word_1_208' title='bbox 569 3311 635 3349; x_wconf 81' lang='lat' dir='ltr'><strong>euin</strong></span> <span class='ocrx_word' id='word_1_209' title='bbox 657 3286 915 3367; x_wconf 87' lang='lat' dir='ltr'><strong>poenitentiarium</strong></span> <span class='ocrx_word' id='word_1_210' title='bbox 939 3280 976 3340; x_wconf 89' lang='lat' dir='ltr'><strong>ad</strong></span> <span class='ocrx_word' id='word_1_211' title='bbox 1001 3302 1024 3339; x_wconf 91' lang='lat' dir='ltr'><strong>s.</strong></span> <span class='ocrx_word' id='word_1_212' title='bbox 1049 3280 1156 3337; x_wconf 81' lang='lat' dir='ltr'><strong>l&#39;itum.</strong></span> <span class='ocrx_word' id='word_1_213' title='bbox 1188 3274 1305 3333; x_wconf 79' lang='lat' dir='ltr'><strong>lleinde</strong></span> <span class='ocrx_word' id='word_1_214' title='bbox 1329 3296 1353 3334; x_wconf 88' lang='lat' dir='ltr'><strong>a.</strong></span> <span class='ocrx_word' id='word_1_215' title='bbox 1381 3277 1462 3333; x_wconf 75' lang='lat' dir='ltr'><strong>lass</strong></span> 
     </span>
     <span class='ocr_line' id='line_1_28' title="bbox 217 3360 1464 3468; baseline -0.023 -20"><span class='ocrx_word' id='word_1_216' title='bbox 217 3388 361 3468; x_wconf 87' lang='lat' dir='ltr'><strong>plebanus</strong></span> <span class='ocrx_word' id='word_1_217' title='bbox 383 3386 415 3443; x_wconf 90' lang='lat' dir='ltr'><strong>in</strong></span> <span class='ocrx_word' id='word_1_218' title='bbox 438 3382 549 3457; x_wconf 76' lang='lat' dir='ltr'><strong>Magna</strong></span> <span class='ocrx_word' id='word_1_219' title='bbox 571 3377 645 3436; x_wconf 79' lang='lat' dir='ltr'><strong>villa</strong></span> <span class='ocrx_word' id='word_1_220' title='bbox 668 3381 855 3453; x_wconf 86' lang='lat' dir='ltr'><strong>presentante</strong></span> <span class='ocrx_word' id='word_1_221' title='bbox 873 3370 1004 3429; x_wconf 85' lang='lat' dir='ltr'><strong>ilenrico</strong></span> <span class='ocrx_word' id='word_1_222' title='bbox 1027 3366 1063 3424; x_wconf 90' lang='lat' dir='ltr'><strong>de</strong></span> <span class='ocrx_word' id='word_1_223' title='bbox 1087 3363 1175 3423; x_wconf 91' lang='lat' dir='ltr'><strong>Duba</strong></span> <span class='ocrx_word' id='word_1_224' title='bbox 1197 3372 1227 3421; x_wconf 88' lang='lat' dir='ltr'><strong>et</strong></span> <span class='ocrx_word' id='word_1_225' title='bbox 1249 3360 1285 3419; x_wconf 89' lang='lat' dir='ltr'><strong>de</strong></span> <span class='ocrx_word' id='word_1_226' title='bbox 1310 3360 1464 3439; x_wconf 77' lang='lat' dir='ltr'><strong>Egcrperk</strong></span> 
     </span>
     <span class='ocr_line' id='line_1_29' title="bbox 215 3448 1463 3554; baseline -0.025 -19"><span class='ocrx_word' id='word_1_227' title='bbox 215 3496 309 3554; x_wconf 88' lang='lat' dir='ltr'><strong>usque</strong></span> <span class='ocrx_word' id='word_1_228' title='bbox 332 3472 371 3531; x_wconf 88' lang='lat' dir='ltr'><strong>ad</strong></span> <span class='ocrx_word' id='word_1_229' title='bbox 393 3480 517 3529; x_wconf 88' lang='lat' dir='ltr'><strong>mortem</strong></span> <span class='ocrx_word' id='word_1_230' title='bbox 540 3488 566 3525; x_wconf 89' lang='lat' dir='ltr'><strong>a.</strong></span> <span class='ocrx_word' id='word_1_231' title='bbox 592 3466 673 3523; x_wconf 85' lang='grc'><strong>1393</strong></span> <span class='ocrx_word' id='word_1_232' title='bbox 697 3462 867 3540; x_wconf 89' lang='lat' dir='ltr'><strong>permansit.</strong></span> <span class='ocrx_word' id='word_1_233' title='bbox 890 3459 927 3517; x_wconf 93' lang='lat' dir='ltr'><strong>ln</strong></span> <span class='ocrx_word' id='word_1_234' title='bbox 950 3454 1050 3513; x_wconf 89' lang='lat' dir='ltr'><strong>codice</strong></span> <span class='ocrx_word' id='word_1_235' title='bbox 1076 3452 1180 3509; x_wconf 71' lang='grc'><strong>1155.</strong></span> <span class='ocrx_word' id='word_1_236' title='bbox 1203 3448 1316 3507; x_wconf 84' lang='lat' dir='ltr'><strong>archivi</strong></span> <span class='ocrx_word' id='word_1_237' title='bbox 1341 3448 1463 3524; x_wconf 90' lang='lat' dir='ltr'><strong>capituli</strong></span> 
     </span>
     <span class='ocr_line' id='line_1_30' title="bbox 215 3532 1464 3639; baseline -0.022 -18"><span class='ocrx_word' id='word_1_238' title='bbox 215 3562 377 3639; x_wconf 82' lang='lat' dir='ltr'><strong>Pragensis</strong></span> <span class='ocrx_word' id='word_1_239' title='bbox 401 3578 426 3615; x_wconf 91' lang='lat' dir='ltr'><strong>a.</strong></span> <span class='ocrx_word' id='word_1_240' title='bbox 445 3557 527 3613; x_wconf 78' lang='grc'><strong>1391</strong></span> <span class='ocrx_word' id='word_1_241' title='bbox 551 3556 583 3611; x_wconf 88' lang='grc'><strong>10</strong></span> <span class='ocrx_word' id='word_1_242' title='bbox 606 3550 655 3609; x_wconf 91' lang='lat' dir='ltr'><strong>die</strong></span> <span class='ocrx_word' id='word_1_243' title='bbox 678 3547 852 3607; x_wconf 59' lang='grc'><strong>0110111000</strong></span> <span class='ocrx_word' id='word_1_244' title='bbox 876 3565 921 3622; x_wconf 88' lang='lat' dir='ltr'><strong>ap.</strong></span> <span class='ocrx_word' id='word_1_245' title='bbox 945 3562 1010 3599; x_wconf 86' lang='lat' dir='ltr'><strong>curn</strong></span> <span class='ocrx_word' id='word_1_246' title='bbox 1034 3550 1179 3597; x_wconf 89' lang='lat' dir='ltr'><strong>mortuum</strong></span> <span class='ocrx_word' id='word_1_247' title='bbox 1203 3556 1266 3593; x_wconf 88' lang='lat' dir='ltr'><strong>esse</strong></span> <span class='ocrx_word' id='word_1_248' title='bbox 1290 3532 1464 3610; x_wconf 86' lang='lat' dir='ltr'><strong>marginalis</strong></span> 
     </span>
     <span class='ocr_line' id='line_1_31' title="bbox 216 3622 1463 3729; baseline -0.024 -20"><span class='ocrx_word' id='word_1_249' title='bbox 216 3648 363 3729; x_wconf 86' lang='lat' dir='ltr'><strong>quaedam</strong></span> <span class='ocrx_word' id='word_1_250' title='bbox 386 3644 540 3721; x_wconf 86' lang='lat' dir='ltr'><strong>inscriptio</strong></span> <span class='ocrx_word' id='word_1_251' title='bbox 569 3637 725 3715; x_wconf 83' lang='lat' dir='ltr'><strong>siguificat.</strong></span> <span class='ocrx_word' id='word_1_252' title='bbox 770 3632 829 3692; x_wconf 63' lang='lat' dir='ltr'><strong>ned</strong></span> <span class='ocrx_word' id='word_1_253' title='bbox 852 3653 905 3689; x_wconf 90' lang='lat' dir='ltr'><strong>nos</strong></span> <span class='ocrx_word' id='word_1_254' title='bbox 928 3629 1007 3687; x_wconf 86' lang='lat' dir='ltr'><strong>ducti</strong></span> <span class='ocrx_word' id='word_1_255' title='bbox 1036 3625 1110 3684; x_wconf 91' lang='lat' dir='ltr'><strong>libro</strong></span> <span class='ocrx_word' id='word_1_256' title='bbox 1134 3623 1396 3691; x_wconf 86' lang='lat' dir='ltr'><strong>confirmationum,</strong></span> <span class='ocrx_word' id='word_1_257' title='bbox 1430 3622 1463 3679; x_wconf 92' lang='lat' dir='ltr'><strong>in</strong></span> 
     </span>
     <span class='ocr_line' id='line_1_32' title="bbox 216 3709 1463 3816; baseline -0.026 -20"><span class='ocrx_word' id='word_1_258' title='bbox 216 3758 274 3816; x_wconf 89' lang='lat' dir='ltr'><strong>quo</strong></span> <span class='ocrx_word' id='word_1_259' title='bbox 297 3734 421 3794; x_wconf 68' lang='grc'><strong>01393</strong></span> <span class='ocrx_word' id='word_1_260' title='bbox 445 3747 595 3788; x_wconf 88' lang='lat' dir='ltr'><strong>successor</strong></span> <span class='ocrx_word' id='word_1_261' title='bbox 616 3728 679 3782; x_wconf 86' lang='lat' dir='ltr'><strong>eius</strong></span> <span class='ocrx_word' id='word_1_262' title='bbox 702 3722 750 3780; x_wconf 87' lang='lat' dir='ltr'><strong>dic</strong></span> <span class='ocrx_word' id='word_1_263' title='bbox 775 3723 802 3779; x_wconf 84' lang='lat'><strong>5.</strong></span> <span class='ocrx_word' id='word_1_264' title='bbox 826 3716 1000 3777; x_wconf 81' lang='lat' dir='ltr'><strong>Decembris</strong></span> <span class='ocrx_word' id='word_1_265' title='bbox 1027 3716 1108 3771; x_wconf 89' lang='grc'><strong>1393</strong></span> <span class='ocrx_word' id='word_1_266' title='bbox 1133 3710 1171 3769; x_wconf 90' lang='lat' dir='ltr'><strong>ad</strong></span> <span class='ocrx_word' id='word_1_267' title='bbox 1194 3709 1463 3789; x_wconf 86' lang='lat' dir='ltr'><strong>praesentationem</strong></span> 
     </span>
     <span class='ocr_line' id='line_1_33' title="bbox 216 3795 1462 3903; baseline -0.027 -19"><span class='ocrx_word' id='word_1_268' title='bbox 216 3820 450 3903; x_wconf 82' lang='lat' dir='ltr'><strong>supranominati</strong></span> <span class='ocrx_word' id='word_1_269' title='bbox 473 3816 586 3873; x_wconf 91' lang='lat' dir='ltr'><strong>domini</strong></span> <span class='ocrx_word' id='word_1_270' title='bbox 602 3812 725 3870; x_wconf 90' lang='lat' dir='ltr'><strong>Henrici</strong></span> <span class='ocrx_word' id='word_1_271' title='bbox 749 3807 786 3865; x_wconf 90' lang='lat' dir='ltr'><strong>de</strong></span> <span class='ocrx_word' id='word_1_272' title='bbox 803 3805 891 3864; x_wconf 80' lang='lat' dir='ltr'><strong>liuba</strong></span> <span class='ocrx_word' id='word_1_273' title='bbox 906 3804 1103 3869; x_wconf 83' lang='lat' dir='ltr'><strong>confirmatur,</strong></span> <span class='ocrx_word' id='word_1_274' title='bbox 1120 3818 1229 3857; x_wconf 89' lang='lat' dir='ltr'><strong>annum</strong></span> <span class='ocrx_word' id='word_1_275' title='bbox 1249 3798 1331 3855; x_wconf 77' lang='grc'><strong>1391</strong></span> <span class='ocrx_word' id='word_1_276' title='bbox 1356 3795 1462 3853; x_wconf 89' lang='lat' dir='ltr'><strong>falsum</strong></span> 
     </span>
     <span class='ocr_line' id='line_1_34' title="bbox 216 3882 1463 3970; baseline -0.026 0"><span class='ocrx_word' id='word_1_277' title='bbox 216 3912 345 3970; x_wconf 86' lang='grc'><strong>011393</strong></span> <span class='ocrx_word' id='word_1_278' title='bbox 369 3925 472 3964; x_wconf 86' lang='lat' dir='ltr'><strong>verum</strong></span> <span class='ocrx_word' id='word_1_279' title='bbox 488 3902 672 3961; x_wconf 88' lang='lat' dir='ltr'><strong>declaramus</strong></span> <span class='ocrx_word' id='word_1_280' title='bbox 694 3916 803 3955; x_wconf 87' lang='lat' dir='ltr'><strong>coaevo</strong></span> <span class='ocrx_word' id='word_1_281' title='bbox 826 3894 899 3951; x_wconf 89' lang='lat' dir='ltr'><strong>fonti</strong></span> <span class='ocrx_word' id='word_1_282' title='bbox 924 3890 1178 3948; x_wconf 84' lang='lat' dir='ltr'><strong>confirmatiomun</strong></span> <span class='ocrx_word' id='word_1_283' title='bbox 1201 3883 1276 3941; x_wconf 93' lang='lat' dir='ltr'><strong>libro</strong></span> <span class='ocrx_word' id='word_1_284' title='bbox 1299 3884 1394 3959; x_wconf 80' lang='lat' dir='ltr'><strong>magis</strong></span> <span class='ocrx_word' id='word_1_285' title='bbox 1417 3882 1463 3938; x_wconf 92' lang='lat' dir='ltr'><strong>in·</strong></span> 
     </span>
     <span class='ocr_line' id='line_1_35' title="bbox 215 3966 1464 4075; baseline -0.029 -16"><span class='ocrx_word' id='word_1_286' title='bbox 215 4002 279 4060; x_wconf 85' lang='lat' dir='ltr'><strong>nixi</strong></span> <span class='ocrx_word' id='word_1_287' title='bbox 303 4016 390 4075; x_wconf 90' lang='lat' dir='ltr'><strong>quam</strong></span> <span class='ocrx_word' id='word_1_288' title='bbox 408 3990 510 4058; x_wconf 75' lang='lat' dir='ltr'><strong>codici,</strong></span> <span class='ocrx_word' id='word_1_289' title='bbox 534 3990 583 4066; x_wconf 87' lang='lat' dir='ltr'><strong>qui</strong></span> <span class='ocrx_word' id='word_1_290' title='bbox 600 3994 738 4043; x_wconf 85' lang='lat' dir='ltr'><strong>exaratus</strong></span> <span class='ocrx_word' id='word_1_291' title='bbox 760 4002 823 4039; x_wconf 86' lang='lat' dir='ltr'><strong>esse</strong></span> <span class='ocrx_word' id='word_1_292' title='bbox 848 3978 964 4036; x_wconf 85' lang='lat' dir='ltr'><strong>videtur</strong></span> <span class='ocrx_word' id='word_1_293' title='bbox 987 3990 1117 4051; x_wconf 89' lang='lat' dir='ltr'><strong>tempore</strong></span> <span class='ocrx_word' id='word_1_294' title='bbox 1133 3972 1300 4051; x_wconf 85' lang='lat' dir='ltr'><strong>posteriore.</strong></span> <span class='ocrx_word' id='word_1_295' title='bbox 1325 3966 1464 4046; x_wconf 72' lang='lat' dir='ltr'><strong>h&#39;epultus</strong></span> 
     </span>
     <span class='ocr_line' id='line_1_36' title="bbox 215 4071 790 4159; baseline -0.037 -12"><span class='ocrx_word' id='word_1_296' title='bbox 215 4097 260 4147; x_wconf 90' lang='lat' dir='ltr'><strong>est</strong></span> <span class='ocrx_word' id='word_1_297' title='bbox 282 4088 315 4143; x_wconf 91' lang='lat' dir='ltr'><strong>in</strong></span> <span class='ocrx_word' id='word_1_298' title='bbox 338 4080 447 4159; x_wconf 90' lang='lat' dir='ltr'><strong>templo</strong></span> <span class='ocrx_word' id='word_1_299' title='bbox 470 4076 533 4134; x_wconf 72' lang='lat' dir='ltr'><strong>(livi</strong></span> <span class='ocrx_word' id='word_1_300' title='bbox 559 4074 619 4130; x_wconf 76' lang='lat' dir='ltr'><strong>Viti</strong></span> <span class='ocrx_word' id='word_1_301' title='bbox 643 4071 790 4147; x_wconf 68' lang='lat' dir='ltr'><strong>martyris.</strong></span> 
     </span>
    </p>

    <p class='ocr_par' dir='ltr' id='par_1_10' title="bbox 214 4157 1463 4699">
     <span class='ocr_line' id='line_1_37' title="bbox 324 4157 1463 4261; baseline -0.029 -16"><span class='ocrx_word' id='word_1_302' title='bbox 324 4190 355 4247; x_wconf 77' lang='lat' dir='ltr'><strong>si</strong></span> <span class='ocrx_word' id='word_1_303' title='bbox 379 4185 488 4261; x_wconf 90' lang='lat' dir='ltr'><strong>scripta</strong></span> <span class='ocrx_word' id='word_1_304' title='bbox 509 4181 573 4237; x_wconf 89' lang='lat' dir='ltr'><strong>eins</strong></span> <span class='ocrx_word' id='word_1_305' title='bbox 594 4172 811 4254; x_wconf 89' lang='lat' dir='ltr'><strong>perpendimus,</strong></span> <span class='ocrx_word' id='word_1_306' title='bbox 841 4178 964 4247; x_wconf 89' lang='lat' dir='ltr'><strong>apparet</strong></span> <span class='ocrx_word' id='word_1_307' title='bbox 986 4186 1052 4223; x_wconf 88' lang='lat' dir='ltr'><strong>eum</strong></span> <span class='ocrx_word' id='word_1_308' title='bbox 1077 4164 1166 4222; x_wconf 85' lang='lat' dir='ltr'><strong>luisse</strong></span> <span class='ocrx_word' id='word_1_309' title='bbox 1189 4160 1346 4219; x_wconf 83' lang='lat' dir='ltr'><strong>zelatorem</strong></span> <span class='ocrx_word' id='word_1_310' title='bbox 1368 4157 1463 4214; x_wconf 90' lang='lat' dir='ltr'><strong>eccle-</strong></span> 
     </span>
     <span class='ocr_line' id='line_1_38' title="bbox 214 4244 1463 4339; baseline -0.03 0"><span class='ocrx_word' id='word_1_311' title='bbox 214 4283 277 4339; x_wconf 88' lang='lat' dir='ltr'><strong>siae</strong></span> <span class='ocrx_word' id='word_1_312' title='bbox 293 4272 466 4338; x_wconf 86' lang='lat' dir='ltr'><strong>catholicac,</strong></span> <span class='ocrx_word' id='word_1_313' title='bbox 489 4265 541 4324; x_wconf 90' lang='lat' dir='ltr'><strong>sed</strong></span> <span class='ocrx_word' id='word_1_314' title='bbox 558 4264 643 4333; x_wconf 77' lang='lat' dir='ltr'><strong>mala,</strong></span> <span class='ocrx_word' id='word_1_315' title='bbox 667 4281 742 4339; x_wconf 89' lang='lat' dir='ltr'><strong>quae</strong></span> <span class='ocrx_word' id='word_1_316' title='bbox 760 4257 838 4315; x_wconf 78' lang='lat' dir='ltr'><strong>vidit</strong></span> <span class='ocrx_word' id='word_1_317' title='bbox 860 4268 890 4313; x_wconf 87' lang='lat' dir='ltr'><strong>et</strong></span> <span class='ocrx_word' id='word_1_318' title='bbox 905 4255 1034 4313; x_wconf 88' lang='lat' dir='ltr'><strong>schisma</strong></span> <span class='ocrx_word' id='word_1_319' title='bbox 1056 4262 1151 4309; x_wconf 88' lang='lat' dir='ltr'><strong>ortum</strong></span> <span class='ocrx_word' id='word_1_320' title='bbox 1170 4260 1257 4324; x_wconf 84' lang='lat' dir='ltr'><strong>atque</strong></span> <span class='ocrx_word' id='word_1_321' title='bbox 1281 4244 1463 4303; x_wconf 88' lang='lat' dir='ltr'><strong>abominatio</strong></span> 
     </span>
     <span class='ocr_line' id='line_1_39' title="bbox 214 4328 1463 4429; baseline -0.031 -4"><span class='ocrx_word' id='word_1_322' title='bbox 214 4370 247 4425; x_wconf 90' lang='lat' dir='ltr'><strong>in</strong></span> <span class='ocrx_word' id='word_1_323' title='bbox 273 4365 336 4422; x_wconf 92' lang='lat' dir='ltr'><strong>loco</strong></span> <span class='ocrx_word' id='word_1_324' title='bbox 370 4367 471 4417; x_wconf 89' lang='lat' dir='ltr'><strong>sancto</strong></span> <span class='ocrx_word' id='word_1_325' title='bbox 502 4354 719 4429; x_wconf 78' lang='lat' dir='ltr'><strong>instigaverunt</strong></span> <span class='ocrx_word' id='word_1_326' title='bbox 752 4365 819 4403; x_wconf 90' lang='lat' dir='ltr'><strong>eum</strong></span> <span class='ocrx_word' id='word_1_327' title='bbox 849 4362 941 4419; x_wconf 82' lang='lat' dir='ltr'><strong>usqne</strong></span> <span class='ocrx_word' id='word_1_328' title='bbox 975 4338 1012 4397; x_wconf 89' lang='lat' dir='ltr'><strong>ad</strong></span> <span class='ocrx_word' id='word_1_329' title='bbox 1043 4338 1161 4400; x_wconf 80' lang='lat' dir='ltr'><strong>dictum,</strong></span> <span class='ocrx_word' id='word_1_330' title='bbox 1196 4331 1273 4411; x_wconf 85' lang='lat' dir='ltr'><strong>quod</strong></span> <span class='ocrx_word' id='word_1_331' title='bbox 1305 4328 1463 4429; x_wconf 78' lang='lat' dir='ltr'><strong>resonabat</strong></span> 
     </span>
     <span class='ocr_line' id='line_1_40' title="bbox 214 4418 1463 4533; baseline -0.03 -20"><span class='ocrx_word' id='word_1_332' title='bbox 214 4450 347 4533; x_wconf 89' lang='lat' dir='ltr'><strong>pluribus</strong></span> <span class='ocrx_word' id='word_1_333' title='bbox 381 4444 413 4502; x_wconf 93' lang='lat' dir='ltr'><strong>id</strong></span> <span class='ocrx_word' id='word_1_334' title='bbox 446 4441 586 4518; x_wconf 85' lang='lat' dir='ltr'><strong>temporis</strong></span> <span class='ocrx_word' id='word_1_335' title='bbox 620 4440 652 4495; x_wconf 89' lang='lat' dir='ltr'><strong>in</strong></span> <span class='ocrx_word' id='word_1_336' title='bbox 684 4435 765 4504; x_wconf 88' lang='lat' dir='ltr'><strong>loeis,</strong></span> <span class='ocrx_word' id='word_1_337' title='bbox 800 4429 1005 4488; x_wconf 87' lang='lat' dir='ltr'><strong>antichristum</strong></span> <span class='ocrx_word' id='word_1_338' title='bbox 1040 4427 1071 4482; x_wconf 91' lang='grc'><strong>10</strong></span> <span class='ocrx_word' id='word_1_339' title='bbox 1105 4423 1260 4480; x_wconf 88' lang='lat' dir='ltr'><strong>ecclesiam</strong></span> <span class='ocrx_word' id='word_1_340' title='bbox 1295 4418 1463 4476; x_wconf 81' lang='lat' dir='ltr'><strong>advenisse.</strong></span> 
     </span>
     <span class='ocr_line' id='line_1_41' title="bbox 216 4501 1463 4617; baseline -0.034 -17"><span class='ocrx_word' id='word_1_341' title='bbox 216 4541 347 4617; x_wconf 71' lang='lat' dir='ltr'><strong>Scriptor</strong></span> <span class='ocrx_word' id='word_1_342' title='bbox 369 4533 456 4591; x_wconf 88' lang='lat' dir='ltr'><strong>huius</strong></span> <span class='ocrx_word' id='word_1_343' title='bbox 479 4527 546 4585; x_wconf 88' lang='lat' dir='ltr'><strong>libri</strong></span> <span class='ocrx_word' id='word_1_344' title='bbox 565 4524 639 4582; x_wconf 88' lang='lat' dir='ltr'><strong>dicit</strong></span> <span class='ocrx_word' id='word_1_345' title='bbox 661 4542 727 4580; x_wconf 91' lang='lat' dir='ltr'><strong>enm</strong></span> <span class='ocrx_word' id='word_1_346' title='bbox 751 4539 810 4577; x_wconf 92' lang='lat' dir='ltr'><strong>non</strong></span> <span class='ocrx_word' id='word_1_347' title='bbox 825 4516 916 4574; x_wconf 87' lang='lat' dir='ltr'><strong>fuisse</strong></span> <span class='ocrx_word' id='word_1_348' title='bbox 941 4512 997 4571; x_wconf 87' lang='lat' dir='ltr'><strong>sibi</strong></span> <span class='ocrx_word' id='word_1_349' title='bbox 1022 4518 1213 4577; x_wconf 80' lang='lat' dir='ltr'><strong>constantem,</strong></span> <span class='ocrx_word' id='word_1_350' title='bbox 1237 4516 1266 4563; x_wconf 89' lang='lat' dir='ltr'><strong>et</strong></span> <span class='ocrx_word' id='word_1_351' title='bbox 1289 4507 1388 4562; x_wconf 86' lang='lat' dir='ltr'><strong>animo</strong></span> <span class='ocrx_word' id='word_1_352' title='bbox 1412 4501 1463 4559; x_wconf 90' lang='lat' dir='ltr'><strong>de·</strong></span> 
     </span>
     <span class='ocr_line' id='line_1_42' title="bbox 214 4593 1462 4699; baseline -0.032 -13"><span class='ocrx_word' id='word_1_353' title='bbox 214 4628 306 4685; x_wconf 86' lang='lat' dir='ltr'><strong>bilem</strong></span> <span class='ocrx_word' id='word_1_354' title='bbox 329 4633 417 4699; x_wconf 88' lang='lat' dir='ltr'><strong>atque</strong></span> <span class='ocrx_word' id='word_1_355' title='bbox 452 4617 484 4674; x_wconf 92' lang='lat' dir='ltr'><strong>iu</strong></span> <span class='ocrx_word' id='word_1_356' title='bbox 507 4635 538 4671; x_wconf 87' lang='lat' dir='ltr'><strong>se</strong></span> <span class='ocrx_word' id='word_1_357' title='bbox 561 4611 698 4679; x_wconf 85' lang='lat' dir='ltr'><strong>divisum,</strong></span> <span class='ocrx_word' id='word_1_358' title='bbox 733 4606 869 4684; x_wconf 87' lang='lat' dir='ltr'><strong>quamvis</strong></span> <span class='ocrx_word' id='word_1_359' title='bbox 893 4622 959 4659; x_wconf 90' lang='lat' dir='ltr'><strong>eum</strong></span> <span class='ocrx_word' id='word_1_360' title='bbox 983 4598 1105 4657; x_wconf 82' lang='lat' dir='ltr'><strong>extollat</strong></span> <span class='ocrx_word' id='word_1_361' title='bbox 1129 4593 1273 4663; x_wconf 85' lang='lat' dir='ltr'><strong>laudibus,</strong></span> <span class='ocrx_word' id='word_1_362' title='bbox 1308 4610 1380 4669; x_wconf 67' lang='lat' dir='ltr'><strong>(luas</strong></span> <span class='ocrx_word' id='word_1_363' title='bbox 1403 4610 1462 4647; x_wconf 92' lang='grc'><strong>000</strong></span> 
     </span>
    </p>
   </div>
   <div class='ocr_carea' id='block_1_10' title="bbox 212 4710 438 4789">
    <p class='ocr_par' dir='ltr' id='par_1_11' title="bbox 212 4710 438 4789">
     <span class='ocr_line' id='line_1_43' title="bbox 212 4710 438 4789; baseline -0.062 -14"><span class='ocrx_word' id='word_1_364' title='bbox 212 4714 320 4775; x_wconf 89' lang='lat' dir='ltr'><strong>meruit</strong></span> <span class='ocrx_word' id='word_1_365' title='bbox 343 4710 438 4789; x_wconf 88' lang='lat' dir='ltr'><strong>plene.</strong></span> 
     </span>
    </p>
   </div>
   <div class='ocr_carea' id='block_1_11' title="bbox 264 4818 1304 4915">
    <p class='ocr_par' dir='ltr' id='par_1_12' title="bbox 264 4818 1304 4915">
     <span class='ocr_line' id='line_1_44' title="bbox 264 4818 1304 4915; baseline -0.044 0"><span class='ocrx_word' id='word_1_366' title='bbox 264 4873 324 4915; x_wconf 87' lang='lat' dir='ltr'><strong>Slav.</strong></span> <span class='ocrx_word' id='word_1_367' title='bbox 338 4870 381 4911; x_wconf 86' lang='lat' dir='ltr'><strong>litt.</strong></span> <span class='ocrx_word' id='word_1_368' title='bbox 394 4863 466 4908; x_wconf 86' lang='lat' dir='ltr'><strong>theol.</strong></span> <span class='ocrx_word' id='word_1_369' title='bbox 1274 4818 1304 4871; x_wconf 83' lang='lat'><strong>16</strong></span> 
     </span>
    </p>
   </div>
   <div class='ocr_carea' id='block_1_12' title="bbox 0 0 1730 5342">
    <p class='ocr_par' dir='ltr' id='par_1_13' title="bbox 0 0 1730 5342">
     <span class='ocr_line' id='line_1_45' title="bbox 0 0 1730 5342; baseline 0 3"><span class='ocrx_word' id='word_1_370' title='bbox 0 0 1730 5342; x_wconf 95' lang='lat' dir='ltr'><strong> </strong></span> 
     </span>
    </p>
   </div>
  </div>
 </body>
</html>
