3450 5342
774 377 966 433 -110-

243 556 283 612 sd
296 561 387 611 extra
397 557 462 613 sint
477 557 574 613 veluti
583 558 701 614 liberae
716 559 916 614 extensiones
930 561 968 615 ad
994 565 1083 614 extra
1101 559 1183 614 vitae
1194 558 1320 614 divinae
1330 557 1494 613 interioris

246 626 441 682 necessariae
459 627 499 682 ad
519 626 610 682 intra.
631 659 661 667 -
704 643 707 648 ·

349 696 532 766 Completur
543 696 724 753 dissertatio
738 697 954 764 declaratione,
969 699 1000 752 iii
1015 697 1124 753 ordine
1138 697 1287 752 historico
1301 713 1363 752 nou
1377 696 1489 752 haberi

242 764 460 820 remissionem
474 771 672 836 peccatorum
684 767 760 823 citra
777 783 810 822 re
834 768 1045 824 onerationem
1057 767 1089 823 in
1105 765 1215 822 Filium
1229 767 1284 822 Dei
1295 767 1493 837 adoptivum.

244 834 307 903 (Pr.
327 833 363 888 X.
383 850 452 916 pag.
471 837 527 901 48).
552 835 646 891 Theai
671 836 780 893 ultima
805 784 870 903 (i'r.
888 837 941 892 xi.
962 853 1023 920 pag
1050 839 1084 892 le
1103 852 1158 906 seq
1192 840 1201 904 l
1226 836 1396 906 exponitur
1421 851 1492 906 per-

242 902 332 958 ennis
352 903 489 974 Spiritus
509 920 533 960 s.
552 921 621 961 cum
642 906 766 962 iustis
792 907 967 962 coniunctio
993 853 1187 978 (inhaesuri,
1216 905 1305 961 cuius
1324 905 1496 961 efficientia

242 977 292 1028 est
310 974 506 1056 regeneratio
532 980 563 1029 et
586 975 704 1044 filiatio,
732 992 836 1045 aqua
862 983 965 1032 tamen
992 976 1035 1032 uti
1064 991 1202 1032 neemen«
1229 991 1247 1032 a
1272 975 1377 1045 planta
1396 991 1435 1030 ex
1454 990 1494 1029 eo

243 1048 313 1098 orta
332 1044 552 1114 distinguitur.
571 1076 603 1083 —

347 1138 569 1194 Difficillimum
596 1155 670 1195 sane
699 1141 913 1210 quaestionem
934 1143 973 1196 de
985 1143 1087 1212 gratia
1111 1147 1142 1195 et
1160 1145 1290 1223 propter
1308 1141 1402 1196 finem
1423 1155 1495 1208 epe·

242 1207 350 1263 cielem
371 1208 551 1264 conferendi
570 1225 722 1265 eamcam
742 1211 898 1281 theologia
919 1211 1068 1266 Russiaca
1089 1225 1189 1280 magis
1204 1210 1306 1266 adhuc
1321 1208 1493 1279 spinosam,

243 1277 355 1348 selegit
379 1278 439 1333 sibi
465 1284 574 1333 auctor
599 1279 668 1334 aliis
692 1281 749 1335 hae
772 1280 806 1336 in
830 1296 865 1335 re
893 1279 1127 1350 antesignanus.
1165 1279 1253 1334 Vires
1282 1278 1419 1334 ostendit
1446 1279 1493 1333 rei

243 1348 422 1402 tractandae
452 1362 558 1417 pares;
585 1349 618 1404 in
640 1349 759 1474 imbus
788 1355 918 1420 propter
942 1350 987 1404 rei
1013 1350 1182 1404 novitatem
1211 1349 1369 1416 deficiunt,
1398 1348 1495 1403 acela·

244 1430 368 1497 mamus
395 1418 422 1472 ei
453 1417 593 1472 animum
621 1419 845 1474 edentes21n
866 1419 960 1475 tantis
986 1419 1132 1485 voluisse,
1161 1418 1220 1474 sihi
1245 1418 1376 1488 aliisque
1407 1417 1492 1472 viam

245 1490 401 1541 stravisse
426 1517 460 1525 -
484 1487 608 1542 interim
636 1493 685 1543 sat
703 1494 761 1544 est.

350 1556 478 1625 Pragae,
498 1571 607 1612 mense
627 1557 812 1614 Februario,
1264 1557 1316 1612 Dr.
1335 1555 1459 1611 Kcrdud.

348 1677 429 1746 Joa
452 1676 603 1759 Scalde
630 1680 883 1749 Eucharisticlie
906 1681 1059 1766 trattati
1075 1679 1268 1749 stanleiava
1290 1698 1328 1748 ie
1350 1679 1495 1766 znejiiia.

244 1764 414 1850 (Tractatus
448 1769 635 1829 eucharistici
661 1772 802 1830 stanislai
826 1769 863 1829 de
887 1773 1031 1852 Znoima.)
1061 1770 1150 1832 Otieli
1173 1792 1188 1829 a
1218 1769 1371 1849 ,Hildky“
1402 1769 1494 1829 1906.

245 1855 302 1914 Str.
325 1859 366 1914 48
391 1879 410 1913 v
433 1855 478 1916 8⁰.
524 1859 608 1916 Cena
631 1863 672 1913 till
695 1858 723 1914 li.
764 1859 787 1914 V
813 1859 892 1916 Brnb
918 1859 1008 1918 1906.
1053 1857 1177 1916 Tiskem
1200 1855 1430 1916 henediktinske
1455 1858 1493 1914 ti—

244 1942 366 2024 slierny.
389 1943 558 2004 Nakladem
584 1946 732 2005 i'lastiiim.

349 2056 578 2116 Stauislaus
594 2056 613 2114 d
623 2080 639 2115 e
656 2058 825 2126 Ziioima,
845 2059 1050 2116 universitatis
1063 2058 1222 2134 Prageneis
1238 2057 1391 2135 professor,
1408 2057 1494 2113 initio

245 2143 409 2202 novitatum
433 2144 551 2202 Wicleti
577 2154 775 2222 propugnator
799 2143 1015 2204 audacissimus
1040 2153 1110 2214 erat,
1144 2146 1234 2202 immo
1257 2164 1328 2202 vero
1350 2145 1439 2202 etiam
1463 2143 1495 2200 in

243 2227 299 2287 hoc
328 2227 506 2308 discipulum
536 2251 620 2289 sunm
653 2233 793 2288 [ormnem
822 2231 887 2289 Has
918 2230 1082 2308 superabat.
1123 2232 1190 2309 Ipse
1221 2231 1288 2289 Hue
1319 2231 1434 2288 crimini
1466 2231 1495 2288 ci

242 2313 342 2388 debet,
365 2338 431 2376 eum
453 2317 619 2376 doctrinam
645 2319 761 2375 ll'ieleli
785 2317 829 2376 de
859 2321 1111 2376 remanentia
1142 2320 1255 2394 panis
1279 2325 1386 2378 tenere.
1426 2315 1492 2374 Viri

243 2401 323 2461 docti
354 2406 495 2482 scriptum
526 2405 668 2464 suinislai
698 2405 734 2462 de
766 2405 820 2463 hac
852 2426 882 2463 re
905 2405 1095 2483 quasi-oliam,
1130 2404 1181 2462 sed
1206 2426 1265 2463 non
1288 2403 1490 2463 inveniebant.

243 2490 317 2547 Erat
333 2488 452 2567 quidem
469 2494 506 2550 iis
522 2492 658 2550 omuibus
676 2494 845 2550 iiotiesimus
861 2501 1003 2550 tractatus
1020 2495 1111 2570 ipsius
1131 2492 1195 2564 ,lle
1212 2511 1330 2569 corpore
1350 2490 1494 2560 Christii,

243 2585 274 2634 et
297 2576 346 2634 hic
368 2577 457 2654 plane
488 2581 666 2636 conti-arium
698 2579 934 2640 demonstratur:
970 2582 1101 2636 eontinet
1126 2581 1204 2636 eiiim
1228 2577 1396 2636 dissertatio
1420 2577 1494 2636 haec

244 2662 410 2722 doctrinam
440 2666 616 2724 catholicam
640 2666 677 2722 de
708 2687 766 2724 non
790 2667 975 2724 remanentia
1006 2665 1236 2724 substantiarum
1260 2667 1346 2743 panis
1369 2672 1397 2722 et
1420 2667 1493 2721 viiii.

244 2751 357 2807 Auctor
379 2752 532 2827 ingeniose
555 2752 745 2820 deinoiistiat,
780 2753 862 2810 illum
887 2756 1053 2831 quaesitum
1077 2762 1231 2811 tractatum
1257 2751 1436 2810 haereticum
1461 2753 1491 2808 iii

244 2836 300 2894 hoe
331 2837 494 2896 orthodoxo
524 2839 632 2902 letoio:
667 2839 737 2897 dein
768 2839 886 2899 uberius
918 2839 1037 2898 dissei-it
1067 2839 1103 2898 do
1135 2839 1268 2898 doctrine
1292 2839 1432 2898 stanislai
1463 2851 1493 2896 et

243 2932 363 2981 enarrat
386 2923 447 2983 fate
474 2928 573 3004 ipsius.
615 2927 868 3001 lliligeiitissimae
899 2927 1113 2986 elucubrationi
1137 2948 1206 2986 snae
1231 2939 1332 2985 auctor
1356 2925 1492 2984 adiunxit

244 3019 358 3067 textum
382 3020 523 3071 tractatus
535 3013 685 3083 Stanislai,
709 3033 873 3071 sermonem
899 3016 1032 3090 magistri
1044 3013 1187 3072 [ohannis
1203 3013 1240 3072 de
1254 2999 1367 3075 bibiena
1392 3021 1493 3070 eontra

243 3100 459 3156 remanentiam
481 3102 575 3177 panis,
606 3099 746 3157 iudicium
771 3103 986 3158 commissionis
1010 3101 1193 3176 theologicae
1217 3100 1254 3160 de
1276 3108 1404 3159 tractatu
1427 3101 1492 3157 Sta-

245 3183 333 3242 nislai
358 3194 387 3242 et
409 3185 614 3244 aduotatioiies
637 3187 801 3256 historicas,
829 3208 905 3265 (luae
930 3191 959 3244 in
984 3187 1084 3246 codice
1109 3187 1334 3246 vindobonensi
1355 3187 1492 3244 tractatui

248 3270 383 3330 adnexae
408 3282 484 3332 sunt.
1412 3267 1449 3334 P.

348 3406 532 3476 wenceslai
556 3405 729 3475 francisci
751 3405 930 3476 coelestini
956 3426 976 3476 a
1000 3407 1233 3494 Blumenberp:
1257 3407 1303 3486 Α)
1338 3407 1491 3478 autoilo-

243 3493 392 3648 biam
425 3491 473 3595 B)
497 3493 582 3562 heta
604 3494 818 3597 'capitularia'
844 3493 1087 3599 [Mt—liin
1120 3497 1228 3557 Edidit
1252 3499 1302 3556 Dr.
1325 3493 1489 3599 locanes

280 3596 331 3664 el).
356 3575 505 3644 Sodlalt.
539 3578 708 3663 (Editioiies
739 3585 864 3642 archivii
896 3593 925 3642 ot
956 3584 1154 3643 bibliothecae
1182 3607 1203 3644 s.
1227 3583 1247 3645 f.
1270 3586 1488 3663 metropolitani

243 3669 365 3748 capituli
388 3670 548 3747 Pragensis
571 3680 590 3731 t.
617 3670 695 3747 Vll.)
719 3672 834 3748 Pragae
861 3673 951 3729 ialin.
976 3673 1030 3748 Pg.
1056 3675 1125 3734 128.
1149 3673 1281 3731 Pretium
1306 3675 1323 3730 2
1350 3673 1382 3731 C.

350 3757 536 3814 Coelestinns
570 3777 587 3813 a
621 3751 828 3833 Blumcnbei·g,
868 3761 1026 3817 canonicus
1065 3759 1308 3837 metropolitanae
1347 3759 1489 3818 ecclesiae

245 3841 405 3916 Pragensis
440 3839 467 3920 (*
492 3845 573 3900 iotis
597 3845 615 3918 ’s
641 3845 745 3916 tuiti,
779 3846 897 3921 scripsit
919 3844 956 3902 de
980 3847 1042 3903 vita
1066 3865 1119 3904 sua
1141 3855 1170 3904 et
1194 3845 1230 3904 de
1253 3849 1345 3906 variis
1368 3845 1493 3916 casibus,

244 3928 296 4002 qui
318 3928 447 4004 capitulo
470 3928 647 3997 ecciderunt,
660 3929 802 3996 libellum,
825 3934 876 4008 qui
889 3930 940 3990 diu
955 3933 987 3989 in
1011 3933 1131 3991 archivo
1155 3932 1349 3992 delitescebat
1362 3943 1391 3992 et
1415 3953 1492 3990 nune

244 4013 371 4089 primum
394 4013 472 4071 foras
494 4014 579 4072 datus
602 4025 654 4072 cst.
689 4016 748 4092 Qui
772 4017 925 4075 historiam
956 4020 1099 4078 ecclesiae
1121 4021 1154 4078 iii
1177 4020 1322 4080 Bohemia
1345 4019 1494 4080 subtiliter·

243 4112 465 4175 persequuntur,
500 4100 611 4159 liabent
633 4103 689 4172 liic,
725 4102 802 4160 unde
836 4105 989 4178 hauriant3
1027 4107 1120 4164 multa
1142 4109 1221 4164 enim
1246 4107 1366 4166 aliunde
1391 4108 1494 4183 ignota

248 4185 279 4241 iii
303 4184 358 4241 hoc
381 4186 463 4243 fonte
487 4188 686 4246 inveniuntur.
1414 4187 1450 4254 P.

331 4315 452 4395 ,Erana
495 4320 511 4370 i
551 4320 572 4386 t,
615 4321 818 4393 chronologia
862 4324 964 4385 iliata
1010 4325 1101 4383 Pena.
1147 4325 1370 4396 (Olironologia
1412 4325 1496 4380 vitae

247 4383 405 4466 Domini.)-
432 4337 691 4444 Eluciibrationes
728 4407 744 4445 e
772 4392 1001 4448 »Publicatioiie
1046 4395 1203 4463 periodica
1240 4395 1312 4450 cleri
1353 4393 1494 4450 catholici

248 4452 421 4534 Bohemici«
442 4471 468 4511 a.
481 4459 652 4513 leco-1906
671 4475 814 4515 seorsum
827 4477 1004 4530 expressae.
1025 4464 1162 4518 Pretium
1174 4466 1190 4520 3
1203 4465 1272 4520 Gor.
1283 4465 1403 4534 Pragae
1418 4465 1494 4519 1906.

249 4521 436 4590 Sumptihus
450 4527 603 4605 propriis.
625 4528 715 4582 Prelo
734 4531 1008 4600 archiepiscopalis
1028 4533 1172 4588 officinae
1192 4534 1354 4588 librorum.

249 4659 255 4670 ι
337 4593 457 4673 'Magni
485 4599 632 4650 momenti
653 4603 701 4652 est
720 4599 922 4669 chronologia
949 4600 1061 4656 biblica
1088 4617 1150 4657 non
1176 4609 1307 4666 tantum,
1327 4609 1361 4658 ut
1381 4601 1494 4657 melius

246 4660 461 4730 intelligantur
488 4664 569 4718 facta
594 4673 728 4735 narrata,
749 4669 803 4723 sed
824 4668 916 4724 etiem
938 4679 972 4724 ut
991 4671 1227 4726 demonstretur
1247 4672 1364 4727 veritas
1384 4687 1493 4726 eorum
