<?xml version="1.0" encoding="UTF-8"?>
<!DOCTYPE html PUBLIC "-//W3C//DTD XHTML 1.0 Transitional//EN"
    "http://www.w3.org/TR/xhtml1/DTD/xhtml1-transitional.dtd">
<html xmlns="http://www.w3.org/1999/xhtml" xml:lang="en" lang="en">
 <head>
  <title>
</title>
<meta http-equiv="Content-Type" content="text/html;charset=utf-8" />
  <meta name='ocr-system' content='tesseract 3.04.00' />
  <meta name='ocr-capabilities' content='ocr_page ocr_carea ocr_par ocr_line ocrx_word'/>
</head>
<body>
  <div class='ocr_page' id='page_1' title='image "./slavorumlittera00unkngoog_0169.png"; bbox 0 0 3450 5342; ppageno 0'>
   <div class='ocr_carea' id='block_1_1' title="bbox 705 481 896 535">
    <p class='ocr_par' dir='ltr' id='par_1_1' title="bbox 705 481 896 535">
     <span class='ocr_line' id='line_1_1' title="bbox 705 481 896 535; baseline 0 -14"><span class='ocrx_word' id='word_1_1' title='bbox 705 510 738 521; x_wconf 84' lang='lat'><em>-</em></span> <span class='ocrx_word' id='word_1_2' title='bbox 769 481 829 535; x_wconf 75' lang='lat' dir='ltr'><strong>iso</strong></span> <span class='ocrx_word' id='word_1_3' title='bbox 853 512 896 521; x_wconf 83' lang='lat'><strong>..</strong></span> 
     </span>
    </p>
   </div>
   <div class='ocr_carea' id='block_1_2' title="bbox 162 666 1424 3984">
    <p class='ocr_par' dir='ltr' id='par_1_2' title="bbox 162 666 1424 2308">
     <span class='ocr_line' id='line_1_2' title="bbox 168 666 1423 747; baseline 0 -20"><span class='ocrx_word' id='word_1_4' title='bbox 168 666 356 746; x_wconf 72' lang='grc' dir='ltr'><strong><em>φιλεστιίτσυ</em></strong></span> <span class='ocrx_word' id='word_1_5' title='bbox 377 666 534 746; x_wconf 69' lang='grc' dir='ltr'><strong><em>βασιλέως</em></strong></span> <span class='ocrx_word' id='word_1_6' title='bbox 552 666 777 729; x_wconf 80' lang='grc' dir='ltr'><strong><em>Κονσταντίνοο</em></strong></span> <span class='ocrx_word' id='word_1_7' title='bbox 822 667 859 724; x_wconf 93' lang='lat' dir='ltr'><strong>de</strong></span> <span class='ocrx_word' id='word_1_8' title='bbox 883 667 1035 725; x_wconf 83' lang='lat' dir='ltr'><strong>salutifera</strong></span> <span class='ocrx_word' id='word_1_9' title='bbox 1058 668 1256 727; x_wconf 77' lang='lat' dir='ltr'><strong>sollemnitate</strong></span> <span class='ocrx_word' id='word_1_10' title='bbox 1280 669 1423 747; x_wconf 86' lang='lat' dir='ltr'><strong>paschali,</strong></span> 
     </span>
     <span class='ocr_line' id='line_1_3' title="bbox 167 754 1424 834; baseline 0.001 -20"><span class='ocrx_word' id='word_1_11' title='bbox 167 755 315 833; x_wconf 79' lang='grc' dir='ltr'><strong><em>περὶτῆς</em></strong></span> <span class='ocrx_word' id='word_1_12' title='bbox 346 754 436 832; x_wconf 76' lang='grc' dir='ltr'><strong><em>ἁγίας</em></strong></span> <span class='ocrx_word' id='word_1_13' title='bbox 457 754 568 832; x_wconf 78' lang='grc' dir='ltr'><strong><em>ἑορτς</em></strong></span> <span class='ocrx_word' id='word_1_14' title='bbox 597 758 653 815; x_wconf 87' lang='grc' dir='ltr'><strong><em>τοῦ</em></strong></span> <span class='ocrx_word' id='word_1_15' title='bbox 676 776 777 834; x_wconf 83' lang='grc' dir='ltr'><strong><em>σωτη-</em></strong></span> <span class='ocrx_word' id='word_1_16' title='bbox 821 754 1120 813; x_wconf 78' lang='lat' dir='ltr'><strong>excommunicandos</strong></span> <span class='ocrx_word' id='word_1_17' title='bbox 1143 765 1173 814; x_wconf 93' lang='lat' dir='ltr'><strong>et</strong></span> <span class='ocrx_word' id='word_1_18' title='bbox 1204 754 1240 813; x_wconf 92' lang='lat' dir='ltr'><strong>de</strong></span> <span class='ocrx_word' id='word_1_19' title='bbox 1271 756 1424 815; x_wconf 81' lang='lat' dir='ltr'><strong>Ecclcssia</strong></span> 
     </span>
     <span class='ocr_line' id='line_1_4' title="bbox 167 838 1422 921; baseline 0 -20"><span class='ocrx_word' id='word_1_20' title='bbox 167 840 310 918; x_wconf 80' lang='grc' dir='ltr'><strong><em>ριώδους</em></strong></span> <span class='ocrx_word' id='word_1_21' title='bbox 327 838 452 920; x_wconf 84' lang='grc' dir='ltr'><em>Πάσχα,</em></span> <span class='ocrx_word' id='word_1_22' title='bbox 474 840 700 921; x_wconf 82' lang='grc' dir='ltr'><strong><em>ἀκοινονήτους</em></strong></span> <span class='ocrx_word' id='word_1_23' title='bbox 723 841 774 901; x_wconf 80' lang='grc' dir='ltr'><strong><em>καί</em></strong></span> <span class='ocrx_word' id='word_1_24' title='bbox 819 840 972 920; x_wconf 89' lang='lat' dir='ltr'><strong>pellendos</strong></span> <span class='ocrx_word' id='word_1_25' title='bbox 996 860 1060 899; x_wconf 87' lang='lat' dir='ltr'><strong>esse</strong></span> <span class='ocrx_word' id='word_1_26' title='bbox 1083 860 1245 913; x_wconf 76' lang='lat' dir='ltr'>censemus,</span> <span class='ocrx_word' id='word_1_27' title='bbox 1274 844 1298 901; x_wconf 87' lang='lat' dir='ltr'><strong>si</strong></span> <span class='ocrx_word' id='word_1_28' title='bbox 1322 852 1422 901; x_wconf 86' lang='lat' dir='ltr'><strong>tamen</strong></span> 
     </span>
     <span class='ocr_line' id='line_1_5' title="bbox 164 924 1422 1008; baseline -0.001 -20"><span class='ocrx_word' id='word_1_29' title='bbox 164 926 367 1006; x_wconf 80' lang='grc' dir='ltr'><strong><em>ἀπσβλήτους</em></strong></span> <span class='ocrx_word' id='word_1_30' title='bbox 397 924 471 988; x_wconf 81' lang='grc' dir='ltr'><strong><em>εἶναι</em></strong></span> <span class='ocrx_word' id='word_1_31' title='bbox 503 933 557 1008; x_wconf 84' lang='grc' dir='ltr'><strong><em>τῆς</em></strong></span> <span class='ocrx_word' id='word_1_32' title='bbox 581 925 774 1008; x_wconf 82' lang='grc' dir='ltr'><strong><em>Ἐκκλησίας,</em></strong></span> <span class='ocrx_word' id='word_1_33' title='bbox 819 930 1030 986; x_wconf 78' lang='lat' dir='ltr'><strong>contentiosius</strong></span> <span class='ocrx_word' id='word_1_34' title='bbox 1047 928 1243 1000; x_wconf 83' lang='lat' dir='ltr'><strong>adversusea,</strong></span> <span class='ocrx_word' id='word_1_35' title='bbox 1259 949 1334 1007; x_wconf 90' lang='lat' dir='ltr'><strong>quae</strong></span> <span class='ocrx_word' id='word_1_36' title='bbox 1348 928 1422 989; x_wconf 88' lang='lat' dir='ltr'><strong>bene</strong></span> 
     </span>
     <span class='ocr_line' id='line_1_6' title="bbox 166 1013 1422 1095; baseline -0.002 -20"><span class='ocrx_word' id='word_1_37' title='bbox 166 1014 199 1075; x_wconf 81' lang='grc' dir='ltr'><strong><em>εἷ</em></strong></span> <span class='ocrx_word' id='word_1_38' title='bbox 216 1014 368 1093; x_wconf 76' lang='grc' dir='ltr'><strong><em>ἐπιμένειν</em></strong></span> <span class='ocrx_word' id='word_1_39' title='bbox 388 1013 636 1095; x_wconf 75' lang='grc' dir='ltr'><strong><em>φιλονεικότερον</em></strong></span> <span class='ocrx_word' id='word_1_40' title='bbox 659 1014 773 1075; x_wconf 75' lang='grc' dir='ltr'><strong><em>ἐνιστά-</em></strong></span> <span class='ocrx_word' id='word_1_41' title='bbox 819 1028 887 1073; x_wconf 89' lang='lat' dir='ltr'><strong>sunt</strong></span> <span class='ocrx_word' id='word_1_42' title='bbox 911 1014 1037 1085; x_wconf 84' lang='lat' dir='ltr'><strong>decreta,</strong></span> <span class='ocrx_word' id='word_1_43' title='bbox 1067 1018 1258 1093; x_wconf 76' lang='lat' dir='ltr'><strong>perstiterint</strong></span> <span class='ocrx_word' id='word_1_44' title='bbox 1287 1016 1326 1073; x_wconf 80' lang='lat' dir='ltr'><strong>Et</strong></span> <span class='ocrx_word' id='word_1_45' title='bbox 1349 1016 1422 1074; x_wconf 85' lang='lat' dir='ltr'><strong>haec</strong></span> 
     </span>
     <span class='ocr_line' id='line_1_7' title="bbox 167 1099 1422 1183; baseline 0.001 -24"><span class='ocrx_word' id='word_1_46' title='bbox 167 1124 257 1179; x_wconf 86' lang='grc' dir='ltr'><strong><em>μενοι</em></strong></span> <span class='ocrx_word' id='word_1_47' title='bbox 273 1100 353 1179; x_wconf 78' lang='grc' dir='ltr'><strong><em>πρὸς</em></strong></span> <span class='ocrx_word' id='word_1_48' title='bbox 371 1099 407 1160; x_wconf 88' lang='grc' dir='ltr'><strong><em>τὰ</em></strong></span> <span class='ocrx_word' id='word_1_49' title='bbox 427 1100 535 1167; x_wconf 81' lang='grc' dir='ltr'><strong><em>καλῶς</em></strong></span> <span class='ocrx_word' id='word_1_50' title='bbox 559 1099 774 1182; x_wconf 78' lang='grc' dir='ltr'><strong><em>ὀιόιδαγμὲνα.</em></strong></span> <span class='ocrx_word' id='word_1_51' title='bbox 820 1100 939 1179; x_wconf 90' lang='lat' dir='ltr'><strong>quidem</strong></span> <span class='ocrx_word' id='word_1_52' title='bbox 962 1101 999 1160; x_wconf 86' lang='lat' dir='ltr'><strong>de</strong></span> <span class='ocrx_word' id='word_1_53' title='bbox 1024 1102 1106 1160; x_wconf 87' lang='lat' dir='ltr'><strong>laicis</strong></span> <span class='ocrx_word' id='word_1_54' title='bbox 1123 1100 1203 1159; x_wconf 78' lang='lat' dir='ltr'><strong>dicta</strong></span> <span class='ocrx_word' id='word_1_55' title='bbox 1220 1105 1286 1161; x_wconf 86' lang='lat' dir='ltr'><strong>sint.</strong></span> <span class='ocrx_word' id='word_1_56' title='bbox 1311 1105 1342 1161; x_wconf 73' lang='lat' dir='ltr'><strong>ei</strong></span> <span class='ocrx_word' id='word_1_57' title='bbox 1356 1106 1422 1183; x_wconf 91' lang='lat' dir='ltr'><strong>quis</strong></span> 
     </span>
     <span class='ocr_line' id='line_1_8' title="bbox 169 1186 1422 1267; baseline -0.001 -19"><span class='ocrx_word' id='word_1_58' title='bbox 169 1187 338 1248; x_wconf 80' lang='grc' dir='ltr'><strong><em>καὶταῦτα</em></strong></span> <span class='ocrx_word' id='word_1_59' title='bbox 362 1186 503 1266; x_wconf 74' lang='grc' dir='ltr'><strong><em>εἰρήσθω</em></strong></span> <span class='ocrx_word' id='word_1_60' title='bbox 529 1188 684 1267; x_wconf 80' lang='grc' dir='ltr'><strong><em>περὶτῶν</em></strong></span> <span class='ocrx_word' id='word_1_61' title='bbox 706 1188 770 1248; x_wconf 88' lang='grc' dir='ltr'><strong><em>λαι-</em></strong></span> <span class='ocrx_word' id='word_1_62' title='bbox 816 1199 914 1247; x_wconf 89' lang='lat' dir='ltr'><strong>autern</strong></span> <span class='ocrx_word' id='word_1_63' title='bbox 938 1209 1045 1256; x_wconf 82' lang='lat' dir='ltr'><strong>eorum,</strong></span> <span class='ocrx_word' id='word_1_64' title='bbox 1069 1192 1118 1267; x_wconf 90' lang='lat' dir='ltr'><strong>qui</strong></span> <span class='ocrx_word' id='word_1_65' title='bbox 1145 1199 1283 1267; x_wconf 76' lang='lat' dir='ltr'><strong>praesunt</strong></span> <span class='ocrx_word' id='word_1_66' title='bbox 1305 1188 1422 1249; x_wconf 76' lang='lat' dir='ltr'><strong>Eccles-</strong></span> 
     </span>
     <span class='ocr_line' id='line_1_9' title="bbox 168 1272 1420 1356; baseline 0 -21"><span class='ocrx_word' id='word_1_67' title='bbox 168 1278 256 1335; x_wconf 80' lang='grc' dir='ltr'><strong><em>κῶν·</em></strong></span> <span class='ocrx_word' id='word_1_68' title='bbox 291 1275 319 1335; x_wconf 81' lang='grc' dir='ltr'><strong><em>εί</em></strong></span> <span class='ocrx_word' id='word_1_69' title='bbox 339 1272 374 1335; x_wconf 75' lang='grc' dir='ltr'><strong>δέ</strong></span> <span class='ocrx_word' id='word_1_70' title='bbox 403 1298 445 1341; x_wconf 79' lang='grc' dir='ltr'><strong>τις</strong></span> <span class='ocrx_word' id='word_1_71' title='bbox 473 1279 537 1335; x_wconf 85' lang='grc' dir='ltr'><strong><em>τῶν</em></strong></span> <span class='ocrx_word' id='word_1_72' title='bbox 563 1275 774 1354; x_wconf 72' lang='grc' dir='ltr'><em>προεστώτων</em></span> <span class='ocrx_word' id='word_1_73' title='bbox 818 1278 888 1334; x_wconf 87' lang='lat' dir='ltr'><strong>siae.</strong></span> <span class='ocrx_word' id='word_1_74' title='bbox 911 1290 961 1333; x_wconf 84' lang='lat' dir='ltr'><strong>aut</strong></span> <span class='ocrx_word' id='word_1_75' title='bbox 984 1278 1145 1354; x_wconf 73' lang='lat' dir='ltr'><strong>episcopus,</strong></span> <span class='ocrx_word' id='word_1_76' title='bbox 1177 1288 1227 1335; x_wconf 88' lang='lat' dir='ltr'><strong>aut</strong></span> <span class='ocrx_word' id='word_1_77' title='bbox 1257 1275 1420 1356; x_wconf 78' lang='lat' dir='ltr'><strong>presbyter,</strong></span> 
     </span>
     <span class='ocr_line' id='line_1_10' title="bbox 169 1358 1421 1441; baseline 0.001 -21"><span class='ocrx_word' id='word_1_78' title='bbox 169 1367 224 1440; x_wconf 82' lang='grc' dir='ltr'><strong><em>τῆς</em></strong></span> <span class='ocrx_word' id='word_1_79' title='bbox 235 1358 419 1441; x_wconf 84' lang='grc' dir='ltr'><strong><em>Ἐκκλησίας</em></strong></span> <span class='ocrx_word' id='word_1_80' title='bbox 436 1360 614 1430; x_wconf 78' lang='grc' dir='ltr'><strong><em>ἐπίσκοπος,</em></strong></span> <span class='ocrx_word' id='word_1_81' title='bbox 639 1362 656 1440; x_wconf 78' lang='grc' dir='ltr'>ἢ</span> <span class='ocrx_word' id='word_1_82' title='bbox 677 1382 770 1439; x_wconf 83' lang='grc' dir='ltr'><strong><em>αρεσ-</em></strong></span> <span class='ocrx_word' id='word_1_83' title='bbox 816 1376 866 1419; x_wconf 85' lang='lat' dir='ltr'><strong>unt</strong></span> <span class='ocrx_word' id='word_1_84' title='bbox 882 1361 1022 1420; x_wconf 85' lang='lat' dir='ltr'><strong>diaeonus</strong></span> <span class='ocrx_word' id='word_1_85' title='bbox 1045 1374 1109 1440; x_wconf 88' lang='lat' dir='ltr'><strong>post</strong></span> <span class='ocrx_word' id='word_1_86' title='bbox 1125 1362 1202 1421; x_wconf 83' lang='lat' dir='ltr'><strong>hanc</strong></span> <span class='ocrx_word' id='word_1_87' title='bbox 1218 1362 1421 1421; x_wconf 87' lang='lat' dir='ltr'><strong>definitionem</strong></span> 
     </span>
     <span class='ocr_line' id='line_1_11' title="bbox 166 1447 1423 1528; baseline 0 -19"><span class='ocrx_word' id='word_1_88' title='bbox 166 1448 308 1527; x_wconf 78' lang='grc' dir='ltr'><strong><em>βύτερος,</em></strong></span> <span class='ocrx_word' id='word_1_89' title='bbox 333 1447 516 1527; x_wconf 76' lang='grc' dir='ltr'><strong><em>ῆόιάκονος</em></strong></span> <span class='ocrx_word' id='word_1_90' title='bbox 530 1447 607 1527; x_wconf 85' lang='grc' dir='ltr'><strong><em>μετὰ</em></strong></span> <span class='ocrx_word' id='word_1_91' title='bbox 626 1448 679 1509; x_wconf 88' lang='grc' dir='ltr'><strong><em>τὸν</em></strong></span> <span class='ocrx_word' id='word_1_92' title='bbox 694 1448 771 1526; x_wconf 84' lang='grc' dir='ltr'><strong><em>ὅρον</em></strong></span> <span class='ocrx_word' id='word_1_93' title='bbox 816 1450 984 1512; x_wconf 83' lang='lat' dir='ltr'><strong>tentaverit.</strong></span> <span class='ocrx_word' id='word_1_94' title='bbox 1014 1448 1050 1507; x_wconf 82' lang='lat' dir='ltr'><strong>ad</strong></span> <span class='ocrx_word' id='word_1_95' title='bbox 1082 1448 1302 1509; x_wconf 82' lang='lat' dir='ltr'><strong>subversionem</strong></span> <span class='ocrx_word' id='word_1_96' title='bbox 1331 1470 1423 1528; x_wconf 89' lang='lat' dir='ltr'><strong>popu·</strong></span> 
     </span>
     <span class='ocr_line' id='line_1_12' title="bbox 167 1534 1422 1615; baseline 0 -21"><span class='ocrx_word' id='word_1_97' title='bbox 167 1540 280 1595; x_wconf 81' lang='grc' dir='ltr'><strong><em>τοῖτον</em></strong></span> <span class='ocrx_word' id='word_1_98' title='bbox 311 1534 490 1615; x_wconf 76' lang='grc' dir='ltr'><strong><em>τολμήσειεν</em></strong></span> <span class='ocrx_word' id='word_1_99' title='bbox 518 1534 565 1595; x_wconf 73' lang='lat' dir='ltr'><strong>tut</strong></span> <span class='ocrx_word' id='word_1_100' title='bbox 600 1534 773 1614; x_wconf 75' lang='grc' dir='ltr'><strong><em>ὀιαστροιρῇ</em></strong></span> <span class='ocrx_word' id='word_1_101' title='bbox 817 1535 911 1593; x_wconf 88' lang='lat' dir='ltr'><strong>lorum</strong></span> <span class='ocrx_word' id='word_1_102' title='bbox 935 1546 964 1593; x_wconf 89' lang='lat' dir='ltr'><strong>et</strong></span> <span class='ocrx_word' id='word_1_103' title='bbox 999 1536 1196 1593; x_wconf 77' lang='lat' dir='ltr'><strong>lleclesiarum</strong></span> <span class='ocrx_word' id='word_1_104' title='bbox 1229 1536 1422 1615; x_wconf 82' lang='lat' dir='ltr'><strong>perturbatio-</strong></span> 
     </span>
     <span class='ocr_line' id='line_1_13' title="bbox 168 1619 1421 1701; baseline 0.001 -20"><span class='ocrx_word' id='word_1_105' title='bbox 168 1626 234 1682; x_wconf 85' lang='grc' dir='ltr'><strong><em>τῶν</em></strong></span> <span class='ocrx_word' id='word_1_106' title='bbox 262 1621 360 1681; x_wconf 85' lang='grc' dir='ltr'><strong><em>λαιῶν</em></strong></span> <span class='ocrx_word' id='word_1_107' title='bbox 389 1621 442 1682; x_wconf 79' lang='grc' dir='ltr'><strong><em>καί</em></strong></span> <span class='ocrx_word' id='word_1_108' title='bbox 463 1623 585 1701; x_wconf 77' lang='grc' dir='ltr'><strong><em>ταραχῇ</em></strong></span> <span class='ocrx_word' id='word_1_109' title='bbox 615 1625 678 1682; x_wconf 81' lang='grc' dir='ltr'><strong><em>τῶν</em></strong></span> <span class='ocrx_word' id='word_1_110' title='bbox 699 1619 770 1681; x_wconf 79' lang='grc' dir='ltr'><strong>Ἐκ·</strong></span> <span class='ocrx_word' id='word_1_111' title='bbox 817 1644 883 1680; x_wconf 87' lang='lat' dir='ltr'><strong>nem</strong></span> <span class='ocrx_word' id='word_1_112' title='bbox 919 1625 1038 1681; x_wconf 86' lang='lat' dir='ltr'><strong>seorsim</strong></span> <span class='ocrx_word' id='word_1_113' title='bbox 1079 1622 1217 1699; x_wconf 80' lang='lat' dir='ltr'><strong>colligere</strong></span> <span class='ocrx_word' id='word_1_114' title='bbox 1252 1635 1293 1681; x_wconf 91' lang='lat' dir='ltr'><strong>et</strong></span> <span class='ocrx_word' id='word_1_115' title='bbox 1334 1643 1421 1682; x_wconf 91' lang='lat' dir='ltr'><strong>cum</strong></span> 
     </span>
     <span class='ocr_line' id='line_1_14' title="bbox 167 1705 1421 1789; baseline -0.002 -20"><span class='ocrx_word' id='word_1_116' title='bbox 167 1708 307 1789; x_wconf 79' lang='grc' dir='ltr'><strong><em>κλησιιῦν</em></strong></span> <span class='ocrx_word' id='word_1_117' title='bbox 337 1705 463 1771; x_wconf 68' lang='grc' dir='ltr'><strong><em>ίὸιιίζέιν</em></strong></span> <span class='ocrx_word' id='word_1_118' title='bbox 484 1708 537 1767; x_wconf 82' lang='grc' dir='ltr'><strong><em>καὶ</em></strong></span> <span class='ocrx_word' id='word_1_119' title='bbox 566 1707 664 1787; x_wconf 81' lang='grc' dir='ltr'><strong><em>μετὰ</em></strong></span> <span class='ocrx_word' id='word_1_120' title='bbox 694 1712 772 1768; x_wconf 84' lang='grc' dir='ltr'><strong><em>τῶν</em></strong></span> <span class='ocrx_word' id='word_1_121' title='bbox 818 1708 992 1767; x_wconf 84' lang='lat' dir='ltr'><strong>ludaeis</strong></span> <span class='ocrx_word' id='word_1_122' title='bbox 1020 1710 1181 1767; x_wconf 82' lang='lat' dir='ltr'><strong>Pascha</strong></span> <span class='ocrx_word' id='word_1_123' title='bbox 1209 1708 1421 1768; x_wconf 85' lang='lat' dir='ltr'><strong>celebrare</strong></span> 
     </span>
     <span class='ocr_line' id='line_1_15' title="bbox 162 1792 1419 1875; baseline 0 -20"><span class='ocrx_word' id='word_1_124' title='bbox 162 1792 404 1855; x_wconf 72' lang='grc' dir='ltr'><strong><em>Ἰουδαίων</em></strong></span> <span class='ocrx_word' id='word_1_125' title='bbox 452 1794 681 1857; x_wconf 71' lang='grc' dir='ltr'><strong><em>ἐπιτελεῖν</em></strong></span> <span class='ocrx_word' id='word_1_126' title='bbox 726 1794 772 1855; x_wconf 88' lang='grc' dir='ltr'><strong><em>τὸ</em></strong></span> <span class='ocrx_word' id='word_1_127' title='bbox 817 1809 920 1853; x_wconf 87' lang='lat' dir='ltr'><strong>sancta</strong></span> <span class='ocrx_word' id='word_1_128' title='bbox 943 1795 1074 1875; x_wconf 75' lang='lat' dir='ltr'><strong>synodus</strong></span> <span class='ocrx_word' id='word_1_129' title='bbox 1097 1796 1174 1855; x_wconf 88' lang='lat' dir='ltr'><strong>hunc</strong></span> <span class='ocrx_word' id='word_1_130' title='bbox 1209 1796 1338 1855; x_wconf 85' lang='lat' dir='ltr'><strong>alienum</strong></span> <span class='ocrx_word' id='word_1_131' title='bbox 1361 1799 1419 1855; x_wconf 86' lang='lat' dir='ltr'><strong>iam</strong></span> 
     </span>
     <span class='ocr_line' id='line_1_16' title="bbox 169 1878 1419 1962; baseline 0 -21"><span class='ocrx_word' id='word_1_132' title='bbox 169 1878 236 1941; x_wconf 87' lang='grc' dir='ltr'><strong><em>Πιί</em></strong></span> <span class='ocrx_word' id='word_1_133' title='bbox 249 1904 267 1942; x_wconf 85' lang='lat' dir='ltr'><strong>o</strong></span> <span class='ocrx_word' id='word_1_134' title='bbox 279 1904 298 1961; x_wconf 94' lang='grc' dir='ltr'><strong><em>χ</em></strong></span> <span class='ocrx_word' id='word_1_135' title='bbox 310 1904 340 1946; x_wconf 84' lang='grc' dir='ltr'><strong><em>α,</em></strong></span> <span class='ocrx_word' id='word_1_136' title='bbox 363 1887 471 1941; x_wconf 69' lang='grc' dir='ltr'><strong><em>τοῦτον</em></strong></span> <span class='ocrx_word' id='word_1_137' title='bbox 495 1882 513 1962; x_wconf 78' lang='grc' dir='ltr'><em>ἡ</em></span> <span class='ocrx_word' id='word_1_138' title='bbox 537 1882 607 1961; x_wconf 77' lang='grc' dir='ltr'><strong><em>ἁγία</em></strong></span> <span class='ocrx_word' id='word_1_139' title='bbox 627 1879 773 1949; x_wconf 75' lang='grc' dir='ltr'><strong><em>Σιίνοὸος</em></strong></span> <span class='ocrx_word' id='word_1_140' title='bbox 818 1881 855 1940; x_wconf 85' lang='lat' dir='ltr'><strong>ab</strong></span> <span class='ocrx_word' id='word_1_141' title='bbox 880 1883 1015 1940; x_wconf 78' lang='lat' dir='ltr'><strong>Ecclesia</strong></span> <span class='ocrx_word' id='word_1_142' title='bbox 1032 1882 1194 1941; x_wconf 86' lang='lat' dir='ltr'><strong>iudicavit:</strong></span> <span class='ocrx_word' id='word_1_143' title='bbox 1219 1885 1287 1961; x_wconf 88' lang='lat' dir='ltr'><strong>quia</strong></span> <span class='ocrx_word' id='word_1_144' title='bbox 1304 1893 1419 1961; x_wconf 89' lang='lat' dir='ltr'><strong>patrum</strong></span> 
     </span>
     <span class='ocr_line' id='line_1_17' title="bbox 168 1967 1419 2048; baseline -0.001 -19"><span class='ocrx_word' id='word_1_145' title='bbox 168 1968 313 2029; x_wconf 73' lang='grc' dir='ltr'><strong><em>ἐντεῦθεν</em></strong></span> <span class='ocrx_word' id='word_1_146' title='bbox 332 1967 393 2047; x_wconf 67' lang='lat' dir='ltr'><strong>sidu</strong></span> <span class='ocrx_word' id='word_1_147' title='bbox 416 1967 576 2047; x_wconf 86' lang='grc' dir='ltr'><strong><em>ἀλλότριον</em></strong></span> <span class='ocrx_word' id='word_1_148' title='bbox 599 1968 699 2047; x_wconf 80' lang='grc' dir='ltr'><strong><em>ἔκρινε</em></strong></span> <span class='ocrx_word' id='word_1_149' title='bbox 721 1974 774 2048; x_wconf 84' lang='grc' dir='ltr'><strong><em>τῆς</em></strong></span> <span class='ocrx_word' id='word_1_150' title='bbox 818 1982 981 2027; x_wconf 89' lang='lat' dir='ltr'><strong>nostrorum</strong></span> <span class='ocrx_word' id='word_1_151' title='bbox 1006 1970 1124 2046; x_wconf 87' lang='lat' dir='ltr'><strong>regulae</strong></span> <span class='ocrx_word' id='word_1_152' title='bbox 1137 1982 1181 2027; x_wconf 90' lang='lat' dir='ltr'><strong>est</strong></span> <span class='ocrx_word' id='word_1_153' title='bbox 1198 1968 1419 2028; x_wconf 88' lang='lat' dir='ltr'><strong>adhaerendum</strong></span> 
     </span>
     <span class='ocr_line' id='line_1_18' title="bbox 162 2052 1418 2135; baseline -0.002 -20"><span class='ocrx_word' id='word_1_154' title='bbox 162 2052 367 2134; x_wconf 77' lang='grc' dir='ltr'><strong><em>Ἐκκλησίας’</em></strong></span> <span class='ocrx_word' id='word_1_155' title='bbox 397 2054 445 2115; x_wconf 74' lang='grc' dir='ltr'><strong><em>δεῖ</em></strong></span> <span class='ocrx_word' id='word_1_156' title='bbox 471 2054 531 2134; x_wconf 81' lang='grc' dir='ltr'><strong>γὰρ</strong></span> <span class='ocrx_word' id='word_1_157' title='bbox 564 2060 694 2134; x_wconf 83' lang='grc' dir='ltr'><strong><em>στοιχεῖν</em></strong></span> <span class='ocrx_word' id='word_1_158' title='bbox 729 2061 775 2134; x_wconf 83' lang='grc' dir='ltr'><strong><em>τῷ</em></strong></span> <span class='ocrx_word' id='word_1_159' title='bbox 819 2066 904 2133; x_wconf 90' lang='lat' dir='ltr'><strong>prout</strong></span> <span class='ocrx_word' id='word_1_160' title='bbox 928 2076 1018 2135; x_wconf 90' lang='lat' dir='ltr'><strong>usque</strong></span> <span class='ocrx_word' id='word_1_161' title='bbox 1041 2056 1137 2124; x_wconf 77' lang='lat' dir='ltr'><strong>bodie,</strong></span> <span class='ocrx_word' id='word_1_162' title='bbox 1162 2056 1226 2114; x_wconf 86' lang='lat' dir='ltr'><strong>Deo</strong></span> <span class='ocrx_word' id='word_1_163' title='bbox 1249 2055 1418 2127; x_wconf 79' lang='lat' dir='ltr'><strong>adiuvante,</strong></span> 
     </span>
     <span class='ocr_line' id='line_1_19' title="bbox 167 2142 1367 2222; baseline -0.001 -21"><span class='ocrx_word' id='word_1_164' title='bbox 167 2146 234 2202; x_wconf 82' lang='grc' dir='ltr'><strong><em>τῶν</em></strong></span> <span class='ocrx_word' id='word_1_165' title='bbox 269 2142 415 2218; x_wconf 78' lang='grc' dir='ltr'><strong><em>ποτέρων</em></strong></span> <span class='ocrx_word' id='word_1_166' title='bbox 451 2146 560 2203; x_wconf 83' lang='grc' dir='ltr'><strong><em>κανόνι</em></strong></span> <span class='ocrx_word' id='word_1_167' title='bbox 593 2143 684 2222; x_wconf 83' lang='grc' dir='ltr'><strong><em>μέχρι</em></strong></span> <span class='ocrx_word' id='word_1_168' title='bbox 722 2142 774 2202; x_wconf 85' lang='grc' dir='ltr'><strong><em>καὶ</em></strong></span> <span class='ocrx_word' id='word_1_169' title='bbox 819 2164 870 2201; x_wconf 82' lang='lat' dir='ltr'><strong>aas</strong></span> <span class='ocrx_word' id='word_1_170' title='bbox 894 2155 992 2201; x_wconf 81' lang='lat' dir='ltr'><strong>servat</strong></span> <span class='ocrx_word' id='word_1_171' title='bbox 1015 2156 1119 2201; x_wconf 83' lang='lat' dir='ltr'><strong>sancta</strong></span> <span class='ocrx_word' id='word_1_172' title='bbox 1142 2142 1198 2201; x_wconf 85' lang='lat' dir='ltr'><strong>Dei</strong></span> <span class='ocrx_word' id='word_1_173' title='bbox 1224 2144 1367 2202; x_wconf 79' lang='lat' dir='ltr'><strong>Ecclesia.</strong></span> 
     </span>
     <span class='ocr_line' id='line_1_20' title="bbox 166 2225 771 2308; baseline 0 -19"><span class='ocrx_word' id='word_1_174' title='bbox 166 2230 311 2308; x_wconf 81' lang='grc' dir='ltr'><strong><em>σήμερον</em></strong></span> <span class='ocrx_word' id='word_1_175' title='bbox 339 2225 422 2290; x_wconf 84' lang='grc' dir='ltr'><strong><em>Θεοῦ</em></strong></span> <span class='ocrx_word' id='word_1_176' title='bbox 446 2228 545 2307; x_wconf 86' lang='grc' dir='ltr'><strong><em>χάριτι</em></strong></span> <span class='ocrx_word' id='word_1_177' title='bbox 568 2228 605 2289; x_wconf 90' lang='grc' dir='ltr'><strong>ὅν</strong></span> <span class='ocrx_word' id='word_1_178' title='bbox 624 2227 709 2290; x_wconf 77' lang='grc' dir='ltr'><strong><em>καθὸ</em></strong></span> <span class='ocrx_word' id='word_1_179' title='bbox 733 2228 771 2308; x_wconf 72' lang='grc' dir='ltr'><strong>ὀὴ</strong></span> 
     </span>
    </p>

    <p class='ocr_par' dir='ltr' id='par_1_3' title="bbox 167 2313 771 2395">
     <span class='ocr_line' id='line_1_21' title="bbox 167 2313 771 2395; baseline -0.002 -19"><span class='ocrx_word' id='word_1_180' title='bbox 167 2316 224 2376; x_wconf 83' lang='grc' dir='ltr'><strong><em>καὶ</em></strong></span> <span class='ocrx_word' id='word_1_181' title='bbox 252 2338 267 2374; x_wconf 88' lang='grc' dir='ltr'><strong><em>τ</em></strong></span> <span class='ocrx_word' id='word_1_182' title='bbox 318 2315 409 2375; x_wconf 77' lang='grc' dir='ltr'><strong><em>λοιπὰ</em></strong></span> <span class='ocrx_word' id='word_1_183' title='bbox 446 2316 463 2394; x_wconf 77' lang='grc' dir='ltr'><em>ἡ</em></span> <span class='ocrx_word' id='word_1_184' title='bbox 495 2313 579 2377; x_wconf 80' lang='grc' dir='ltr'><strong><em>θεοῦ</em></strong></span> <span class='ocrx_word' id='word_1_185' title='bbox 604 2314 771 2395; x_wconf 80' lang='grc' dir='ltr'><strong><em>Ἐκκλησία</em></strong></span> 
     </span>
    </p>

    <p class='ocr_par' dir='ltr' id='par_1_4' title="bbox 167 2401 375 2480">
     <span class='ocr_line' id='line_1_22' title="bbox 167 2401 375 2480; baseline -0.01 -17"><span class='ocrx_word' id='word_1_186' title='bbox 167 2401 375 2480; x_wconf 72' lang='grc' dir='ltr'><strong><em>ὸιααιιλιίττει.</em></strong></span> 
     </span>
    </p>

    <p class='ocr_par' dir='ltr' id='par_1_5' title="bbox 163 2514 1421 3984">
     <span class='ocr_line' id='line_1_23' title="bbox 274 2514 1421 2594; baseline 0.001 -22"><span class='ocrx_word' id='word_1_187' title='bbox 274 2514 445 2573; x_wconf 79' lang='lat' dir='ltr'><strong>Anathema</strong></span> <span class='ocrx_word' id='word_1_188' title='bbox 467 2516 529 2577; x_wconf 89' lang='lat' dir='ltr'><strong>boc.</strong></span> <span class='ocrx_word' id='word_1_189' title='bbox 543 2550 582 2557; x_wconf 94' lang='lat'>—</span> <span class='ocrx_word' id='word_1_190' title='bbox 597 2527 682 2593; x_wconf 89' lang='lat' dir='ltr'><strong>prout</strong></span> <span class='ocrx_word' id='word_1_191' title='bbox 704 2536 741 2573; x_wconf 86' lang='lat' dir='ltr'><strong>ex</strong></span> <span class='ocrx_word' id='word_1_192' title='bbox 765 2514 1010 2592; x_wconf 74' lang='lat' dir='ltr'><strong>praecedentibus</strong></span> <span class='ocrx_word' id='word_1_193' title='bbox 1034 2527 1133 2594; x_wconf 87' lang='lat' dir='ltr'><strong>aperte</strong></span> <span class='ocrx_word' id='word_1_194' title='bbox 1158 2516 1260 2586; x_wconf 86' lang='lat' dir='ltr'><strong>elucet,</strong></span> <span class='ocrx_word' id='word_1_195' title='bbox 1284 2524 1313 2573; x_wconf 86' lang='lat' dir='ltr'><strong>et</strong></span> <span class='ocrx_word' id='word_1_196' title='bbox 1336 2526 1421 2594; x_wconf 87' lang='lat' dir='ltr'><strong>prout</strong></span> 
     </span>
     <span class='ocr_line' id='line_1_24' title="bbox 167 2600 1420 2680; baseline 0.002 -22"><span class='ocrx_word' id='word_1_197' title='bbox 167 2602 266 2678; x_wconf 86' lang='lat' dir='ltr'><strong>ipsum</strong></span> <span class='ocrx_word' id='word_1_198' title='bbox 282 2622 397 2679; x_wconf 86' lang='lat' dir='ltr'><strong>semper</strong></span> <span class='ocrx_word' id='word_1_199' title='bbox 419 2612 482 2660; x_wconf 87' lang='lat' dir='ltr'><strong>tota</strong></span> <span class='ocrx_word' id='word_1_200' title='bbox 498 2605 691 2679; x_wconf 87' lang='lat' dir='ltr'><strong>interpretata</strong></span> <span class='ocrx_word' id='word_1_201' title='bbox 707 2612 751 2659; x_wconf 91' lang='lat' dir='ltr'><strong>est</strong></span> <span class='ocrx_word' id='word_1_202' title='bbox 767 2602 912 2661; x_wconf 80' lang='lat' dir='ltr'><strong>Ecclesia.</strong></span> <span class='ocrx_word' id='word_1_203' title='bbox 932 2636 971 2645; x_wconf 92' lang='lat'><strong>—</strong></span> <span class='ocrx_word' id='word_1_204' title='bbox 990 2600 1273 2678; x_wconf 81' lang='lat' dir='ltr'><strong>Quartadecimanos</strong></span> <span class='ocrx_word' id='word_1_205' title='bbox 1289 2604 1420 2680; x_wconf 87' lang='lat' dir='ltr'><strong>respicit;</strong></span> 
     </span>
     <span class='ocr_line' id='line_1_25' title="bbox 166 2687 1421 2767; baseline 0.003 -23"><span class='ocrx_word' id='word_1_206' title='bbox 166 2708 220 2745; x_wconf 87' lang='lat' dir='ltr'><strong>eos</strong></span> <span class='ocrx_word' id='word_1_207' title='bbox 237 2687 384 2754; x_wconf 76' lang='lat' dir='ltr'><strong>videlicet,</strong></span> <span class='ocrx_word' id='word_1_208' title='bbox 404 2688 491 2747; x_wconf 89' lang='lat' dir='ltr'><strong>liceat</strong></span> <span class='ocrx_word' id='word_1_209' title='bbox 508 2689 583 2746; x_wconf 90' lang='lat' dir='ltr'><strong>mihi</strong></span> <span class='ocrx_word' id='word_1_210' title='bbox 599 2700 738 2766; x_wconf 83' lang='lat' dir='ltr'><strong>repetere,</strong></span> <span class='ocrx_word' id='word_1_211' title='bbox 762 2691 812 2767; x_wconf 89' lang='lat' dir='ltr'><strong>qui</strong></span> <span class='ocrx_word' id='word_1_212' title='bbox 829 2691 867 2747; x_wconf 92' lang='lat' dir='ltr'><strong>in</strong></span> <span class='ocrx_word' id='word_1_213' title='bbox 884 2708 1126 2767; x_wconf 88' lang='lat' dir='ltr'><strong>quacumque</strong></span> <span class='ocrx_word' id='word_1_214' title='bbox 1150 2687 1421 2749; x_wconf 73' lang='lat' dir='ltr'><strong>hebdomadae</strong></span> 
     </span>
     <span class='ocr_line' id='line_1_26' title="bbox 165 2773 1420 2853; baseline 0.002 -22"><span class='ocrx_word' id='word_1_215' title='bbox 165 2773 244 2833; x_wconf 85' lang='lat' dir='ltr'><strong>dic.</strong></span> <span class='ocrx_word' id='word_1_216' title='bbox 271 2777 303 2832; x_wconf 93' lang='lat' dir='ltr'><strong>in</strong></span> <span class='ocrx_word' id='word_1_217' title='bbox 334 2780 390 2853; x_wconf 69' lang='lat' dir='ltr'><strong>qud</strong></span> <span class='ocrx_word' id='word_1_218' title='bbox 414 2774 636 2853; x_wconf 87' lang='lat' dir='ltr'><strong>decimaquarta</strong></span> <span class='ocrx_word' id='word_1_219' title='bbox 662 2775 780 2834; x_wconf 83' lang='lat' dir='ltr'><strong>caderet</strong></span> <span class='ocrx_word' id='word_1_220' title='bbox 803 2776 881 2836; x_wconf 84' lang='lat' dir='ltr'><strong>luna.</strong></span> <span class='ocrx_word' id='word_1_221' title='bbox 905 2776 1060 2835; x_wconf 85' lang='lat' dir='ltr'><strong>Paschatis</strong></span> <span class='ocrx_word' id='word_1_222' title='bbox 1093 2776 1199 2835; x_wconf 87' lang='lat' dir='ltr'><strong>festum</strong></span> <span class='ocrx_word' id='word_1_223' title='bbox 1223 2774 1420 2843; x_wconf 78' lang='lat' dir='ltr'><strong>celebrabant,</strong></span> 
     </span>
     <span class='ocr_line' id='line_1_27' title="bbox 168 2861 1420 2941; baseline 0.001 -22"><span class='ocrx_word' id='word_1_224' title='bbox 168 2863 203 2919; x_wconf 90' lang='lat' dir='ltr'><strong>in</strong></span> <span class='ocrx_word' id='word_1_225' title='bbox 226 2864 288 2939; x_wconf 67' lang='lat' dir='ltr'><strong>ipsit</strong></span> <span class='ocrx_word' id='word_1_226' title='bbox 313 2862 453 2921; x_wconf 72' lang='lat' dir='ltr'><strong>videlicet</strong></span> <span class='ocrx_word' id='word_1_227' title='bbox 475 2862 532 2925; x_wconf 83' lang='lat' dir='ltr'><strong>die,</strong></span> <span class='ocrx_word' id='word_1_228' title='bbox 562 2872 593 2920; x_wconf 88' lang='lat' dir='ltr'><strong>ut</strong></span> <span class='ocrx_word' id='word_1_229' title='bbox 615 2862 738 2921; x_wconf 80' lang='lat' dir='ltr'><strong>Eusebii</strong></span> <span class='ocrx_word' id='word_1_230' title='bbox 761 2862 853 2921; x_wconf 79' lang='lat' dir='ltr'><strong>verba</strong></span> <span class='ocrx_word' id='word_1_231' title='bbox 876 2883 1031 2941; x_wconf 88' lang='lat' dir='ltr'><strong>usurpem:</strong></span> <span class='ocrx_word' id='word_1_232' title='bbox 1060 2864 1117 2935; x_wconf 79' lang='lat' dir='ltr'><strong>„in</strong></span> <span class='ocrx_word' id='word_1_233' title='bbox 1153 2867 1223 2941; x_wconf 72' lang='lat' dir='ltr'><strong>qui</strong></span> <span class='ocrx_word' id='word_1_234' title='bbox 1257 2861 1420 2921; x_wconf 90' lang='lat' dir='ltr'><strong>ludaeis</strong></span> 
     </span>
     <span class='ocr_line' id='line_1_28' title="bbox 168 2948 1420 3028; baseline 0.002 -22"><span class='ocrx_word' id='word_1_235' title='bbox 168 2951 463 3028; x_wconf 84' lang='lat' dir='ltr'><strong>praescriptum</strong></span> <span class='ocrx_word' id='word_1_236' title='bbox 486 2960 579 3011; x_wconf 79' lang='lat' dir='ltr'><strong>erat.</strong></span> <span class='ocrx_word' id='word_1_237' title='bbox 601 2960 641 3007; x_wconf 88' lang='lat' dir='ltr'><strong>nt</strong></span> <span class='ocrx_word' id='word_1_238' title='bbox 665 2970 802 3027; x_wconf 80' lang='lat' dir='ltr'><strong>agnum</strong></span> <span class='ocrx_word' id='word_1_239' title='bbox 827 2950 1110 3011; x_wconf 82' lang='lat' dir='ltr'><strong>immolarent“.</strong></span> <span class='ocrx_word' id='word_1_240' title='bbox 1135 2950 1290 3019; x_wconf 65' lang='lat' dir='ltr'><strong>Universa</strong></span> <span class='ocrx_word' id='word_1_241' title='bbox 1307 2948 1344 3006; x_wconf 94' lang='lat' dir='ltr'><strong>ad</strong></span> <span class='ocrx_word' id='word_1_242' title='bbox 1365 2949 1420 3008; x_wconf 89' lang='lat' dir='ltr'><strong>boc</strong></span> 
     </span>
     <span class='ocr_line' id='line_1_29' title="bbox 167 3035 1420 3115; baseline 0.001 -22"><span class='ocrx_word' id='word_1_243' title='bbox 167 3055 229 3093; x_wconf 92' lang='lat' dir='ltr'><strong>non</strong></span> <span class='ocrx_word' id='word_1_244' title='bbox 253 3035 418 3098; x_wconf 81' lang='lat' dir='ltr'><strong>attendens.</strong></span> <span class='ocrx_word' id='word_1_245' title='bbox 441 3035 604 3095; x_wconf 77' lang='lat' dir='ltr'><strong>Orientalis</strong></span> <span class='ocrx_word' id='word_1_246' title='bbox 626 3037 769 3104; x_wconf 72' lang='lat' dir='ltr'><strong>Ecclesia</strong></span> <span class='ocrx_word' id='word_1_247' title='bbox 797 3056 875 3094; x_wconf 88' lang='lat' dir='ltr'><strong>auno</strong></span> <span class='ocrx_word' id='word_1_248' title='bbox 901 3038 991 3102; x_wconf 80' lang='lat'>1593,</span> <span class='ocrx_word' id='word_1_249' title='bbox 1015 3036 1170 3095; x_wconf 82' lang='lat' dir='ltr'><strong>undecimo</strong></span> <span class='ocrx_word' id='word_1_250' title='bbox 1194 3058 1211 3095; x_wconf 86' lang='lat' dir='ltr'><strong>a</strong></span> <span class='ocrx_word' id='word_1_251' title='bbox 1234 3036 1420 3115; x_wconf 85' lang='lat' dir='ltr'><strong>promulgata</strong></span> 
     </span>
     <span class='ocr_line' id='line_1_30' title="bbox 166 3115 1417 3202; baseline 0 -23"><span class='ocrx_word' id='word_1_252' title='bbox 166 3125 346 3199; x_wconf 78' lang='lat' dir='ltr'><strong>gregoriana</strong></span> <span class='ocrx_word' id='word_1_253' title='bbox 368 3123 542 3181; x_wconf 85' lang='lat' dir='ltr'><strong>Kalendarii</strong></span> <span class='ocrx_word' id='word_1_254' title='bbox 571 3115 785 3190; x_wconf 80' lang='lat' dir='ltr'><strong>emendatione,</strong></span> <span class='ocrx_word' id='word_1_255' title='bbox 818 3126 848 3180; x_wconf 91' lang='lat' dir='ltr'><strong>in</strong></span> <span class='ocrx_word' id='word_1_256' title='bbox 877 3142 985 3199; x_wconf 86' lang='lat' dir='ltr'><strong>magna</strong></span> <span class='ocrx_word' id='word_1_257' title='bbox 1016 3122 1137 3202; x_wconf 61' lang='lat' dir='ltr'><strong>synodo</strong></span> <span class='ocrx_word' id='word_1_258' title='bbox 1161 3122 1417 3200; x_wconf 75' lang='lat' dir='ltr'><strong>Constantinopoli</strong></span> 
     </span>
     <span class='ocr_line' id='line_1_31' title="bbox 165 3208 1421 3289; baseline 0.001 -23"><span class='ocrx_word' id='word_1_259' title='bbox 165 3208 280 3277; x_wconf 81' lang='lat' dir='ltr'><strong>habita,</strong></span> <span class='ocrx_word' id='word_1_260' title='bbox 303 3230 399 3268; x_wconf 87' lang='lat' dir='ltr'><strong>coram</strong></span> <span class='ocrx_word' id='word_1_261' title='bbox 422 3210 508 3269; x_wconf 76' lang='lat' dir='ltr'><strong>&#39;Psari</strong></span> <span class='ocrx_word' id='word_1_262' title='bbox 530 3212 698 3269; x_wconf 84' lang='lat' dir='ltr'><strong>lloscoviae</strong></span> <span class='ocrx_word' id='word_1_263' title='bbox 720 3210 843 3287; x_wconf 70' lang='lat' dir='ltr'><strong>legato,</strong></span> <span class='ocrx_word' id='word_1_264' title='bbox 866 3208 1046 3267; x_wconf 87' lang='lat' dir='ltr'><strong>sollemniter</strong></span> <span class='ocrx_word' id='word_1_265' title='bbox 1062 3230 1113 3289; x_wconf 89' lang='lat' dir='ltr'><strong>per</strong></span> <span class='ocrx_word' id='word_1_266' title='bbox 1136 3222 1272 3287; x_wconf 89' lang='lat' dir='ltr'><strong>quattuor</strong></span> <span class='ocrx_word' id='word_1_267' title='bbox 1288 3210 1421 3267; x_wconf 82' lang='lat' dir='ltr'><strong>Orientis</strong></span> 
     </span>
     <span class='ocr_line' id='line_1_32' title="bbox 166 3295 1419 3375; baseline 0 -22"><span class='ocrx_word' id='word_1_268' title='bbox 166 3296 358 3355; x_wconf 78' lang='lat' dir='ltr'><strong>Patriar&#39;elias</strong></span> <span class='ocrx_word' id='word_1_269' title='bbox 385 3317 440 3355; x_wconf 87' lang='lat' dir='ltr'><strong>nec</strong></span> <span class='ocrx_word' id='word_1_270' title='bbox 463 3317 522 3355; x_wconf 89' lang='lat' dir='ltr'><strong>uon</strong></span> <span class='ocrx_word' id='word_1_271' title='bbox 544 3295 704 3375; x_wconf 86' lang='lat' dir='ltr'><strong>permultos</strong></span> <span class='ocrx_word' id='word_1_272' title='bbox 727 3296 858 3355; x_wconf 88' lang='lat' dir='ltr'><strong>eiusdem</strong></span> <span class='ocrx_word' id='word_1_273' title='bbox 882 3296 1036 3354; x_wconf 80' lang='lat' dir='ltr'><strong>Ecclesiae</strong></span> <span class='ocrx_word' id='word_1_274' title='bbox 1060 3296 1229 3375; x_wconf 70' lang='lat' dir='ltr'><strong>llpiscopos</strong></span> <span class='ocrx_word' id='word_1_275' title='bbox 1260 3298 1292 3353; x_wconf 91' lang='lat' dir='ltr'><strong>in</strong></span> <span class='ocrx_word' id='word_1_276' title='bbox 1314 3306 1419 3355; x_wconf 85' lang='lat' dir='ltr'><strong>octavo</strong></span> 
     </span>
     <span class='ocr_line' id='line_1_33' title="bbox 163 3382 1418 3463; baseline 0 -22"><span class='ocrx_word' id='word_1_277' title='bbox 163 3382 301 3444; x_wconf 86' lang='lat' dir='ltr'><strong>eiusdem</strong></span> <span class='ocrx_word' id='word_1_278' title='bbox 318 3383 431 3463; x_wconf 78' lang='lat' dir='ltr'><strong>Synodi</strong></span> <span class='ocrx_word' id='word_1_279' title='bbox 455 3402 568 3443; x_wconf 86' lang='lat' dir='ltr'><strong>canone</strong></span> <span class='ocrx_word' id='word_1_280' title='bbox 591 3418 629 3425; x_wconf 96' lang='lat'><em>-</em></span> <span class='ocrx_word' id='word_1_281' title='bbox 649 3382 745 3461; x_wconf 87' lang='lat' dir='ltr'><strong>[prout</strong></span> <span class='ocrx_word' id='word_1_282' title='bbox 767 3382 868 3441; x_wconf 81' lang='lat' dir='ltr'><strong>videre</strong></span> <span class='ocrx_word' id='word_1_283' title='bbox 885 3394 929 3441; x_wconf 88' lang='lat' dir='ltr'><strong>est</strong></span> <span class='ocrx_word' id='word_1_284' title='bbox 946 3385 976 3441; x_wconf 91' lang='lat' dir='ltr'><strong>in</strong></span> <span class='ocrx_word' id='word_1_285' title='bbox 993 3383 1138 3453; x_wconf 84' lang='lat' dir='ltr'><strong>Dosithei,</strong></span> <span class='ocrx_word' id='word_1_286' title='bbox 1163 3382 1418 3443; x_wconf 84' lang='lat' dir='ltr'><strong>Hierosolimitaui</strong></span> 
     </span>
     <span class='ocr_line' id='line_1_34' title="bbox 165 3466 1420 3551; baseline -0.001 -23"><span class='ocrx_word' id='word_1_287' title='bbox 165 3470 361 3528; x_wconf 87' lang='lat' dir='ltr'><strong>Patriarchae</strong></span> <span class='ocrx_word' id='word_1_288' title='bbox 387 3466 490 3549; x_wconf 83' lang='grc' dir='ltr'><strong><em>Τόμος</em></strong></span> <span class='ocrx_word' id='word_1_289' title='bbox 516 3476 570 3551; x_wconf 84' lang='grc' dir='ltr'><strong><em>τῆς</em></strong></span> <span class='ocrx_word' id='word_1_290' title='bbox 592 3470 716 3551; x_wconf 78' lang='grc' dir='ltr'><em>ἀγάπης</em></span> <span class='ocrx_word' id='word_1_291' title='bbox 738 3469 816 3531; x_wconf 87' lang='grc' dir='ltr'><strong><em>κατὰ</em></strong></span> <span class='ocrx_word' id='word_1_292' title='bbox 848 3470 998 3539; x_wconf 83' lang='grc' dir='ltr'><strong><em>Λατίνων,</em></strong></span> <span class='ocrx_word' id='word_1_293' title='bbox 1027 3470 1113 3550; x_wconf 81' lang='lat' dir='ltr'><strong>lassy</strong></span> <span class='ocrx_word' id='word_1_294' title='bbox 1138 3472 1228 3539; x_wconf 84' lang='grc'>1698,</span> <span class='ocrx_word' id='word_1_295' title='bbox 1253 3490 1279 3548; x_wconf 92' lang='lat' dir='ltr'><strong>p.</strong></span> <span class='ocrx_word' id='word_1_296' title='bbox 1304 3470 1366 3528; x_wconf 87' lang='grc'><strong>538</strong></span> <span class='ocrx_word' id='word_1_297' title='bbox 1390 3478 1420 3527; x_wconf 84' lang='lat' dir='ltr'><strong>el</strong></span> 
     </span>
     <span class='ocr_line' id='line_1_35' title="bbox 165 3556 1420 3635; baseline 0 -20"><span class='ocrx_word' id='word_1_298' title='bbox 165 3558 201 3615; x_wconf 89' lang='lat' dir='ltr'><strong>iu</strong></span> <span class='ocrx_word' id='word_1_299' title='bbox 225 3557 296 3613; x_wconf 77' lang='lat' dir='ltr'><strong>l&#39;ita</strong></span> <span class='ocrx_word' id='word_1_300' title='bbox 316 3556 458 3615; x_wconf 85' lang='lat' dir='ltr'><strong>Ieremiae</strong></span> <span class='ocrx_word' id='word_1_301' title='bbox 476 3558 514 3615; x_wconf 92' lang='lat'><strong>11.</strong></span> <span class='ocrx_word' id='word_1_302' title='bbox 539 3556 860 3635; x_wconf 74' lang='lat' dir='ltr'><strong>constantinopolitani</strong></span> <span class='ocrx_word' id='word_1_303' title='bbox 878 3556 1068 3615; x_wconf 86' lang='lat' dir='ltr'><strong>Patriarcbae</strong></span> <span class='ocrx_word' id='word_1_304' title='bbox 1085 3557 1325 3635; x_wconf 77' lang='lat'>(1572-1594)</span> <span class='ocrx_word' id='word_1_305' title='bbox 1347 3576 1365 3615; x_wconf 91' lang='lat' dir='ltr'><strong>a</strong></span> <span class='ocrx_word' id='word_1_306' title='bbox 1380 3556 1420 3615; x_wconf 88' lang='lat' dir='ltr'><strong>K.</strong></span> 
     </span>
     <span class='ocr_line' id='line_1_36' title="bbox 166 3642 1420 3722; baseline -0.002 -20"><span class='ocrx_word' id='word_1_307' title='bbox 166 3642 206 3702; x_wconf 86' lang='lat' dir='ltr'><strong>N.</strong></span> <span class='ocrx_word' id='word_1_308' title='bbox 231 3643 324 3701; x_wconf 83' lang='lat' dir='ltr'><strong>Satha</strong></span> <span class='ocrx_word' id='word_1_309' title='bbox 347 3646 523 3722; x_wconf 74' lang='lat' dir='ltr'><strong>conscripti,</strong></span> <span class='ocrx_word' id='word_1_310' title='bbox 546 3644 787 3716; x_wconf 81' lang='lat' dir='ltr'><strong>Athenis1870,</strong></span> <span class='ocrx_word' id='word_1_311' title='bbox 811 3665 857 3722; x_wconf 88' lang='lat' dir='ltr'><strong>pp.</strong></span> <span class='ocrx_word' id='word_1_312' title='bbox 876 3644 915 3701; x_wconf 78' lang='lat'><strong>89</strong></span> <span class='ocrx_word' id='word_1_313' title='bbox 940 3655 968 3701; x_wconf 90' lang='lat' dir='ltr'><strong>et</strong></span> <span class='ocrx_word' id='word_1_314' title='bbox 993 3642 1044 3721; x_wconf 84' lang='lat'><strong>91]</strong></span> <span class='ocrx_word' id='word_1_315' title='bbox 1072 3678 1109 3687; x_wconf 90' lang='lat'>—</span> <span class='ocrx_word' id='word_1_316' title='bbox 1134 3644 1211 3702; x_wconf 79' lang='lat' dir='ltr'><strong>lianc</strong></span> <span class='ocrx_word' id='word_1_317' title='bbox 1234 3644 1301 3701; x_wconf 88' lang='lat' dir='ltr'><strong>tulit</strong></span> <span class='ocrx_word' id='word_1_318' title='bbox 1317 3652 1420 3702; x_wconf 86' lang='lat' dir='ltr'><strong>contra</strong></span> 
     </span>
     <span class='ocr_line' id='line_1_37' title="bbox 166 3730 1419 3790; baseline -0.001 -2"><span class='ocrx_word' id='word_1_319' title='bbox 166 3751 311 3788; x_wconf 83' lang='lat' dir='ltr'><strong>novum</strong></span> <span class='ocrx_word' id='word_1_320' title='bbox 340 3730 627 3789; x_wconf 84' lang='lat' dir='ltr'><strong>Kalendarinm</strong></span> <span class='ocrx_word' id='word_1_321' title='bbox 658 3752 724 3789; x_wconf 90' lang='lat' dir='ltr'><strong>seu</strong></span> <span class='ocrx_word' id='word_1_322' title='bbox 746 3730 979 3790; x_wconf 90' lang='lat' dir='ltr'><strong>Latinorum</strong></span> <span class='ocrx_word' id='word_1_323' title='bbox 1002 3732 1110 3789; x_wconf 89' lang='lat' dir='ltr'><strong>cirea</strong></span> <span class='ocrx_word' id='word_1_324' title='bbox 1132 3730 1287 3789; x_wconf 82' lang='lat' dir='ltr'><strong>Pascha</strong></span> <span class='ocrx_word' id='word_1_325' title='bbox 1318 3730 1419 3788; x_wconf 83' lang='lat' dir='ltr'><strong>nori-</strong></span> 
     </span>
     <span class='ocr_line' id='line_1_38' title="bbox 164 3814 1417 3897; baseline 0.002 -22"><span class='ocrx_word' id='word_1_326' title='bbox 164 3826 289 3875; x_wconf 84' lang='lat' dir='ltr'><strong>tatem</strong></span> <span class='ocrx_word' id='word_1_327' title='bbox 325 3816 479 3897; x_wconf 75' lang='grc' dir='ltr'><strong>(ἀποβολὴ</strong></span> <span class='ocrx_word' id='word_1_328' title='bbox 514 3822 568 3879; x_wconf 81' lang='grc' dir='ltr'><strong><em>τοῦ</em></strong></span> <span class='ocrx_word' id='word_1_329' title='bbox 601 3820 674 3879; x_wconf 86' lang='grc' dir='ltr'><strong>νὲοο</strong></span> <span class='ocrx_word' id='word_1_330' title='bbox 699 3816 913 3895; x_wconf 78' lang='grc' dir='ltr'><strong><em>Καλινὸαρίου</em></strong></span> <span class='ocrx_word' id='word_1_331' title='bbox 951 3818 1015 3896; x_wconf 81' lang='grc' dir='ltr'><strong><em>ἤτοι</em></strong></span> <span class='ocrx_word' id='word_1_332' title='bbox 1050 3822 1102 3897; x_wconf 85' lang='grc' dir='ltr'><strong><em>τῆς</em></strong></span> <span class='ocrx_word' id='word_1_333' title='bbox 1135 3816 1204 3895; x_wconf 81' lang='grc' dir='ltr'><strong><em>περὶ</em></strong></span> <span class='ocrx_word' id='word_1_334' title='bbox 1238 3816 1272 3877; x_wconf 88' lang='grc' dir='ltr'><strong><em>τὸ</em></strong></span> <span class='ocrx_word' id='word_1_335' title='bbox 1303 3814 1417 3895; x_wconf 85' lang='grc' dir='ltr'><strong><em>Πάσχα</em></strong></span> 
     </span>
     <span class='ocr_line' id='line_1_39' title="bbox 169 3902 1063 3984; baseline -0.003 -20"><span class='ocrx_word' id='word_1_336' title='bbox 169 3902 317 3965; x_wconf 83' lang='grc' dir='ltr'><strong><em>Λατίνων</em></strong></span> <span class='ocrx_word' id='word_1_337' title='bbox 339 3904 551 3984; x_wconf 87' lang='grc' dir='ltr'><strong><em>καινοτομίας)</em></strong></span> <span class='ocrx_word' id='word_1_338' title='bbox 574 3906 679 3962; x_wconf 90' lang='lat' dir='ltr'><strong>summi</strong></span> <span class='ocrx_word' id='word_1_339' title='bbox 702 3903 841 3981; x_wconf 85' lang='lat' dir='ltr'><strong>ponderis</strong></span> <span class='ocrx_word' id='word_1_340' title='bbox 865 3906 1063 3962; x_wconf 87' lang='lat' dir='ltr'><strong>sententiam:</strong></span> 
     </span>
    </p>
   </div>
   <div class='ocr_carea' id='block_1_3' title="bbox 334 4014 1260 4096">
    <p class='ocr_par' dir='ltr' id='par_1_6' title="bbox 334 4014 1260 4096">
     <span class='ocr_line' id='line_1_40' title="bbox 334 4014 1260 4096; baseline -0.002 -19"><span class='ocrx_word' id='word_1_341' title='bbox 334 4014 453 4079; x_wconf 81' lang='grc' dir='ltr'><strong><em>Κανὼν</em></strong></span> <span class='ocrx_word' id='word_1_342' title='bbox 476 4016 598 4096; x_wconf 78' lang='grc' dir='ltr'><strong><em>ὄγδοος.</em></strong></span> <span class='ocrx_word' id='word_1_343' title='bbox 931 4018 1064 4075; x_wconf 86' lang='lat' dir='ltr'><strong>Canon</strong></span> <span class='ocrx_word' id='word_1_344' title='bbox 1087 4026 1260 4075; x_wconf 84' lang='lat' dir='ltr'><strong>octavus.</strong></span> 
     </span>
    </p>
   </div>
   <div class='ocr_carea' id='block_1_4' title="bbox 164 4120 1419 4547">
    <p class='ocr_par' dir='ltr' id='par_1_7' title="bbox 164 4120 1419 4461">
     <span class='ocr_line' id='line_1_41' title="bbox 206 4120 1419 4202; baseline -0.003 -23"><span class='ocrx_word' id='word_1_345' title='bbox 206 4120 391 4181; x_wconf 82' lang='grc' dir='ltr'><strong><em>Ἀσιίλεστον</em></strong></span> <span class='ocrx_word' id='word_1_346' title='bbox 413 4120 567 4199; x_wconf 79' lang='grc' dir='ltr'><strong><em>διαμένειν</em></strong></span> <span class='ocrx_word' id='word_1_347' title='bbox 588 4121 772 4202; x_wconf 72' lang='grc' dir='ltr'><strong><em>βουλόμεθα</em></strong></span> <span class='ocrx_word' id='word_1_348' title='bbox 861 4122 1071 4180; x_wconf 90' lang='lat' dir='ltr'><strong>luconcussum</strong></span> <span class='ocrx_word' id='word_1_349' title='bbox 1121 4139 1239 4178; x_wconf 86' lang='lat' dir='ltr'><strong>manere</strong></span> <span class='ocrx_word' id='word_1_350' title='bbox 1284 4120 1419 4177; x_wconf 83' lang='lat' dir='ltr'><strong>volumus</strong></span> 
     </span>
     <span class='ocr_line' id='line_1_42' title="bbox 165 4204 1419 4287; baseline -0.005 -18"><span class='ocrx_word' id='word_1_351' title='bbox 165 4206 202 4269; x_wconf 86' lang='grc' dir='ltr'><strong><em>τὸ</em></strong></span> <span class='ocrx_word' id='word_1_352' title='bbox 237 4213 301 4275; x_wconf 81' lang='grc' dir='ltr'><strong><em>τοῖς</em></strong></span> <span class='ocrx_word' id='word_1_353' title='bbox 336 4204 477 4285; x_wconf 79' lang='grc' dir='ltr'><strong><em>Πατρ,’σι</em></strong></span> <span class='ocrx_word' id='word_1_354' title='bbox 512 4207 670 4285; x_wconf 74' lang='grc' dir='ltr'><strong><em>διορισθὲν</em></strong></span> <span class='ocrx_word' id='word_1_355' title='bbox 702 4208 771 4287; x_wconf 80' lang='grc' dir='ltr'><strong><em>περὶ</em></strong></span> <span class='ocrx_word' id='word_1_356' title='bbox 816 4206 895 4286; x_wconf 91' lang='lat' dir='ltr'><strong>quod</strong></span> <span class='ocrx_word' id='word_1_357' title='bbox 918 4214 945 4265; x_wconf 83' lang='grc' dir='ltr'><strong><em>α’</em></strong></span> <span class='ocrx_word' id='word_1_358' title='bbox 958 4206 1097 4266; x_wconf 83' lang='lat' dir='ltr'><strong>Patribus</strong></span> <span class='ocrx_word' id='word_1_359' title='bbox 1125 4206 1161 4265; x_wconf 88' lang='lat' dir='ltr'><strong>de</strong></span> <span class='ocrx_word' id='word_1_360' title='bbox 1185 4215 1285 4265; x_wconf 84' lang='lat' dir='ltr'><strong>sancto</strong></span> <span class='ocrx_word' id='word_1_361' title='bbox 1317 4224 1351 4263; x_wconf 92' lang='lat' dir='ltr'><strong>ac</strong></span> <span class='ocrx_word' id='word_1_362' title='bbox 1373 4224 1419 4263; x_wconf 88' lang='lat' dir='ltr'><strong>sa·</strong></span> 
     </span>
     <span class='ocr_line' id='line_1_43' title="bbox 165 4290 1419 4375; baseline -0.006 -19"><span class='ocrx_word' id='word_1_363' title='bbox 165 4300 223 4356; x_wconf 87' lang='grc' dir='ltr'><strong><em>τοῦ</em></strong></span> <span class='ocrx_word' id='word_1_364' title='bbox 254 4294 344 4371; x_wconf 74' lang='lat' dir='ltr'><strong>‹tyb›</strong></span> <span class='ocrx_word' id='word_1_365' title='bbox 370 4294 423 4355; x_wconf 80' lang='grc' dir='ltr'><strong><em>καὶ</em></strong></span> <span class='ocrx_word' id='word_1_366' title='bbox 454 4296 612 4375; x_wconf 82' lang='grc' dir='ltr'><strong><em>σωτηρίου</em></strong></span> <span class='ocrx_word' id='word_1_367' title='bbox 635 4292 770 4375; x_wconf 85' lang='grc' dir='ltr'><strong><em>Πάσχα·</em></strong></span> <span class='ocrx_word' id='word_1_368' title='bbox 817 4294 904 4353; x_wconf 90' lang='lat' dir='ltr'><strong>lutari</strong></span> <span class='ocrx_word' id='word_1_369' title='bbox 927 4294 1043 4353; x_wconf 66' lang='lat' dir='ltr'><strong>Pascbd</strong></span> <span class='ocrx_word' id='word_1_370' title='bbox 1067 4294 1122 4352; x_wconf 84' lang='lat' dir='ltr'><strong>tuit</strong></span> <span class='ocrx_word' id='word_1_371' title='bbox 1145 4302 1297 4365; x_wconf 79' lang='lat' dir='ltr'><strong>statutum3</strong></span> <span class='ocrx_word' id='word_1_372' title='bbox 1327 4290 1419 4371; x_wconf 87' lang='lat' dir='ltr'><strong>quod-</strong></span> 
     </span>
     <span class='ocr_line' id='line_1_44' title="bbox 164 4380 1115 4461; baseline -0.002 -20"><span class='ocrx_word' id='word_1_373' title='bbox 164 4380 230 4461; x_wconf 79' lang='grc' dir='ltr'><strong><em>ἔχει</em></strong></span> <span class='ocrx_word' id='word_1_374' title='bbox 254 4380 290 4441; x_wconf 83' lang='lat' dir='ltr'><strong>da</strong></span> <span class='ocrx_word' id='word_1_375' title='bbox 312 4380 421 4449; x_wconf 78' lang='grc' dir='ltr'><strong><em>οὕτως.</em></strong></span> <span class='ocrx_word' id='word_1_376' title='bbox 817 4401 874 4461; x_wconf 87' lang='lat' dir='ltr'><strong>que</strong></span> <span class='ocrx_word' id='word_1_377' title='bbox 897 4384 940 4439; x_wconf 85' lang='lat' dir='ltr'><strong>itu</strong></span> <span class='ocrx_word' id='word_1_378' title='bbox 962 4402 993 4439; x_wconf 89' lang='lat' dir='ltr'><strong>se</strong></span> <span class='ocrx_word' id='word_1_379' title='bbox 1017 4380 1115 4440; x_wconf 85' lang='lat' dir='ltr'><strong>babet.</strong></span> 
     </span>
    </p>

    <p class='ocr_par' dir='ltr' id='par_1_8' title="bbox 206 4466 1353 4547">
     <span class='ocr_line' id='line_1_45' title="bbox 206 4466 1353 4547; baseline -0.003 -20"><span class='ocrx_word' id='word_1_380' title='bbox 206 4468 363 4536; x_wconf 77' lang='grc' dir='ltr'><strong><em>Ἅπαντας</em></strong></span> <span class='ocrx_word' id='word_1_381' title='bbox 377 4467 449 4535; x_wconf 79' lang='grc' dir='ltr'><strong><em>τοὺς</em></strong></span> <span class='ocrx_word' id='word_1_382' title='bbox 460 4467 652 4547; x_wconf 79' lang='grc' dir='ltr'><strong><em>τολμοῦνιας</em></strong></span> <span class='ocrx_word' id='word_1_383' title='bbox 667 4491 696 4528; x_wconf 94' lang='grc' dir='ltr'><strong>κ.</strong></span> <span class='ocrx_word' id='word_1_384' title='bbox 711 4491 735 4529; x_wconf 93' lang='grc' dir='ltr'><strong><em>τ.</em></strong></span> <span class='ocrx_word' id='word_1_385' title='bbox 747 4467 772 4529; x_wconf 91' lang='grc' dir='ltr'><strong>λ.</strong></span> <span class='ocrx_word' id='word_1_386' title='bbox 861 4472 982 4533; x_wconf 78' lang='lat' dir='ltr'><strong>Omnes.</strong></span> <span class='ocrx_word' id='word_1_387' title='bbox 1006 4469 1057 4546; x_wconf 89' lang='lat' dir='ltr'><strong>qui</strong></span> <span class='ocrx_word' id='word_1_388' title='bbox 1080 4469 1142 4527; x_wconf 86' lang='lat' dir='ltr'><strong>ausi</strong></span> <span class='ocrx_word' id='word_1_389' title='bbox 1167 4466 1276 4525; x_wconf 82' lang='lat' dir='ltr'><strong>luerint</strong></span> <span class='ocrx_word' id='word_1_390' title='bbox 1298 4474 1353 4524; x_wconf 87' lang='lat' dir='ltr'><strong>etc.</strong></span> 
     </span>
    </p>
   </div>
   <div class='ocr_carea' id='block_1_5' title="bbox 165 4569 1418 4822">
    <p class='ocr_par' dir='ltr' id='par_1_9' title="bbox 165 4569 1418 4822">
     <span class='ocr_line' id='line_1_46' title="bbox 276 4569 1418 4649; baseline -0.004 -19"><span class='ocrx_word' id='word_1_391' title='bbox 276 4572 414 4649; x_wconf 85' lang='lat' dir='ltr'><strong>Sequitur</strong></span> <span class='ocrx_word' id='word_1_392' title='bbox 447 4570 484 4628; x_wconf 91' lang='lat' dir='ltr'><strong>de</strong></span> <span class='ocrx_word' id='word_1_393' title='bbox 507 4570 598 4629; x_wconf 87' lang='lat' dir='ltr'><strong>verbo</strong></span> <span class='ocrx_word' id='word_1_394' title='bbox 631 4571 669 4630; x_wconf 85' lang='lat' dir='ltr'><strong>ad</strong></span> <span class='ocrx_word' id='word_1_395' title='bbox 695 4570 817 4630; x_wconf 87' lang='lat' dir='ltr'><strong>verbum</strong></span> <span class='ocrx_word' id='word_1_396' title='bbox 847 4592 940 4649; x_wconf 90' lang='lat' dir='ltr'><strong>usquc</strong></span> <span class='ocrx_word' id='word_1_397' title='bbox 975 4570 1012 4629; x_wconf 84' lang='lat' dir='ltr'><strong>ad</strong></span> <span class='ocrx_word' id='word_1_398' title='bbox 1037 4572 1126 4629; x_wconf 86' lang='lat' dir='ltr'><strong>finem</strong></span> <span class='ocrx_word' id='word_1_399' title='bbox 1157 4569 1274 4641; x_wconf 87' lang='lat' dir='ltr'><strong>relatus,</strong></span> <span class='ocrx_word' id='word_1_400' title='bbox 1307 4570 1418 4647; x_wconf 90' lang='lat' dir='ltr'><strong>primus</strong></span> 
     </span>
     <span class='ocr_line' id='line_1_47' title="bbox 165 4654 1418 4737; baseline -0.005 -20"><span class='ocrx_word' id='word_1_401' title='bbox 165 4658 352 4717; x_wconf 73' lang='lat' dir='ltr'><strong>Antiocheni</strong></span> <span class='ocrx_word' id='word_1_402' title='bbox 376 4656 492 4737; x_wconf 83' lang='lat' dir='ltr'><strong>Synodi</strong></span> <span class='ocrx_word' id='word_1_403' title='bbox 520 4668 623 4717; x_wconf 85' lang='lat' dir='ltr'><strong>contra</strong></span> <span class='ocrx_word' id='word_1_404' title='bbox 645 4657 931 4734; x_wconf 81' lang='lat' dir='ltr'><strong>Quartodecimanos</strong></span> <span class='ocrx_word' id='word_1_405' title='bbox 954 4678 1057 4723; x_wconf 79' lang='lat' dir='ltr'><strong>canon,</strong></span> <span class='ocrx_word' id='word_1_406' title='bbox 1091 4657 1140 4715; x_wconf 89' lang='lat' dir='ltr'><strong>hie</strong></span> <span class='ocrx_word' id='word_1_407' title='bbox 1166 4677 1254 4736; x_wconf 89' lang='lat' dir='ltr'><strong>supra</strong></span> <span class='ocrx_word' id='word_1_408' title='bbox 1284 4654 1418 4713; x_wconf 82' lang='lat' dir='ltr'><strong>traditus.</strong></span> 
     </span>
     <span class='ocr_line' id='line_1_48' title="bbox 166 4744 518 4822; baseline -0.006 -19"><span class='ocrx_word' id='word_1_409' title='bbox 166 4744 251 4803; x_wconf 81' lang='lat' dir='ltr'><strong>Hinc</strong></span> <span class='ocrx_word' id='word_1_410' title='bbox 275 4764 414 4822; x_wconf 84' lang='lat' dir='ltr'><strong>quaerere</strong></span> <span class='ocrx_word' id='word_1_411' title='bbox 437 4744 518 4802; x_wconf 87' lang='lat' dir='ltr'><strong>licet:</strong></span> 
     </span>
    </p>
   </div>
   <div class='ocr_carea' id='block_1_6' title="bbox 0 0 1730 5342">
    <p class='ocr_par' dir='ltr' id='par_1_10' title="bbox 0 0 1730 5342">
     <span class='ocr_line' id='line_1_49' title="bbox 0 0 1730 5342; baseline 0 1"><span class='ocrx_word' id='word_1_412' title='bbox 0 0 1730 5342; x_wconf 95' lang='lat' dir='ltr'><strong> </strong></span> 
     </span>
    </p>
   </div>
  </div>
 </body>
</html>
