3450 5342
782 461 949 515 -27-

345 650 451 728 Capite
475 651 561 708 tertio
583 647 782 728 (aas-ms)
806 648 923 708 subtilis
953 651 1086 728 quaestio
1110 647 1147 707 de
1171 650 1284 706 ratione
1308 649 1485 708 existentiae

242 736 408 794 Salvatoria
431 737 661 796 antesaecularis
683 747 886 806 tractatum
899 757 957 816 quo
979 735 1130 796 doctrinae
1154 738 1251 813 capite
1273 733 1398 794 Paulum
1423 735 1485 794 rab

242 821 383 880 binorum
406 822 598 902 pedisequum
615 834 753 883 excutere
771 843 888 902 quoque
904 831 1056 882 conantur.
1077 823 1205 880 Praevia
1222 823 1280 880 iam
1297 831 1387 892 notat,
1400 841 1487 902 qnam

242 909 349 968 labiles
388 913 446 970 siut
481 909 673 970 deductiones
714 910 842 968 criticae.
887 911 999 968 Fontes
1031 912 1109 968 enim
1141 907 1259 980 iudaici,
1282 929 1298 967 e
1322 909 1428 988 quibus
1450 912 1489 969 N.

242 996 430 1056 'l'estamenti
455 997 538 1056 ideas
560 999 694 1058 evolutas
716 1019 781 1056 esse
805 997 917 1068 volunt,
934 999 964 1056 iu
982 997 1129 1056 historicis
1153 997 1234 1054 tenui
1258 1005 1372 1055 tautum
1389 1009 1488 1056 aucto-

242 1085 330 1141 ritate
359 1083 481 1162 pollent,
511 1087 541 1142 in
575 1084 752 1161 dogmaticis
786 1105 856 1142 vero
890 1082 1137 1142 traditionalismo
1172 1081 1316 1142 immobili
1340 1093 1371 1142 et
1393 1085 1487 1143 sterili

244 1169 408 1248 indulgent.
431 1171 582 1230 Externac
604 1171 750 1249 quaedum
774 1171 1005 1246 Evangeliorum
1022 1181 1052 1228 ct
1074 1171 1246 1248 scriptorum
1271 1169 1489 1230 rahlrinicorum

243 1257 432 1316 habitudines
455 1261 612 1334 negativae
635 1279 701 1318 curn
724 1259 841 1316 iutcruo
866 1257 978 1316 influxu
1002 1259 1113 1316 vicario
1136 1277 1195 1316 non
1218 1269 1286 1314 sunt
1305 1257 1489 1318 confunden-

243 1343 307 1415 dae,
331 1365 426 1423 neque
448 1357 480 1402 ut
503 1355 612 1404 certum
637 1343 860 1411 veriditandum,
891 1342 970 1424 quod
1001 1353 1141 1402 remotam
1166 1342 1315 1422 quandam
1339 1343 1487 1424 possibili-

243 1443 333 1488 tatem
357 1452 418 1490 non
439 1431 564 1491 excedit.
588 1433 733 1510 Exposito
755 1429 915 1490 secundum
939 1431 987 1488 W.
1011 1429 1181 1511 Beysclrlag
1202 1431 1368 1491 criticorum
1393 1443 1487 1512 syste-

244 1529 323 1575 mate
346 1519 472 1577 l'aulino
495 1517 573 1596 quod
599 1519 735 1578 .Adamo
756 1519 895 1576 coelesti*
925 1519 1078 1595 affingunt,
1110 1520 1313 1596 quaestionem
1337 1521 1488 1598 restringit

243 1625 309 1662 eum
334 1607 365 1663 iu
387 1604 514 1676 modum,
537 1620 568 1663 ut
591 1609 622 1663 in
646 1606 766 1664 Christo
789 1627 848 1664 nou
872 1605 1045 1664 filiationem
1077 1603 1219 1676 divinam,
1250 1604 1302 1664 sed
1325 1608 1357 1664 in
1381 1627 1489 1683 genere

247 1693 310 1749 cius
341 1694 561 1770 proprietatem,
593 1713 652 1770 qua
681 1692 822 1752 mundum
848 1691 1040 1760 transcendit,
1072 1689 1318 1750 considerandam
1349 1696 1490 1772 susscipiat

246 1799 369 1856 eamque
392 1779 445 1836 snb
469 1778 580 1858 duplici
602 1779 766 1838 durationis
788 1791 931 1857 respectu,
955 1793 1099 1857 quatenus
1123 1781 1178 1856 ipsi
1202 1777 1371 1836 hnmanitas
1393 1792 1491 1858 proto·

245 1866 346 1943 typica
375 1887 410 1923 ac
445 1864 514 1924 dein
537 1869 769 1944 praeexistentia
797 1865 942 1944 quaedam
973 1867 1114 1926 asseritur
1136 1864 1232 1942 quoad
1257 1865 1358 1924 mundi
1382 1871 1490 1926 eonsti-

244 1954 387 2010 tutionem
418 1964 468 2010 aut
499 1953 597 2030 quoad
632 1953 733 2012 mundi
767 1951 998 2030 redemptionem
1023 1973 1040 2010 ιι
1064 1951 1168 2010 divina
1204 1951 1354 2010 voluntate
1390 1975 1490 2032 proce-

245 2038 357 2096 dentes.
393 2039 480 2098 l'nde
503 2039 612 2118 duplex
637 2052 725 2119 typus
749 2039 867 2118 prodit:
891 2041 1020 2098 hominis
1044 2038 1186 2097 naturalis
1209 2051 1237 2096 et
1262 2039 1390 2098 hominis
1414 2040 1491 2099 rodi-

245 2125 357 2186 mendi,
381 2132 466 2202 Quae
485 2130 620 2205 quaestio
643 2149 709 2186 cum
732 2127 901 2202 dogmatica
923 2129 961 2184 sit
985 2149 1043 2184 non
1067 2125 1154 2203 pleno
1177 2125 1290 2186 calamo
1306 2125 1489 2191 describitur,

246 2213 300 2270 sed
324 2212 361 2270 ad
385 2214 503 2272 modum
527 2214 677 2272 thcseosc
701 2213 835 2274 doctrina
859 2215 944 2272 l'auli
967 2214 1154 2271 constituitur
1177 2213 1327 2272 Christum
1355 2217 1490 2273 extitisse

244 2312 314 2356 ante
335 2300 575 2360 Incarnationem
605 2321 686 2360 suam
712 2303 912 2380 personaliter.
937 2323 973 2358 ex
998 2300 1091 2358 altera
1114 2309 1195 2378 parte
1219 2321 1369 2359 veronen
1393 2305 1490 2360 miuus

246 2387 361 2444 firmum
393 2409 466 2456 csse,
501 2390 761 2465 praeexistentiam
775 2389 857 2446 illam
875 2409 911 2446 nc
927 2387 1064 2446 idealiter
1083 2386 1200 2466 quidem
1218 2387 1376 2446 humanam
1401 2389 1490 2448 l'uisse

248 2473 382 2550 (Philipp
406 2478 434 2542 2,
458 2476 563 2539 6-7.)
588 2474 646 2532 h'cd
671 2495 765 2552 noque
788 2475 849 2534 ulla
876 2495 948 2534 vera
971 2474 1117 2532 humanae
1145 2475 1392 2552 praeexistentiae
1416 2479 1491 2535 ratio

245 2581 262 2616 e
286 2559 368 2618 libris
392 2560 561 2620 talmudieis
584 2577 615 2619 et
637 2562 814 2642 apocryphis
847 2561 1019 2620 ludaeorum
1044 2565 1131 2620 statui
1157 2572 1259 2638 potest,
1290 2564 1339 2640 qui
1365 2562 1491 2622 Messiae

248 2667 354 2706 nomen
377 2649 473 2706 'l'orac
504 2648 697 2707 subordinant
720 2662 748 2706 et
774 2651 913 2707 Messium
937 2650 1031 2726 ipsum
1063 2669 1114 2726 pro
1138 2647 1257 2706 diversa
1279 2669 1374 2708 rerum
1398 2649 1491 2709 lsrael

247 2735 313 2790 vice
336 2733 452 2793 diverse
475 2735 532 2793 sibi
555 2737 679 2811 lingunt.
726 2737 920 2815 Desperatum
945 2755 1058 2812 quoque
1083 2746 1126 2792 est
1158 2734 1292 2794 ultimum
1316 2737 1402 2794 Pauli
1426 2739 1492 2795 rab-

246 2819 339 2878 lriuiei
363 2832 549 2899 patronorum
581 2824 735 2896 retugium,
768 2844 825 2900 quo
854 2832 989 2880 asserunt
1020 2821 1201 2880 Messiam
1233 2823 1328 2880 sicuti.
1359 2823 1492 2884 rabbinis

245 2917 309 2965 crat
331 2907 437 2966 idealis
459 2909 579 2986 quidam
603 2910 698 2973 horno,
721 2913 779 2988 qui
803 2913 834 2967 in
857 2907 954 2986 populi
982 2909 1072 2966 lsrael
1095 2908 1189 2984 gloria
1212 2930 1243 2967 se
1267 2909 1426 2982 revelabat,
1450 2913 1493 2970 ita

246 2995 340 3053 Paulo
362 3016 426 3052 esse
451 2995 576 3054 idealcm
609 2995 760 3055 homiuum
784 3012 896 3076 typum,
929 2997 977 3073 qui
1002 3007 1066 3074 post
1099 2998 1341 3054 resurrectionem
1373 2996 1491 3057 demum

247 3081 414 3140 terrificatus
438 3084 484 3139 sit.
508 3086 539 3141 δι
563 3086 642 3142 enim
666 3083 703 3141 ad
726 3086 793 3142 Gen
826 3103 849 3144 c.
877 3085 967 3140 lert
992 3094 1160 3160 provocant,
1185 3085 1277 3160 prouti
1303 3105 1320 3142 ιι
1344 3085 1489 3163 theologis

246 3167 371 3227 iudaicis
394 3170 536 3247 explicari
560 3172 720 3239 consucvit,
756 3183 784 3227 et
809 3169 993 3248 apocryphos
1017 3167 1107 3228 libros
1131 3165 1256 3228 Henoch
1291 3191 1406 3249 opereque
1440 3172 1492 3232 ad·

248 3254 361 3325 hibent,
384 3267 413 3313 ut
438 3258 669 3334 parallelismum
702 3260 788 3315 istum
822 3259 994 3326 instaurent,
1027 3258 1123 3313 sciant
1153 3257 1245 3312 critici
1278 3267 1307 3314 ct
1337 3257 1375 3316 ab
1399 3259 1492 3316 llam-

247 3340 353 3417 burger
376 3352 405 3399 ιι
431 3341 487 3402 Ad.
512 3343 632 3402 Franck
670 3345 729 3406 tlia
753 3339 904 3422 Kubbala)
934 3342 1059 3408 discant,
1090 3365 1120 3399 se
1144 3353 1271 3402 statuere
1294 3363 1310 3400 c
1334 3345 1405 3402 locis
1422 3345 1492 3411 illis,

248 3429 325 3505 quod
349 3431 380 3487 in
403 3433 446 3488 eis
478 3451 536 3488 nou
567 3447 619 3488 est.
664 3429 855 3509 'l'heosoplria
886 3429 1079 3488 cahbalisticn
1111 3450 1179 3486 vero
1213 3432 1320 3487 seriore
1353 3442 1492 3510 tempore,

247 3536 334 3592 quarn
358 3530 388 3574 ut
411 3517 522 3576 Paulus
544 3539 609 3576 eam
624 3520 705 3596 sequi
720 3519 854 3596 potuerit,
878 3515 1039 3576 fatentibus
1063 3518 1134 3575 viris
1157 3519 1258 3593 gnaris
1281 3529 1374 3576 ortum
1398 3517 1492 3592 duxit,

248 3623 343 3680 noque
366 3603 498 3662 iudaicus
521 3607 691 3669 sententias,
714 3604 766 3662 sed
782 3603 938 3662 dualistiea
954 3605 1140 3662 emanatismi
1157 3604 1266 3681 placita
1282 3603 1362 3662 levet
1395 3606 1492 3666 adam

249 3688 390 3748 Kadmos
412 3693 594 3749 emanatione
619 3693 661 3748 nil
679 3711 833 3749 commune
856 3691 946 3748 habet
969 3711 1033 3748 cunr
1063 3689 1198 3762 ,homine
1222 3689 1368 3748 secuudo“
1389 3693 1411 3752 l.
1426 3693 1492 3752 (lor.

253 3780 300 3848 15,
324 3780 374 3842 tr,
397 3780 445 3856 qui
471 3799 487 3836 e
511 3779 592 3836 caelo
615 3792 659 3836 est
683 3778 719 3836 ob
744 3775 902 3856 qualitates
934 3797 1001 3835 suas
1029 3785 1057 3834 et
1081 3779 1226 3852 originem
1255 3781 1410 3850 essentiae,
1434 3801 1493 3840 nou

248 3884 318 3921 vero
341 3864 500 3922 secuudum
523 3867 793 3942 praeexistentiam.
815 3866 912 3940 Quam
937 3864 1092 3922 arbitraria
1116 3868 1153 3922 sit
1176 3865 1394 3942 eorumagendi
1409 3870 1492 3940 ratio,

248 3953 298 4028 qui
323 3951 344 4008 l.
369 3954 435 4009 Cor.
462 3955 509 4021 15,
533 3954 573 4008 45
597 3971 661 4009 cnm
686 3953 761 4009 (len,
788 3957 813 4014 l.
838 3954 887 4022 20,
913 3955 948 4009 21
978 3962 1128 4010 nectentes
1160 3949 1230 4008 inde
1263 3949 1410 4028 duplicem
1441 3955 1493 4012 ho-

251 4039 339 4096 minis
362 4040 542 4096 creationem
572 4038 722 4114 eolligunt,
753 4041 804 4096 vix
836 4037 894 4096 diri
920 4049 1033 4115 potest:
1064 4037 1100 4096 de
1124 4038 1200 4100 (len.
1227 4043 1253 4105 1,
1277 4040 1317 4098 26
1342 4039 1493 4118 quidpiam

250 4123 350 4182 dicere
373 4125 550 4204 superdeum
581 4128 676 4184 risum
705 4137 758 4187 est.
802 4126 914 4184 Paulus
944 4123 1084 4183 describit
1118 4126 1319 4197 ,Salvatorem
1350 4125 1494 4198 divinum,

248 4214 298 4289 qui
322 4213 376 4268 fuit
400 4211 561 4270 secundum
583 4215 677 4290 ipsam
702 4213 915 4272 humanitatem
932 4233 1013 4270 suam
1032 4213 1175 4281 caelestis,
1198 4212 1327 4270 alienum
1352 4235 1369 4271 ιι
1392 4215 1494 4274 ιιιιιιιιιι

249 4297 415 4356 rationibus
437 4300 581 4360 cosmicis,
604 4299 732 4358 humano
757 4300 920 4358 intellectui
933 4299 1131 4357 essentialiter
1145 4299 1490 4378 incomprehensibilem“

250 4385 286 4459 (I.
311 4389 378 4443 t'or.
403 4389 430 4455 2,
455 4388 548 4451 'i—-tt,
574 4389 633 4444 10:
657 4387 697 4444 ll.
720 4389 787 4444 Cor.
809 4389 838 4451 l,
862 4385 895 4459 ιι)
918 4407 945 4463 p.
970 4388 1041 4442 ⁶278.

351 4475 456 4550 Capite
490 4472 544 4530 lt'.
582 4472 621 4549 tsp.
656 4474 842 4552 arsam)
880 4471 1048 4530 dissertatio
1084 4475 1140 4530 iam
1177 4472 1215 4530 ad
1250 4473 1378 4531 Messiae
1415 4495 1494 4552 opus,

247 4557 478 4635 redemptionem
514 4558 573 4619 rdl.
615 4567 644 4616 ιι
678 4559 917 4617 iustificationum
965 4579 1119 4636 progressa
1153 4561 1340 4638 conspicitur.
1378 4563 1491 4618 Auctor

249 4648 374 4721 primurn
398 4645 493 4712 Pauli,
516 4645 586 4704 dein
609 4649 680 4704 satis
705 4645 767 4704 fuse
791 4645 980 4704 rabbinorum
1005 4645 1161 4716 doctrinas,
1186 4666 1261 4724 (quac
1285 4645 1323 4704 ad
1339 4665 1494 4722 argumen-

248 4742 309 4789 tum
339 4735 519 4810 propositum
550 4735 708 4810 pertinent,
742 4732 838 4810 quoad
870 4753 984 4792 summa
1014 4736 1111 4812 capita
1143 4732 1273 4792 exhibet.
1308 4733 1492 4792 Discrimina
