3450 5342
683 426 877 483 -101-

149 616 321 694 apologiam
360 617 501 679 inserens.
542 636 607 674 eam
645 614 865 675 abbreviavcrit
903 618 1123 695 narrationique
1161 616 1406 691 accomodaverit,

150 712 256 761 minen
279 705 409 779 genuina
438 701 531 761 verba
559 704 823 781 expressionesque
847 702 990 761 Aristidis
1013 706 1200 762 conservavit
1222 714 1252 761 et
1274 706 1306 762 in
1329 703 1405 763 cliri-

148 789 281 866 stologia
314 787 427 847 duabus
449 790 499 847 vel
521 788 614 848 tribus
646 788 858 848 insertionibus
888 800 1042 849 contentus
1073 791 1128 849 luit
1159 791 1198 869 (p.
1223 790 1272 850 96.
1296 795 1359 869 sq.).
1384 790 1405 849 S

148 884 304 954 umquam
339 874 397 934 fide
420 874 528 953 dignus
561 878 646 934 testis
675 876 778 934 haberi
813 886 926 955 potest:
961 878 992 935 in
1016 876 1071 935 hac
1106 880 1184 935 enirn
1209 879 1344 937 versione
1368 898 1405 937 ne

148 982 212 1021 una
235 962 355 1042 quidem
378 965 467 1031 notio,
496 982 572 1041 quae
596 962 738 1021 Aristidis
761 984 820 1021 non
843 964 882 1022 sit
904 964 1031 1042 propria,
1058 963 1201 1037 babetur;
1227 998 1265 1007 -
1290 966 1321 1023 in
1345 966 1405 1023 sin·

150 1050 233 1127 gulis
256 1063 356 1107 tamen
378 1048 502 1107 vocibus
525 1066 554 1108 et
577 1048 816 1127 expressionibus
839 1048 868 1109 G
891 1062 974 1109 textu
990 1052 1106 1130 syriaco
1122 1050 1237 1109 fidelior
1256 1061 1309 1110 est.
1332 1049 1404 1110 Ideo

148 1134 200 1195 ubi
226 1136 255 1195 G
278 1148 307 1194 ct
331 1141 353 1195 ὃ
375 1139 571 1214 consentiunt,
595 1136 623 1194 G
645 1135 767 1214 praebet
789 1136 875 1195 nobis
898 1139 1059 1214 genuinum
1080 1138 1222 1215 Aristidis
1244 1148 1403 1211 textum,

148 1223 260 1282 Sucro
283 1222 409 1292 fidelem,
432 1226 523 1281 immo
542 1222 694 1281 verbalem
715 1225 950 1285 versionem.
974 1222 1079 1283 UbiG
1102 1227 1168 1283 etb'
1191 1224 1337 1293 differunt,
1360 1223 1402 1283 ibi

146 1309 170 1369 S
194 1310 379 1389 primitivum
402 1313 533 1369 continet
555 1330 683 1381 sensum,
705 1308 734 1367 G
756 1309 919 1382 abbreviat,
943 1313 1032 1369 immo
1055 1310 1092 1370 ad
1117 1313 1294 1370 narrationis
1317 1310 1404 1369 indo-

146 1397 217 1466 lem,
241 1398 267 1455 si
291 1417 363 1475 opus
385 1408 438 1468 est,
461 1396 662 1455 accommodat
686 1398 725 1474 (p.
751 1400 820 1457 100.
843 1396 930 1476 sqq.).

259 1483 347 1559 Quod
380 1484 534 1563 apologiae
567 1484 791 1561 inscriptionem
825 1486 940 1556 attinet,
976 1486 1102 1563 primam
1139 1486 1299 1562 genuinam
1337 1504 1401 1543 esse

147 1570 337 1629 Kresrnilrov
361 1570 442 1642 dicit,
466 1571 596 1629 scilicet:
620 1569 845 1648 ,Αὐτοκράτορι
873 1568 1003 1649 Καίσαρι
1023 1570 1207 1651 Ἀριστείδης
1226 1570 1402 1651 φιλόσοφος

141 1656 342 1737 Ἀδηιίιῖος*;
375 1691 419 1701 -
453 1658 530 1716 hanc
559 1660 639 1716 enim
662 1656 817 1727 Eusebius,
840 1658 1052 1737 Hieronymus,
1075 1658 1113 1729 A,
1136 1660 1226 1717 immo
1254 1656 1307 1715 sub
1331 1678 1401 1735 quo-

146 1742 219 1803 dam
244 1757 378 1821 respectu
401 1757 431 1803 et
454 1744 475 1801 S
497 1743 618 1805 habent.
642 1744 820 1823 Hieronymi
843 1754 873 1803 et
897 1742 1020 1803 Eusebii
1044 1746 1214 1803 testimonia
1232 1743 1290 1802 lide
1310 1742 1402 1821 digua

145 1851 214 1889 esse
238 1830 353 1890 duabus
374 1834 548 1909 praesertim
571 1832 693 1889 innixus
720 1830 884 1890 rationibus
906 1830 1107 1889 demonstrat:
1137 1832 1169 1907 ιι)
1194 1829 1340 1891 Eusebius
1371 1840 1401 1891 et

148 1918 354 1997 Hieronymus
377 1918 544 1996 apologiam
567 1916 645 1995 apud
662 1917 768 1976 multos
784 1920 927 1977 exsistere
952 1927 1117 1989 testantur,
1140 1918 1173 1997 β)
1198 1918 1400 1997 Hieronymus

146 2025 201 2083 pcr
223 2005 357 2083 epitheta
379 2038 422 2047 —-
445 2026 521 2083 qnae
544 2005 698 2083 apologiae
721 2004 758 2062 de
782 2004 860 2063 facto
892 2016 1057 2083 competere
1080 2014 1181 2063 auctor
1204 2003 1334 2063 ostendit
1357 2036 1398 2049 -

146 2092 278 2151 Aristidi
309 2090 411 2151 addita
441 2091 478 2151 ab
509 2091 638 2151 Eusebio
671 2090 921 2169 independentem
939 2111 1017 2155 ¹sese
1041 2090 1140 2169 prodit
1164 2090 1202 2169 (p.
1229 2092 1288 2151 103
1313 2086 1400 2171 sqq.).

146 2178 244 2238 Immo
275 2189 304 2237 et
335 2178 489 2257 apologiae
519 2188 724 2255 argumentum
759 2180 1056 2257 circumstantiaeque
1092 2180 1122 2237 in
1161 2198 1197 2237 ea
1234 2177 1399 2257 descriptae

147 2266 299 2325 Hadriani
334 2268 429 2343 potius
463 2286 552 2344 quam
575 2266 721 2325 Antonini
745 2264 926 2344 temporibus
949 2268 1129 2324 conveniunt
1153 2262 1193 2345 (p.
1220 2268 1289 2323 121.
1313 2262 1398 2345 sqq.).

146 2351 206 2411 Sed
231 2374 299 2411 cnm
322 2351 478 2411 lladriano
501 2354 673 2411 Antoninus
696 2352 768 2411 Pius
791 2354 990 2423 successisset,
1011 2352 1190 2411 christianus
1213 2349 1333 2430 qnidam
1356 2384 1398 2397 -

146 2442 244 2518 ipsum
269 2451 417 2498 auctorem
445 2440 501 2498 hoc
523 2440 629 2499 fecisse
663 2438 781 2516 probari
805 2460 865 2498 nou
889 2449 985 2516 potest
1008 2472 1049 2483 -
1072 2440 1227 2497 Antonino
1250 2438 1305 2497 Pio
1329 2458 1399 2515 apo·

145 2527 260 2605 logiam
282 2525 453 2595 traditurus,
476 2526 638 2585 secundam
661 2528 886 2604 inscriptionem
910 2545 975 2585 cum
1001 2527 1148 2585 Antonini
1179 2527 1299 2585 nomine
1322 2544 1400 2585 com·

145 2616 254 2693 posuit.
277 2612 362 2671 Haec
386 2616 540 2691 inscriptio
569 2615 600 2673 in
623 2612 752 2672 secunda
774 2612 944 2672 reductione
967 2622 1049 2672 erat:
1082 2611 1298 2692 Αὐτοκράτορι
1322 2610 1399 2673 Καί-

145 2723 217 2780 σαρι
244 2698 323 2781 Τίτῳ
346 2696 470 2780 (Αἰλίῳ)
489 2700 644 2779 Ἀδριανῷ
663 2700 827 2779 Ἀντονίνῳ
850 2699 1003 2781 Σεβαστῷ
1027 2697 1165 2779 Εὐμενεῖ
1192 2698 1347 2775 (llarnack
1371 2706 1400 2757 et

146 2787 279 2864 Seeberg
311 2787 442 2866 abortiri)
477 2784 665 2867 Μαρκιανὸς
695 2787 880 2866 Ἀριστείδης
913 2786 1090 2866 φιλόσοφος
1120 2786 1287 2867 Ἀθηναῖος
1321 2786 1399 2865 (pag.

150 2876 260 2937 ruas
304 2879 331 2949 .).

178 2962 184 2971 ’
258 2894 346 3037 dihod
376 2971 475 3019 autem
505 2963 601 3040 ipsam
635 2959 802 3039 apologiam
836 2962 952 3031 attinet,
986 2962 1089 3037 negari
1113 2961 1216 3037 nequit
1243 2975 1319 3032 ,uro
1340 2972 1400 3020 oua

148 3062 347 3109 cocraancua
378 3064 479 3109 onena
511 3050 675 3124 ucuycrm²
710 3046 749 3125 (p.
787 3047 869 3123 159).
904 3046 1060 3117 Aristides,
1098 3046 1264 3125 apologiam
1299 3044 1399 3117 edens,

148 3152 258 3192 novam
281 3132 425 3193 indicavit
448 3136 529 3193 viam
553 3132 590 3191 ad
613 3133 787 3211 religionem
811 3134 1005 3192 christianam
1029 3131 1268 3206 defendendam
1292 3134 1323 3191 iu
1347 3150 1399 3211 sua

149 3228 251 3279 tamen
273 3220 310 3279 de
333 3223 507 3299 paganismo
541 3222 680 3299 opinione
701 3219 738 3277 ab
762 3220 829 3279 aliis
853 3221 1016 3299 apologetis
1039 3240 1074 3279 eo
1097 3218 1203 3291 differt,
1227 3218 1305 3299 quod
1328 3219 1398 3291 fore,

150 3317 181 3365 ut
204 3307 333 3386 gentiles
356 3308 442 3367 aliter
465 3308 502 3367 de
525 3308 669 3385 religione
692 3306 855 3367 christiana
878 3309 1017 3377 sentiant,
1041 3326 1122 3385 spem
1146 3304 1235 3365 fovet.

254 3396 295 3454 Et
317 3394 387 3453 licet
410 3395 547 3475 apologia
569 3416 607 3453 ex
629 3395 762 3473 professo
785 3393 822 3453 de
844 3392 1032 3471 dogmatibus
1063 3414 1123 3451 nou
1153 3402 1267 3465 tractet,
1291 3390 1398 3449 multos

148 3492 252 3541 tamen
274 3480 344 3540 fidei
367 3482 547 3541 christianae
570 3482 709 3541 articulos
739 3490 948 3540 commemorat
971 3480 1019 3557 (cf.
1043 3478 1271 3549 Bardeuhewer,
1295 3478 1399 3536 Patro·

149 3563 265 3645 103102,
287 3568 441 3647 Freiburg,
467 3571 558 3628 19⁰1.
582 3567 670 3645 Quod
693 3578 725 3627 ut
747 3567 892 3639 ostendat,
922 3566 1107 3627 Krestnikov
1138 3566 1268 3625 breviter
1290 3563 1399 3623 doctri·

150 3674 219 3712 nam
243 3657 275 3713 in
298 3656 435 3733 apologia
465 3666 634 3715 contentam
665 3656 785 3731 colligit,
815 3654 991 3734 symbolum,
1023 3653 1100 3733 quod
1131 3674 1169 3713 en
1199 3674 1234 3711 ea
1261 3651 1397 3724 desumit,

149 3760 185 3799 eo
206 3756 338 3820 tempore
360 3742 553 3821 probabiliter
575 3745 681 3822 vigens
704 3742 796 3801 adicit
818 3742 857 3818 (p.
884 3744 956 3803 162.
978 3737 1042 3819 sq.).

257 3830 317 3887 Pro
348 3850 449 3889 sacrae
479 3832 641 3909 scripturae
672 3850 785 3889 canone
818 3828 955 3905 apologia
986 3848 1045 3887 non
1076 3838 1120 3885 est
1143 3828 1244 3904 magni
1267 3826 1397 3899 valoris,

150 3913 201 3972 sed
225 3936 291 3973 cum
304 3936 342 3973 ex
365 3937 424 3975 una
435 3927 518 3995 parte
541 3916 578 3975 de
601 3916 750 3993 evangelii
774 3913 852 3992 atiud
864 3915 1041 3973 christianos
1064 3916 1238 3973 exsistentia
1262 3912 1308 3989 (ιδ
1323 3912 1394 3991 παρ’

151 4000 256 4071 αὐτοῖς
287 4002 457 4083 λεγόμενον
490 4003 668 4082 εὐαγγέλιον
698 4024 722 4063 c.
746 4002 795 4070 ll,
828 4000 865 4060 de
889 4002 1002 4059 Christi
1025 4000 1099 4077 vita)
1134 4000 1237 4079 deque,
1261 3998 1398 4079 ,γραφαίι

151 4086 377 4148 christianorum
400 4091 544 4170 loquatur,
567 4101 596 4147 ct
618 4110 684 4148 cum
706 4110 745 4148 ex
768 4088 862 4147 altera
895 4098 978 4167 parte
1009 4088 1109 4146 multis
1141 4087 1214 4145 locis
1238 4085 1276 4146 ad
1299 4097 1397 4145 textus

150 4191 248 4233 sacros
270 4176 445 4237 allusionem
468 4178 566 4249 faciat,
590 4198 685 4255 neque
708 4176 764 4234 liac
787 4176 819 4235 iu
841 4196 872 4234 re
896 4175 1033 4253 apologia
1062 4172 1228 4253 spernenda
1251 4186 1295 4231 est
1319 4174 1397 4251 (pag.

153 4260 213 4319 164
236 4264 320 4341 sqq.).

258 4350 318 4426 Qui
356 4351 522 4430 apologiam
556 4349 698 4409 Aristidis
728 4360 758 4407 et
788 4348 943 4427 epistolam
975 4347 1012 4407 ad
1043 4348 1224 4423 Diognetum
1259 4348 1336 4403 inter
1367 4365 1397 4403 se

151 4431 308 4513 diligenter
330 4440 553 4516 comparaverit,
576 4440 604 4495 ei
627 4456 680 4495 sua
702 4445 805 4517 sponte
839 4434 987 4493 oborietur
1018 4435 1160 4515 quaestio,
1196 4435 1293 4491 sintne
1325 4431 1398 4489 liaeo

152 4519 208 4579 duo
230 4545 320 4603 opera
350 4526 437 4583 unius
459 4535 489 4583 et
509 4524 643 4584 eiusdem
673 4525 808 4582 auctoris.
838 4522 1024 4581 Krestnikov
1055 4521 1131 4579 lianc
1164 4540 1224 4577 rem
1248 4521 1398 4595 attingens

155 4607 246 4682 Kihn,
268 4612 338 4671 licet
361 4614 424 4670 eius
446 4622 620 4689 argumenta
649 4610 734 4672 firma
763 4629 827 4667 esse
858 4619 954 4686 neget,
986 4610 1160 4679 assentitur;
1186 4606 1215 4664 id
1239 4618 1336 4665 autern
1360 4604 1396 4663 ob

152 4695 296 4777 triplicem
328 4701 471 4757 rationem
502 4698 650 4757 admittit:
673 4697 705 4773 a)
730 4698 878 4755 sententia
900 4694 937 4753 de
960 4694 1121 4773 gentilibus
1152 4697 1182 4751 in
1213 4694 1396 4771 oppositione
