3450 5342
767 422 958 479 -193-

237 609 276 668 ad
299 610 436 669 Rosciam
459 610 620 669 extendere
642 611 769 673 student.
795 612 829 671 ln
851 612 975 671 Zovlrva
991 610 1068 691 apud
1084 611 1240 689 Leopolim
1257 612 1360 669 Patres
1379 611 1482 671 folium

238 708 421 756 menstruum
459 697 599 777 populare
623 699 777 777 llisyonar
798 720 864 759 curu
888 696 1118 779 hlisyouarozyk
1152 696 1252 757 edunt.
1285 698 1403 757 Folium
1427 698 1483 759 hoo

237 784 338 843 multis
361 782 492 843 millibus
521 786 723 863 exemplorum
757 796 949 865 propagatum
980 788 1111 845 maxima
1145 786 1256 843 eminet
1287 784 1484 865 popularitate

235 879 267 929 ct
283 871 476 929 vehementer
496 874 624 949 pertinet
648 870 686 931 ad
703 893 820 930 sensum
836 871 1227 931 ecclesiastico-catholicum
1244 870 1413 933 fovendum,
1438 872 1484 931 De

234 957 308 1019 lolio
339 956 493 1017 condendo
522 971 592 1016 ante
622 980 729 1017 novem
759 979 853 1017 annos
886 958 960 1019 bene
993 962 1114 1019 meritus
1137 968 1182 1019 est
1205 958 1481 1019 Reverendissimus

234 1044 433 1123 Metropolim,
456 1048 519 1125 ipse
534 1044 647 1103 ordinis
663 1045 826 1104 membrum
844 1054 874 1103 et
888 1046 923 1105 P.
939 1046 1136 1105 provincialis
1160 1046 1250 1117 Filas,
1273 1044 1481 1105 celeberrimus

236 1152 447 1192 miseronanus.

339 1220 498 1277 Praeterea
519 1219 625 1277 Patres
648 1219 791 1279 Basiliani
816 1239 842 1279 a.
869 1222 959 1277 1895.
978 1216 1174 1278 condiderunt
1198 1220 1425 1297 typographiam
1449 1221 1481 1279 in

235 1306 369 1365 Zovkva
390 1305 441 1365 ubi
464 1304 532 1365 libri
563 1306 694 1382 religiosi
715 1308 748 1364 in
770 1326 853 1365 usum
878 1306 978 1385 populi
1001 1314 1031 1364 et
1053 1305 1124 1364 cleri
1159 1304 1293 1363 eduntur.
1326 1306 1373 1365 Ex
1396 1306 1481 1365 libris

233 1392 283 1451 his
316 1396 466 1451 mentione
499 1392 582 1469 digni
620 1405 708 1453 sunt:
739 1392 827 1452 Card.
858 1392 1033 1452 Bellarmini
1065 1396 1185 1469 Septem
1220 1390 1311 1451 verba
1336 1394 1371 1451 l).
1395 1393 1432 1451 N.
1455 1394 1479 1451 1.

235 1480 349 1539 Christi
373 1483 404 1541 in
427 1500 520 1551 cruce,
544 1480 632 1539 l'ard.
656 1481 802 1539 llossinoli
827 1480 976 1540 Veritates
999 1488 1145 1547 aeternae,
1164 1478 1330 1537 Wisemani
1346 1478 1479 1551 Fabiola,

234 1589 258 1627 a.
282 1570 432 1627 l'rancisei
456 1567 563 1625 Salesii
586 1567 753 1636 l'hilothea,
777 1568 847 1625 llris
870 1568 915 1625 01.
939 1566 1165 1647 Sarnyckyj
1191 1564 1227 1625 O.
1252 1585 1274 1624 s.
1298 1568 1331 1630 B.
1356 1566 1394 1625 Μ.
1418 1567 1480 1625 Ex·

233 1655 354 1735 plicatio
377 1654 554 1731 psalmorum
579 1655 609 1711 in
633 1652 781 1712 bretiario
803 1664 1005 1713 contentorum
1029 1664 1057 1711 et
1081 1654 1141 1711 alia
1164 1652 1264 1711 multa.

339 1739 479 1798 Editione
501 1740 642 1799 librorum
665 1741 894 1817 theologicorum
911 1751 1068 1818 occupatur
1085 1742 1174 1797 etiam
1192 1740 1323 1797 Societas
1346 1759 1368 1799 e.
1391 1738 1479 1799 Pauli

235 1827 381 1905 Apostoli,
404 1848 442 1884 cx
464 1828 546 1885 cuius
569 1827 742 1886 collectione
764 1828 875 1886 mentio
898 1828 950 1885 fiat
973 1829 1167 1905 sequentium.
1191 1826 1214 1883 Ι.
1237 1821 1409 1905 lievyclryj,
1433 1826 1479 1883 De

234 1917 348 1972 ratione
368 1926 397 1971 et
412 1913 490 1985 tide,
505 1914 542 1971 Ὗ,
556 1908 779 1995 chohubskyj,
801 1915 848 1973 De
872 1914 991 1973 homine
1014 1924 1043 1973 ct
1060 1911 1168 1987 brutis,
1193 1912 1340 1989 Apologia
1356 1914 1476 1971 scienti·

234 2001 291 2059 fica
313 2000 382 2058 fidei
412 2000 592 2061 christianae
626 2002 736 2059 liuline
758 2000 796 2059 de
819 2002 904 2060 saint
928 2002 1028 2077 Projet
1051 2010 1080 2057 ct
1104 2000 1256 2077 Principia
1289 2000 1476 2059 oeconomiae

234 2088 571 2159 Cessas-Mourmcistcr,
603 2090 633 2146 in
667 2088 865 2147 lluthcnicum
896 2108 983 2147 versa
1012 2108 1030 2146 a
1061 2088 1083 2147 i.
1117 2083 1277 2166 lievyckyj
1303 2098 1331 2145 et
1353 2086 1477 2166 Leopoli

234 2178 318 2235 1905
341 2174 431 2233 edita.

337 2260 644 2332 Praetereafeminae,
667 2282 742 2339 quac
765 2262 900 2319 intutela
923 2283 945 2320 e.
958 2260 1053 2319 tllhae
1077 2261 1197 2337 reginae
1221 2260 1391 2317 societatem
1404 2259 1478 2317 inie-

231 2361 308 2418 runt,
332 2348 455 2427 Leopoli
477 2346 568 2407 libros
590 2346 677 2406 edere
700 2359 867 2425 coeperunt,
889 2368 1010 2426 quorum
1035 2348 1144 2425 primus
1167 2346 1223 2405 hoc
1247 2366 1272 2403 a.
1292 2346 1372 2405 1906
1390 2347 1478 2405 emis·

231 2457 281 2496 aus
304 2449 349 2494 est
372 2435 425 2495 sub
448 2435 533 2494 titulo
568 2436 632 2507 ,lle
655 2434 818 2492 christiano
839 2434 994 2492 mulierum
1017 2432 1178 2491 charitateu
1215 2454 1233 2491 a
1255 2432 1292 2490 D.
1315 2432 1478 2491 'Paniai‘-

231 2524 359 2603 lrevyd
387 2523 492 2599 (nuper
513 2522 639 2594 mortuo)
662 2523 852 2605 conscriptus.
900 2521 939 2578 t’t
961 2521 1195 2599 supplementum
1221 2529 1387 2597 separatum
1412 2538 1477 2577 cum

231 2612 350 2691 propria
361 2611 552 2688 paginationc
568 2630 586 2667 a
601 2608 762 2667 directione
776 2608 845 2665 Kat.
859 2606 953 2683 Vehid
967 2608 1062 2665 versio
1074 2606 1260 2665 homiliarum
1278 2626 1365 2684 super
1377 2606 1479 2665 Evan-

230 2698 341 2775 gelium
365 2694 525 2755 secundum
538 2695 721 2753 llatthaeum
744 2716 765 2753 s.
777 2696 876 2753 Patris
899 2696 990 2753 nostri
1009 2695 1129 2753 Ioannis
1142 2692 1346 2772 Chrysostomi
1371 2691 1475 2751 editur.

338 2784 377 2841 t't
405 2782 642 2861 supplementum
663 2782 757 2862 Npu'y
779 2785 927 2841 orationes
957 2802 1057 2841 sacrae
1081 2782 1112 2839 in
1134 2800 1217 2837 usum
1248 2778 1320 2837 cleri
1343 2780 1477 2857 parochi·

230 2871 288 2930 alis
311 2871 389 2927 foras
411 2868 527 2931 dautur,

336 2957 384 3013 Ex
407 2966 565 3033 conspectu
588 2955 644 3013 hoe
666 2966 755 3034 patet,
770 2975 857 3033 esuum
875 2974 1012 3033 prospera
1037 2956 1098 3013 fata
1120 2952 1263 3011 ecclcsiae
1279 2962 1309 3009 et
1324 2950 1476 3011 doctrinae

230 3043 415 3119 theologicae
438 3041 516 3121 apud
540 3042 692 3101 liutbenos
715 3042 942 3117 inauuurcntur!
1116 3034 1184 3101 On.
1217 3032 1431 3119 Volatisltyj.

735 3225 972 3307 SERBICA.

338 3384 467 3444 tiarati
505 3384 618 3444 torosi.
636 3383 840 3443 lainatinrkt
858 3382 960 3452 crire,
979 3398 1025 3437 nr.
1045 3382 1157 3447 iti—tt,
1178 3382 1252 3435 1905.

338 3470 439 3508 —o-:
469 3490 480 3508 r
503 3454 700 3523 eporocno
726 3455 861 3509 zacece
890 3454 947 3519 tile
968 3450 1170 3507 Immaculata
1190 3450 1408 3517 conceptionel,
1428 3462 1474 3505 nr.

339 3593 560 3657 Respondetur
584 3592 623 3645 ad
648 3608 692 3660 ea,
717 3606 797 3661 qrrae
822 3592 881 3646 suh
908 3589 996 3645 titulo
1025 3588 1242 3644 ‘immaculata
1262 3589 1475 3656 conceptione

230 3661 376 3716 moderni
396 3662 517 3716 Graecio
542 3664 572 3715 in
598 3662 713 3715 «notros
732 3660 763 3714 d’
780 3661 901 3715 (lrieuh
926 3674 1032 3714 ruense
1046 3664 1123 3727 sept.
1138 3656 1167 3711 S.
1183 3658 1324 3712 Petridos
1339 3659 1473 3725 scripsit.

232 3730 376 3785 Petrides
396 3734 475 3785 sicut
493 3738 523 3785 et
541 3730 591 3785 alii
611 3730 747 3798 theologi
766 3730 905 3783 catholici
931 3729 1046 3799 dogma
1065 3727 1104 3781 de
1124 3726 1321 3782 immaculata
1348 3741 1474 3795 concep·

231 3803 315 3855 tione
335 3803 366 3855 in
385 3799 513 3855 ecclesia
532 3799 672 3854 orientali
698 3814 761 3853 sem
788 3815 824 3853 er
847 3798 997 3852 creditum
1025 3812 1095 3851 esse
1114 3795 1183 3851 ideo
1225 3796 1403 3851 ocissimum
1423 3796 1474 3850 de·

231 3878 410 3925 monstrare
425 3872 530 3924 conati
545 3868 700 3934 dicuntur,
719 3874 753 3922 ut
766 3815 888 3922 lacinus
903 3865 1174 3947 veritatemlruius
1194 3812 1351 3935 dogmatis
1367 3864 1473 3919 multis

232 3940 388 4010 theologis
415 3938 574 3994 catholicis
592 3937 678 3993 velut
704 3938 852 3991 omnibus
873 3936 932 3991 ΡΡ,
952 3936 1170 4002 Donrinrcanis,
1203 3938 1256 4005 qui
1278 3935 1334 3988 hoc
1358 3936 1474 4001 dogma

233 4010 336 4065 adhuc
355 4012 482 4064 reiciant
502 4008 595 4074 isich)
616 4006 807 4076 persuadere
820 4008 952 4075 possint.
972 4004 1267 4060 Grunrnenrorantur
1281 4004 1321 4058 iili
1338 3999 1472 4072 theologi

231 4080 378 4135 ecelesiae
391 4076 560 4143 orientalis,
578 4080 631 4146 qui
645 4082 753 4130 contra
767 4073 995 4130 immaculatam
1016 4077 1247 4143 conceptionem
1269 4076 1472 4140 scripserunt,

229 4149 406 4218 dequibus
430 4151 522 4203 etiarn
550 4147 580 4205 S.
599 4145 741 4201 petrides
770 4149 800 4200 in
820 4159 878 4199 sua
907 4145 1126 4199 dissertatione
1150 4146 1223 4266 apii.
1262 4142 1308 4197 Ex
1334 4144 1473 4211 quinque

229 4234 307 4274 vero
332 4218 495 4287 theologis,
523 4233 561 4272 ex
609 4217 702 4271 uibus
729 4215 758 4270 S.
783 4212 926 4270 Petrides
954 4218 1139 4281 argumenta
1189 4218 1266 4278 ucat,
1299 4210 1472 4265 secundum

227 4302 354 4344 oausam
369 4288 528 4358 dogmatis
546 4292 594 4341 cat
617 4286 685 4341 elici
701 4288 857 4341 immerito
877 4282 1045 4405 quidpuam
1061 4281 1178 4337 afferri.
1199 4282 1319 4336 Etenim
1334 4280 1415 4364 duos
1434 4294 1475 4335 ex

227 4356 287 4423 his,
306 4356 466 4412 Isidorum
482 4356 597 4412 Glabas
616 4362 646 4411 et
659 4356 845 4411 monachum
860 4353 926 4419 loo,
969 4353 1119 4405 octrinam
1135 4365 1294 4405 romanam
1315 4350 1353 4405 de
1367 4364 1473 4405 imma-

227 4427 329 4482 culata
348 4426 549 4496 conceptione
567 4426 637 4480 ideo
651 4440 713 4480 non
734 4429 946 4495 impugnasse,
966 4419 1047 4489 quod
1068 4420 1141 4473 haec
1160 4420 1301 4473 doctrina
1320 4418 1379 4474 illis
1399 4426 1473 4473 tem·

227 4497 361 4565 poribus
387 4499 510 4567 privata
529 4495 669 4549 doctrina
694 4494 861 4548 occidentis
881 4494 975 4547 inerit
1000 4489 1131 4544 necdum
1154 4488 1288 4543 Iesuitae
1306 4492 1475 4553 extiterint,

226 4569 278 4634 qni
300 4566 378 4621 hanc
396 4566 569 4621 doctrinam
590 4567 681 4619 etiarn
702 4563 848 4618 ecciesiae
861 4560 1002 4617 orientali
1022 4562 1244 4628 supponerent,
1264 4559 1344 4626 quod
1364 4564 1473 4629 postea

226 4650 340 4690 revera
358 4639 505 4690 evenerit.
525 4634 673 4689 Similiter
687 4632 785 4688 Ellam
802 4632 959 4686 illiniatam
980 4628 1055 4685 nihil
1076 4630 1250 4696 scripsisse,
1270 4628 1350 4695 quod
1365 4633 1472 4683 eontra

226 4704 401 4760 doctrinam
426 4705 572 4759 ecciesiae
598 4701 758 4757 orientalis
777 4706 869 4757 esset.
906 4700 950 4755 Ex
971 4697 1135 4755 Leonardo
1155 4696 1272 4765 Phylar
1299 4701 1329 4750 et
1348 4697 1472 4751 Nicolao

280 4825 341 4868 Slev.
354 4827 394 4868 litt
407 4828 477 4869 theol.
1285 4800 1318 4855 13
