3450 5342
722 420 893 476 ..47-

189 622 220 665 at
242 610 301 665 iam
324 627 390 665 cnm
422 609 457 666 cl
480 619 596 668 anctore
619 611 770 678 annotavi,
804 619 882 666 terra
905 610 1056 686 incognita
1087 619 1130 666 est
1157 641 1194 652 -
1219 609 1319 684 magni
1343 609 1429 685 pretii

188 708 231 752 est
265 694 367 772 iisque.
402 698 452 774 qui
485 695 570 755 liuius
600 698 740 774 temporis
763 704 847 772 gesta
877 694 1052 773 descripturi
1081 703 1156 760 sunt,
1190 713 1255 751 eum
1280 695 1430 772 negligere

189 782 311 840 minime
334 781 444 841 licebit.

296 867 431 927 Tandem
456 890 493 928 ne
515 872 671 928 veritatem
686 867 846 940 laedamus,
873 871 979 926 utiam
996 865 1237 947 supradiximus,
1260 866 1431 926 orthodoxis

189 956 296 1015 multas
319 958 442 1015 iniurias
471 956 565 1016 factas
596 976 655 1016 non
678 975 828 1032 negamus,
863 955 916 1014 sed
940 977 994 1028 res,
1030 965 1059 1014 ut
1083 957 1258 1026 adurimus,
1293 954 1430 1014 nonnihil

189 1042 369 1102 moderanda
391 1053 443 1102 est.
777 1037 825 1104 M.
851 1035 1152 1124 Halutltlyilskyj,
1178 1040 1214 1101 Ο.
1237 1041 1266 1100 S.
1289 1042 1324 1102 B.
1346 1041 1387 1098 M.

292 1199 560 1263 Beroe-roscald
582 1197 793 1264 litemus.
812 1211 1042 1282 (negauerant
1063 1209 1201 1281 lisinii)
1221 1213 1296 1266 1906.
1317 1214 1340 1266 1.
1359 1213 1383 1266 a.

292 1297 326 1351 V.
352 1297 544 1352 Sokclov:
574 1296 718 1351 ticino-li
737 1301 748 1353 i
766 1297 913 1353 dolino-li
939 1311 1011 1353 uam
1042 1296 1186 1368 molit'sja
1214 1314 1234 1352 v
1261 1297 1368 1354 cerkvi
1397 1289 1432 1352 za'

192 1369 322 1436 usopsib
350 1367 538 1436 inoslavuyp
565 1366 658 1433 (Num
686 1365 776 1423 liceat
793 1372 823 1422 et
836 1367 949 1422 debeat
969 1382 1027 1436 pro
1045 1369 1176 1422 mortuis
1198 1365 1288 1421 aliam
1309 1367 1430 1438 religio,-

194 1452 263 1490 nem
283 1435 487 1504 sequentibus
506 1438 537 1490 in
556 1435 684 1490 ecclesia
702 1436 799 1504 orari)
819 1437 852 1518 Ι.2
873 1438 966 1492 1-32.

295 1505 373 1561 Cum
404 1511 475 1574 post
502 1505 661 1560 decretum
682 1521 706 1560 s.
724 1506 858 1576 ,synodr‘
883 1521 908 1560 a.
936 1507 1003 1560 1797
1038 1505 1188 1560 emissum
1215 1503 1431 1560 sacerdotibus

191 1574 376 1630 orthodoxis
387 1575 499 1629 funera
511 1575 843 1643 non-orthodoxorum,
855 1575 980 1631 sideest
990 1590 1098 1630 eorum
1110 1572 1259 1644 proprius
1275 1573 1432 1641 sacerdos,

189 1647 222 1699 in
243 1644 386 1699 vestibus
406 1644 505 1698 sacris
524 1648 667 1699 cantante
685 1645 780 1700 choro
800 1644 985 1714 ,Trisagion‘
1004 1642 1145 1699 comitari
1171 1642 1361 1713 permissum
1383 1647 1431 1711 sit,

190 1713 250 1769 iam
276 1717 399 1784 quaerit
425 1721 541 1779 auctor,
565 1728 734 1783 quamnam
753 1715 794 1769 cb
814 1729 940 1770 causam
967 1712 1124 1768 orationes
1149 1712 1289 1782 publicas
1332 1727 1367 1767 ro
1386 1717 1431 1768 eia

190 1797 340 1906 peragere
354 1799 416 1837 non
431 1783 527 1837 liceat
542 1781 620 1839 Cum
634 1788 737 1838 autem
753 1785 848 1838 buius
862 1784 976 1839 decreti
989 1787 1176 1854 argumenta
1188 1786 1277 1838 metr.
1324 1797 1430 1838 oscov.

218 1852 365 1908 hilaratus
390 1855 421 1908 in
448 1852 562 1907 celebri
589 1852 720 1921 epistola
744 1853 784 1908 ad
809 1857 1046 1922 procuratorem
1072 1867 1105 1920 ,a
1135 1852 1257 1922 syncdl‘
1283 1853 1325 1906 25.
1352 1851 1432 1908 icbr.

190 1936 215 1976 a.
235 1924 311 1977 1847.
332 1925 428 1976 missa
448 1925 660 1991 congessisset
679 1921 808 1990 (scilicet
831 1927 959 1992 apost.
983 1935 1062 1978 ean.
1083 1923 1131 1990 10;
1157 1923 1182 1976 2.
1206 1935 1282 1976 can.
1302 1921 1432 1976 Antio-

190 1991 334 2046 chense
361 1991 522 2060 synodi3
551 2007 575 2046 c.
599 1993 625 2046 6.
650 1991 761 2047 Laod.
787 1997 825 2047 et
847 2007 871 2047 c
896 1993 939 2047 33.
966 1991 1077 2048 Laod.
1102 1991 1249 2060 synod.)
1276 1992 1317 2059 (p.
1343 1993 1379 2060 4),
1400 2021 1431 2032 -

190 2061 340 2130 quidnam
372 2075 507 2116 canones
537 2061 687 2116 nominati
718 2063 943 2132 praescribant,
973 2061 1109 2118 Sokolov
1136 2060 1168 2115 in
1193 2059 1268 2115 uirit
1297 2059 1367 2115 illos
1391 2075 1430 2116 ue

192 2130 292 2184 solum
321 2128 493 2184 orauonem
519 2145 601 2186 cnm
628 2130 790 2188 haereticis
809 2137 842 2208 et
859 2129 1066 2186 schismaticis
1091 2075 1259 2200 prohlliere
1283 2133 1373 2184 osten
1397 2128 1430 2184 it.

295 2199 360 2253 Alia
380 2204 574 2268 argumenta,
601 2201 718 2286 quibus
737 2216 796 2271 pro
814 2201 963 2256 omnibus
991 2200 1144 2256 orandum
1170 2214 1240 2254 esse
1264 2197 1430 2255 ostendere

190 2270 307 2334 nititur,
321 2269 396 2324 baec
405 2269 546 2326 adducit:
566 2271 595 2336 a)
609 2269 640 2324 id
654 2269 752 2340 exigit
762 2270 876 2326 caritas
891 2268 1075 2337 christiana;
1095 2271 1119 2338 β)
1138 2270 1170 2324 id
1184 2283 1310 2340 quoque
1322 2271 1431 2338 praxis

190 2337 389 2393 ecclesiarum
411 2337 643 2408 particularium
664 2340 948 2408 (orthodoxarum),
967 2353 1045 2408 quae
1064 2355 1122 2409 pro
1142 2339 1336 2410 principibus
1356 2353 1430 2396 none

190 2407 373 2532 ppthodoxig
397 2412 497 2476 orant,
523 2410 648 2473 suadet;
672 2412 701 2482 γ)
718 2408 749 2463 id
775 2412 880 2479 ipsum
902 2425 925 2464 s.
948 2407 1071 2472 Paulus,
1099 2409 1207 2463 Patres
1235 2413 1265 2464 et
1284 2411 1432 2478 antiquae,

200 2479 334 2532 iuriae
375 2483 475 2532 ocent.

265 2492 334 2602 gUt
358 2551 463 2601 autem
491 2546 672 2602 scandalum
700 2547 807 2618 populi
833 2553 1065 2617 praecaveatur,
1091 2549 1170 2601 ritus
1196 2547 1344 2602 funebres
1370 2562 1427 2615 pro

189 2614 448 2671 non-orthodoxis
470 2615 636 2672 mutandos
654 2632 711 2672 aec
720 2633 783 2672 non
796 2616 828 2672 in
842 2617 969 2688 liturgia
984 2618 1132 2686 speciales
1148 2631 1206 2686 pro
1219 2618 1257 2670 iis
1270 2616 1427 2671 orationes

191 2683 353 2739 addendas
373 2699 443 2740 esse
461 2685 596 2741 consulit
613 2689 656 2756 (p.
674 2688 727 2756 31).

293 2755 418 2822 Auctor,
445 2759 480 2809 ut
510 2756 643 2823 videtur,
677 2772 740 2811 uon
768 2755 935 2826 distinguit
971 2755 1052 2812 inter
1082 2758 1254 2810 oraticnem
1284 2755 1428 2810 ecclesiae

190 2821 345 2947 publicam
364 2827 396 2878 et
414 2824 608 2894 singulorum
628 2826 794 2881 orationes.
814 2827 854 2882 Ut
873 2825 985 2880 caritas
1014 2824 1182 2879 christiana
1200 2824 1348 2884 salvetur.
1368 2823 1431 2879 sul-

214 2891 256 2945 cit
274 2895 301 2947 si
320 2894 467 2962 privatim
488 2910 545 2964 pro
565 2895 602 2950 iis
616 2911 707 2950 orare
725 2896 808 2958 licet;
829 2925 860 2934 -
875 2897 979 2959 imme,
994 2925 1024 2932 —
1039 2896 1070 2948 in
1084 2893 1210 2948 ecelesia
1229 2891 1378 2948 catholica
1397 2923 1430 2934 -·

191 2959 318 3030 liturgia
337 2963 454 3018 occulte
473 2981 531 3034 pro
550 2965 597 3032 iis,
616 2967 670 3034 qui
689 2966 771 3020 bona
790 2964 854 3020 tide
875 2963 988 3019 mortui
1009 2967 1090 3030 sunt,
1110 2966 1158 3030 (at
1182 2977 1249 3031 pro
1274 2964 1324 3016 iis
1353 2967 1431 3017 tau-

191 3035 281 3097 tum)
299 3032 504 3101 probabiliter
516 3034 625 3088 oiierri
641 3039 752 3104 potest.
773 3035 813 3089 Et
825 3035 894 3091 licet
905 3037 1114 3114 praeceptum,
1130 3031 1211 3100 quod
1227 3046 1285 3100 pro
1300 3034 1432 3086 mortuis

193 3098 309 3154 alienae
319 3102 478 3173 religionis
491 3103 661 3159 orationem
671 3104 824 3172 prohibet,
835 3102 1035 3171 disciplinare
1046 3105 1072 3157 si
1103 3107 1206 3156 tamen
1222 3115 1292 3155 cum
1303 3101 1431 3156 ecclesia

191 3169 338 3225 catholica
361 3179 428 3226 tum
451 3173 625 3229 orthodoxa
647 3189 741 3244 aegre
765 3173 796 3228 id
817 3176 975 3227 mutatura
1000 3177 1056 3226 est.
1110 3169 1219 3226 eclesia
1243 3173 1335 3236 euim,
1361 3185 1431 3225 cum

191 3241 276 3293 extra
301 3243 402 3309 ipsam
429 3242 513 3297 nulla
538 3242 577 3297 sit
596 3243 682 3297 salus
700 3244 849 3312 (exceptis
868 3244 923 3312 qui
942 3242 1023 3296 bona
1042 3240 1104 3296 side
1123 3240 1263 3308 fuerunt)
1284 3255 1342 3310 pro
1361 3238 1431 3293 toro

191 3313 318 3364 externo
342 3313 410 3365 iure
429 3327 483 3366 eos
502 3312 667 3367 damnatos
685 3327 755 3368 csse
772 3311 897 3367 iudicat.

297 3379 384 3442 Quae
404 3396 479 3435 vero
512 3387 622 3436 auctor
645 3382 684 3436 de
703 3386 812 3436 mutuo
832 3381 1030 3450 singularum
1059 3379 1292 3434 confessionum
1312 3377 1343 3432 in
1363 3379 1430 3434 dies

191 3454 357 3571 crgscetnte,
383 3450 654 3520 amoreyloquitur
681 3464 721 3520 tp.
750 3453 802 3518 13),
828 3450 902 3504 haec
922 3465 960 3506 ex
979 3449 1241 3504 indifferentismo
1267 3446 1431 3518 provenire

192 3531 222 3569 vi
247 3532 285 3572 en
300 3533 347 3572 ur.

297 3587 334 3640 it.
363 3588 554 3643 bluretov:
574 3589 654 3644 Iuda
667 3589 814 3658 predatel‘
828 3587 920 3656 (Iuda
935 3587 1097 3656 proditor).
1113 3586 1144 3652 I.,
1157 3587 1269 3646 32-63.
1284 3587 1432 3640 aie-‘ica

296 3656 453 3712 Nominati
485 3659 605 3712 articuli
645 3656 796 3730 longioris
827 3659 866 3713 de
894 3657 974 3712 Iuda
1004 3656 1213 3726 inquisitionis
1241 3653 1431 3710 continuatio

193 3725 345 3791 (nonduin
373 3727 472 3794 linita)
499 3733 581 3782 sunt.
607 3728 758 3784 Auctore
777 3729 913 3783 textibus
934 3741 957 3780 s.
979 3730 1160 3795 scripturae,
1185 3739 1262 3794 quae
1291 3730 1431 3794 tempore

191 3793 318 3849 ultimae
351 3811 443 3850 cenae
477 3796 662 3863 acciderunt,
700 3797 815 3866 colligit
844 3810 951 3865 eaque,
978 3795 1031 3850 ubi
1057 3811 1137 3866 opus
1162 3801 1217 3863 est,
1245 3793 1431 3850 eTalmude

192 3863 330 3932 explicat.
350 3865 471 3919 Pedum
491 3865 636 3920 lotionem
656 3881 713 3936 per
727 3865 887 3922 Christum
903 3871 1059 3933 peractam
1074 3869 1109 3918 ut
1122 3863 1326 3934 symbolicam
1342 3862 1432 3919 actio·

191 3947 261 3987 nem
275 3933 425 4003 concipit:
439 3936 543 4003 immo,
554 3938 695 3990 sincerus
708 3950 777 3990 esse
789 3950 826 3990 cu
850 3937 927 4002 tene,
942 3949 965 3987 s.
977 3934 1070 3988 Petro
1080 3935 1247 4004 quemdam
1262 3936 1431 4003 primatum

192 4000 347 4128 (5iptpl51ig5ip
366 4019 429 4058 uon
456 4007 565 4058 aetatis
590 4006 771 4072 primatum)
800 4019 817 4058 a
842 4005 980 4060 scribere
1007 4019 1070 4058 nou
1100 4003 1186 4058 timet
1214 4003 1261 4072 (ci.
1282 4019 1310 4072 p.
1329 4005 1370 4068 42,
1390 4005 1433 4072 43,

226 4113 233 4138 a
287 4114 293 4139 r
348 4079 368 4140 l·

294 4143 334 4197 st
352 4142 505 4211 quaedam
533 4143 710 4198 adnotanda
737 4143 901 4198 videntur:
934 4145 962 4208 α)
993 4143 1107 4197 Auctor
1134 4145 1164 4196 in
1194 4141 1278 4196 hisce
1306 4141 1431 4196 duobus

192 4211 338 4279 articulis,
358 4211 476 4267 nullius
495 4215 640 4279 auctoris,
659 4227 694 4268 ac
713 4211 739 4266 si
758 4227 851 4267 nemo
871 4213 928 4266 hac
947 4211 985 4266 de
1005 4228 1039 4268 re
1058 4217 1128 4266 ante
1147 4227 1217 4266 cum
1244 4213 1432 4292 scripsisset,

193 4283 382 4336 mentionem
403 4281 491 4347 iacit;
512 4282 644 4336 Talmud
663 4287 765 4336 autem
786 4281 873 4337 solus
893 4280 998 4336 omnia
1017 4280 1189 4350 explicasse
1208 4295 1270 4336 nou
1290 4280 1431 4345 videtum

194 4352 217 4414 β)
236 4349 380 4405 Dubitari
400 4352 492 4406 etiam
506 4351 583 4417 licet,
599 4366 673 4406 num
689 4351 768 4405 luda
786 4350 865 4418 ideo,
892 4350 978 4422 quod
1003 4350 1217 4420 apostolorum
1244 4363 1432 4404 oeconomus

193 4418 259 4484 tuit
279 4419 389 4476 ultimo
409 4421 476 4474 loce
495 4426 631 4490 ponatur
651 4421 698 4489 (ci.
718 4423 778 4490 57);
797 4437 827 4493 γ)
847 4421 934 4486 Quae
953 4419 992 4475 de
1011 4423 1105 4487 λάβετε
1118 4425 1147 4474 et
1160 4423 1273 4482 attacta
1295 4417 1434 4486 loquitur

195 4487 243 4553 (ci.
263 4505 292 4558 p.
311 4491 344 4544 67
363 4496 394 4544 ct
412 4492 485 4558 246),
505 4493 609 4544 minus
628 4496 711 4546 recta
730 4491 879 4546 videntur
897 4505 975 4545 esse.

298 4559 336 4613 it.
357 4559 521 4614 Tareev:
542 4548 654 4630 Zivyja
669 4561 750 4616 (lusi.
770 4561 873 4616 Oderk
895 4560 1133 4626 nravstvennyb
1153 4557 1190 4611 sil
1210 4556 1429 4626 sovremennoj

195 4625 305 4682 Roscii.
328 4629 480 4683 Homines
500 4632 649 4684 viventes.
670 4630 829 4694 Quaedam
849 4629 888 4684 de
908 4627 1007 4684 ethica
1025 4642 1108 4681 nuuc
1127 4629 1158 4681 in
1177 4625 1290 4680 Russia
1309 4628 1433 4694 vigente

193 4695 226 4763 l.,
244 4699 355 4754 63-89.
385 4699 512 4765 TareeV,
541 4699 640 4768 Gogol
671 4699 806 4766 imitans,
836 4713 939 4752 meres
968 4701 998 4752 in
1030 4696 1143 4751 Russia
1172 4711 1254 4748 nuuc
1282 4698 1432 4762 temporis
