3450 5342
646 451 687 464 -
713 423 773 478 169
799 451 837 465 .-

116 609 303 666 soluntatem
342 609 508 686 intelligere
542 611 644 686 potuit,
677 608 729 667 sed
764 631 851 668 uuam
887 619 1001 670 tantum
1036 611 1229 670 humanitatis
1263 612 1367 670 voluu-

115 709 212 754 tatem
246 695 402 766 intellexit,
440 711 471 755 ut
512 695 585 755 duas
618 695 764 770 humanas
802 697 970 756 voluntates
1006 700 1133 756 invicem
1171 708 1368 776 repugnantes

117 781 299 852 excluderet,
322 803 396 861 qnos
419 783 575 841 nonnullos
602 781 759 841 admittere
788 784 909 861 Sergius
940 787 1000 842 sais
1024 787 1055 844 in
1088 785 1195 868 litteris
1218 785 1367 864 siguifica-

116 873 222 926 verast
243 865 294 945 44).
333 871 408 927 Item
438 870 591 928 Palma:
630 869 812 941 ,Henetiam
842 870 879 928 de
910 891 968 930 una
997 871 1142 930 humanae
1167 881 1289 930 naturae
1312 873 1366 930 hu-

98 978 210 1046 ·mana
242 957 392 1014 voluntate
430 976 517 1033 agere
549 970 578 1014 et
611 959 722 1015 reicere
753 957 921 1018 voluntates
952 958 1097 1018 humanas
1120 958 1209 1029 duas,
1244 979 1368 1038 quarum

118 1045 215 1101 altera
237 1044 321 1100 alteri
352 1054 505 1121 repugnat,
526 1046 592 1121 ipsa
613 1046 677 1102 eins
700 1043 840 1122 loquendi
872 1047 946 1103 ratio
969 1044 1168 1106 demonstrat“
1189 1041 1242 1122 4⁸).
1267 1047 1367 1104 Etiam

120 1131 401 1188 Schneemann
431 1133 526 1208 primo
550 1131 611 1189 loco
635 1131 712 1190 lianc
735 1132 963 1210 explicationem
988 1135 1092 1210 ponit:
1133 1133 1225 1206 ,Cum
1250 1131 1368 1191 dicebat

118 1239 209 1276 onam
242 1217 333 1276 solam
365 1218 556 1279 voluntatem,
588 1217 617 1275 id
649 1217 686 1274 ad
717 1218 809 1276 solam
841 1233 976 1277 naturam
1009 1220 1166 1278 humanam
1192 1222 1223 1280 ia
1248 1220 1385 1287 Ohristo,

119 1305 299 1382 applicarit²
320 1300 372 1371 ⁴⁹).
394 1305 431 1362 ln
453 1303 556 1363 eadent
580 1305 779 1382 explicatione
802 1306 890 1364 valde
920 1308 1031 1364 insistit
1055 1307 1093 1364 H.
1117 1306 1367 1365 Oolombicr:

124 1393 179 1464 ,ln
204 1402 264 1448 toto
289 1391 346 1448 illo'
361 1412 448 1468 passo
478 1391 626 1450 llonorirrs
649 1391 687 1449 de
710 1392 861 1450 voluntate
893 1393 1022 1452 humanu
1045 1393 1189 1471 loquitar:
1221 1393 1299 1473 quod
1323 1403 1367 1452 est

120 1491 181 1536 tam
213 1477 345 1547 evidens,
369 1495 400 1535 ut
423 1499 482 1536 non
511 1481 582 1536 satis
605 1481 705 1536 mirari
737 1481 890 1557 possimne.
922 1479 1068 1558 quomodo
1099 1501 1227 1558 unquam
1252 1479 1288 1538 de
1312 1481 1368 1538 hae

119 1588 151 1624 re
175 1564 296 1622 duitium
320 1567 389 1622 oriri
413 1567 556 1642 potuerit*
573 1562 623 1641 ²³⁰).
646 1565 782 1624 'l'andem
798 1569 888 1624 etiam
912 1569 961 1645 qni
989 1569 1148 1625 novissime
1164 1570 1367 1646 qaaestionem

117 1653 333 1712 studiosissime
350 1654 541 1723 examinavit,
566 1652 589 1709 L
598 1651 790 1711 udovicus
812 1652 856 1711 dc
881 1657 963 1720 San,
987 1655 1161 1731 simpliciter
1184 1657 1226 1713 ita
1249 1657 1364 1713 statuit:

124 1742 235 1800 .llisee
257 1739 356 1796 ret-bis
372 1759 432 1796 non
447 1759 535 1796 tinam
553 1740 734 1798 voluntatem
757 1739 924 1798 divinitatis
948 1753 976 1798 ct
993 1742 1185 1800 humanitatis
1208 1743 1365 1814 intellexit,

125 1826 177 1885 seri
201 1847 289 1884 unam
314 1827 403 1884 solius
426 1826 619 1884 humanitatis
642 1827 855 1885 voluntatem“.
874 1824 914 1904 ot)

230 1917 279 1970 tiz).
306 1913 344 1971 [ft
367 1933 404 1969 ex
434 1913 533 1970 allatis
563 1925 713 1971 auctorum
741 1917 897 1972 sententiis
928 1930 1058 1992 apparet,
1089 1935 1152 1972 cnm
1184 1936 1243 1973 uno
1276 1915 1366 1974 verbo

117 2022 202 2058 snam
225 2013 354 2080 mentem
377 2002 542 2076 exprimere
565 2001 676 2070 volunt,
699 2002 772 2059 alii
797 2000 898 2059 dicunt
923 2002 1086 2060 Honorium
1112 2003 1189 2080 loqui
1207 2001 1243 2059 de
1261 2003 1364 2060 volun-

116 2099 178 2145 tate
196 2088 307 2146 Christi
323 2085 433 2157 divina,
451 2087 609 2145 humanam
627 2086 813 2165 negligendo,
829 2109 889 2146 non
911 2087 1055 2164 negando,
1076 2089 1110 2146 al
1121 2091 1147 2145 ii
1167 2089 1275 2160 dicunt,
1300 2110 1366 2148 eum

121 2175 202 2252 loqui
233 2175 328 2251 pretias
351 2173 388 2231 de
411 2175 549 2239 humana,
580 2174 767 2251 negligendo,
792 2197 850 2234 non
876 2175 1012 2253 negando
1043 2173 1185 2234 divinam.
1217 2177 1367 2246 Attamen,

120 2284 157 2318 ex
175 2275 216 2318 tot
240 2260 373 2318 sensibus
396 2260 585 2338 possibilibus
608 2273 637 2318 et
661 2264 692 2319 in
715 2265 860 2340 scriptura
883 2275 911 2320 et
926 2263 1085 2321 traditione
1105 2275 1132 2320 ct
1157 2266 1187 2320 in
1204 2266 1268 2342 ipsa
1290 2284 1368 2321 com-

120 2350 199 2406 moni
225 2349 449 2405 conversatione
473 2350 589 2405 usitatis
617 2352 837 2426 expressionem
866 2353 969 2420 ,unius
996 2351 1116 2408 Domini
1140 2351 1239 2408 Nostri
1265 2351 1368 2408 volun-

120 2437 207 2492 tatis*
243 2455 315 2491 non
347 2445 496 2492 tantum
530 2435 560 2491 hi
584 2434 656 2493 (luo
686 2437 718 2492 in
749 2435 1016 2494 considerationem
1052 2441 1195 2496 vestiunt:
1230 2437 1368 2496 voluntas

119 2543 178 2580 una
203 2521 314 2579 Christi
340 2520 477 2590 humana,
502 2523 637 2580 voluntas
653 2543 712 2580 nna
729 2522 841 2580 Christi
858 2523 973 2585 divina:
992 2526 1135 2601 imprimis
1153 2527 1218 2602 ipsa
1237 2527 1369 2602 acceptio

119 2608 255 2666 vocabuli
283 2612 392 2666 .una·'
421 2609 612 2666 vehementer
635 2609 866 2667 indeterminata
889 2618 917 2666 et
941 2609 1079 2684 ambigna
1109 2621 1161 2673 cst,
1192 2621 1287 2668 utram
1312 2614 1368 2668 sci-

120 2696 189 2753 lieet
219 2695 256 2752 dc
280 2697 393 2752 unitate
418 2699 568 2754 numerica
591 2717 629 2754 an
652 2696 689 2754 de
712 2697 810 2773 logica
844 2717 882 2754 un
915 2696 951 2754 dc
982 2697 1082 2754 morali
1110 2699 1222 2755 unitate
1257 2697 1368 2754 intelli-

121 2799 213 2860 gatur,
248 2785 318 2838 item
354 2797 448 2840 utram
481 2783 517 2840 de
541 2785 654 2842 unitate
679 2787 769 2860 ipsius
805 2783 967 2841 voluntatis
991 2805 1028 2840 aa
1052 2782 1088 2840 de
1113 2786 1226 2840 unitate
1250 2796 1367 2841 actuum

129 2873 190 2927 eius
213 2888 264 2926 sen
288 2871 498 2945 operationum,
521 2891 560 2928 an
583 2891 653 2926 vero
669 2870 706 2927 de
723 2873 836 2928 unitate
852 2872 1006 2928 etlectuum
1032 2870 1223 2946 intelligatur,
1248 2869 1367 2928 tandem

122 2972 216 3015 utrum
240 2969 269 3012 et
296 2960 420 3027 ¹amam*
448 2971 475 3012 et
504 2956 721 3027 ,voluntatem“
749 2968 776 3013 et
799 2958 938 3027 ,Domini
962 2957 1061 3015 Nostri
1087 2957 1296 3014 lesullhristi*
1324 2979 1369 3014 se-

122 3044 246 3103 cundnm
272 3057 405 3100 naturam
429 3043 541 3099 scilieet
564 3042 697 3100 divinam
729 3043 777 3100 vel
801 3043 960 3102 humanam
986 3046 1031 3102 vel
1056 3054 1208 3122 utramque
1232 3065 1249 3102 a
1272 3048 1368 3124 capite

124 3131 159 3189 ad
183 3131 293 3189 calcem
318 3131 468 3206 utriusque
484 3130 626 3207 epistolae
650 3138 820 3187 constanter
843 3129 946 3188 eodem
971 3152 1058 3188 sensu
1083 3134 1218 3209 accipiat.

228 3219 313 3274 llauc
337 3216 626 3274 difficultatem
650 3219 739 3274 ctiam
763 3217 831 3274 illos
854 3229 987 3275 auctores
1018 3221 1199 3288 sensisse,
1227 3228 1307 3296 patet
1330 3239 1367 3275 cx

123 3306 316 3363 haesitatione
351 3303 478 3382 qrradam
512 3307 543 3361 ia
567 3325 619 3362 saa
642 3307 791 3361 sententia
824 3302 1010 3381 explicanda,
1035 3315 1061 3362 et
1087 3307 1217 3363 maxime
1253 3327 1290 3361 cx
1325 3327 1367 3376 co,

123 3390 199 3468 qrtod
222 3391 413 3468 explicationi
439 3411 508 3448 sanc
532 3392 689 3468 primariae
713 3391 761 3448 vel
778 3389 981 3448 secundariam
1006 3391 1154 3468 <parandam
1179 3391 1301 3453 addunt.
1327 3394 1369 3448 ita

124 3493 151 3535 ut
175 3479 276 3534 lectori
300 3481 448 3554 opnionem
472 3480 550 3534 iuter
571 3490 724 3555 atramque
749 3477 925 3554 relinquant,
950 3478 998 3534 vel
1014 3487 1114 3536 uotam
1130 3479 1269 3555 aliquam,
1293 3499 1368 3554 qtrrrc

124 3567 299 3622 sententiam
323 3567 500 3641 propositam
526 3568 555 3622 in
577 3585 629 3621 sua
644 3565 834 3641 simplicitate
851 3575 880 3620 et
897 3567 1023 3642 puritate
1040 3575 1117 3622 staro
1135 3585 1192 3622 non
1208 3567 1368 3642 permittat.

228 3652 294 3709 lluo
318 3654 466 3728 pertinent
502 3652 553 3708 illa
583 3651 675 3709 verbu
710 3651 871 3710 Hcfelc:
912 3651 1079 3709 .Honorias
1115 3654 1191 3710 inter
1225 3654 1367 3708 unitatem

124 3737 277 3816 physicam
301 3748 329 3794 et
353 3738 492 3796 moralem
517 3759 575 3795 raon
592 3737 778 3815 ‹listingnit²,
802 3737 873 3816 qnid
893 3741 999 3812 igitur:
1024 3739 1102 3796 Num
1125 3740 1199 3796 forte
1219 3739 1367 3796 Honorius

126 3828 154 3882 in
177 3845 317 3902 suspenso
351 3826 498 3902 relinquit,
532 3836 627 3882 utram
661 3827 759 3883 unitas
783 3826 943 3883 voluntatis
978 3825 1106 3896 divinae,
1141 3846 1227 3903 quam
1251 3828 1314 3903 ipso
1338 3827 1368 3882 in
1437 3859 1439 3864 ,

127 3912 242 3969 Christo
278 3911 435 3988 profitetur.
459 3915 496 3968 sit
521 3911 645 3990 physica
668 3911 716 3968 rel
739 3913 880 3970 moralis?
915 3913 992 3970 Num
1018 3913 1098 3970 nullo
1122 3912 1208 3970 modo
1239 3911 1369 3972 ostendit

126 4021 154 4056 se
198 3998 364 4075 intelligere
397 3999 479 4055 illam
514 3998 677 4076 physicam,
710 4011 759 4056 aut
793 4021 862 4057 vero
897 3999 1057 4056 moralem?
1095 3999 1159 4058 Hac
1194 4000 1245 4057 illa
1280 3999 1370 4058 verbu

125 4087 271 4165 'l'hytsi
296 4088 321 4139 e
332 4086 506 4144 orizalea:
535 4085 651 4144 „litam
675 4086 728 4163 (sc.
744 4085 924 4154 humanam),
948 4089 1068 4144 omnino
1084 4086 1246 4144 subiectam
1264 4088 1366 4156 volun:

126 4175 176 4229 tati
199 4173 358 4231 ‹lirinac“:
392 4195 461 4249 ergo
496 4176 598 4230 iterum
624 4193 682 4230 non
706 4171 779 4230 adeo
810 4194 910 4230 verum
943 4183 994 4242 est,
1032 4174 1195 4231 Honoriurn
1219 4173 1255 4230 de
1279 4175 1367 4232 alter-

126 4273 188 4316 utra
210 4272 324 4318 tantum
348 4260 499 4318 voluntate
523 4260 619 4336 loqui:¹
644 4261 771 4336 loquitur
794 4259 954 4317 secundom
979 4261 1057 4318 hunc
1080 4275 1233 4318 auctorcm
1258 4259 1295 4318 dc
1319 4261 1372 4318 hu·

171 4446 207 4511 ⁴⁷)
227 4449 268 4500 lte
287 4450 315 4501 ri
336 4463 370 4500 ac
389 4447 501 4499 ratione
524 4447 670 4499 Primatus
688 4446 748 4498 282.

172 4518 207 4581 ⁴⁸)
227 4518 439 4572 Praelectiones
458 4516 597 4568 historiae
617 4515 841 4568 ecclesiasticae.
862 4516 903 4580 ll,
923 4515 982 4569 tta.

172 4586 207 4688 ⁴3)
228 4576 319 4676 titudo
338 4603 388 4638 sur
405 4587 434 4638 ia
447 4587 580 4691 ‘lugi'tl‘m
596 4586 779 4650 d'HonoriuS,
794 4585 906 4637 traduit
922 4586 958 4636 tle
977 4587 1161 4654 l’hlicmand,
1181 4587 1269 4653 Paris,
1289 4600 1315 4651 p.
1328 4584 1371 4637 91.

173 4656 211 4787 ‘ill
228 4655 427 4780 liisulllhscidiidl
437 4656 466 4777 dt
484 4657 669 4777 dibltomano
689 4723 826 4775 Pontitiee
846 4722 922 4775 190¹*⁸
