3450 5342
702 267 898 324 -223-

159 453 207 512 de
232 453 299 525 lide,
331 453 446 512 haeresi
471 452 514 531 (1.,
538 455 675 523 49-75,
710 455 877 517 92-135:
908 455 957 519 ll..
989 452 1180 535 115-165),
1203 455 1239 514 dc
1262 456 1423 515 schismate

162 543 214 613 (L,
248 543 392 615 'ib-923
423 541 471 612 ll,
503 542 676 618 tta-177),
706 540 743 599 de
777 541 896 600 Iudaeis
927 543 972 617 (1,
1005 545 1197 622 raa-154),
1228 541 1266 600 de
1296 546 1422 622 paganis

162 629 215 706 (I,
243 628 424 703 154-163)
449 631 616 706 inquiritur.

281 713 369 790 Quod
393 715 564 792 religiosum
587 717 738 794 utriusque
769 715 916 774 ecclesiae
946 725 1054 775 statam
1077 718 1192 787 attinet,
1216 713 1377 775 secundum
1400 737 1422 775 s.

163 801 376 880 Chrysostomi
411 821 508 880 opera,
542 801 705 880 utrobique,
740 803 927 860 Antiochiae
957 823 1063 881 nempe
1093 812 1123 862 et
1155 803 1421 881 Constantinopoli,

163 888 345 966 templorum
374 891 513 960 visitatio,
544 891 685 948 orationis
716 909 798 948 amor
827 921 870 932 -
896 889 996 967 O-poli
1024 890 1113 968 paulo
1143 893 1247 960 minor,
1280 924 1321 934 —
1349 911 1418 948 con-

164 978 283 1034 tionum
308 975 503 1052 frequentatio
519 978 605 1034 simul
621 993 686 1034 eum
703 975 854 1054 plausibus
875 978 983 1035 oratori
998 975 1117 1036 tributis
1139 978 1241 1055 magni
1257 975 1422 1035 habebatur

166 1075 202 1120 et
228 1061 447 1120 observabatur.

275 1149 312 1206 In
335 1148 568 1208 aberrationibns
591 1169 608 1207 a
631 1148 689 1207 fide
720 1161 781 1208 tum
809 1149 911 1226 C-poli
940 1158 1000 1208 tnm
1025 1150 1205 1208 Antiochiae
1233 1149 1325 1209 iidem
1359 1171 1421 1208 cer·

170 1246 284 1293 nnntur
307 1255 435 1294 errores:
459 1236 659 1315 frequentiora
691 1239 866 1295 emittuntur
897 1238 1062 1296 iuramenta
1084 1239 1174 1296 etiam
1197 1257 1263 1295 cum
1287 1239 1422 1296 veritatis

171 1321 315 1393 laesione,
340 1357 381 1366 -
404 1323 526 1382 eaedem
557 1322 703 1381 habentur
732 1326 972 1402 superstitiones3
997 1324 1183 1383 —eaedem
1213 1344 1329 1402 quoque
1352 1324 1422 1381 hae-

172 1402 256 1468 reses
280 1421 458 1486 grassantur.
483 1409 663 1469 Antiochiae
686 1413 781 1488 magis
804 1410 842 1468 ad
858 1411 968 1470 cultum
993 1421 1146 1470 externum
1171 1431 1258 1489 quam
1274 1410 1313 1468 ad
1328 1412 1422 1468 vitam

172 1498 323 1555 internam
342 1495 556 1568 attendebatur,
582 1533 621 1540 -
640 1497 732 1557 fatum
751 1518 868 1577 qnoque
891 1497 1103 1556 observabatur
1118 1498 1166 1575 (cf.
1182 1498 1214 1568 l.‚
1231 1499 1281 1556 59.
1298 1497 1368 1574 67);
1382 1532 1422 1539 —

174 1583 433 1662 Constantinopoli
465 1605 535 1642 vero
565 1596 683 1664 propter
712 1585 783 1643 oleri
810 1604 980 1662 perversam
1010 1587 1103 1642 vitam
1126 1584 1250 1662 populus
1280 1583 1368 1642 fidem
1392 1593 1422 1642 et

166 1681 356 1728 sacramenta
377 1673 460 1749 parvi
492 1669 621 1730 habebat
643 1671 704 1751 (ll,
735 1673 795 1730 120
818 1671 904 1751 sqq),
928 1705 970 1714 —
992 1669 1170 1750 baptismum
1193 1691 1414 1750 nonnumquam

174 1777 268 1834 usqne
292 1757 328 1814 ad
353 1768 475 1816 mortem
498 1757 653 1817 differebat
675 1759 737 1836 (11,
763 1760 823 1818 126
847 1758 912 1836 sq).

281 1845 481 1915 Differentiae,
514 1846 538 1903 si
562 1864 637 1923 quae
666 1856 757 1918 erant,
781 1848 812 1904 in
836 1844 1015 1916 excessibus,
1045 1843 1154 1902 locales
1182 1845 1421 1902 circumstantiae

170 1929 354 1990 efficiebant.
385 1931 474 1989 Velut
506 1932 764 2010 Constantinopoli
795 1933 1031 1990 Novatianorum
1061 1941 1141 1990 secta
1171 1951 1239 1990 suos
1261 1930 1421 2009 discipulos

173 2016 312 2086 habebat,
336 2018 514 2076 Antiochiae
538 2039 597 2076 non
619 2018 750 2078 habebat
772 2017 834 2099 (11,
859 2021 921 2078 155
944 2019 1029 2097 sqq).
1053 2019 1093 2076 Et
1116 2025 1219 2076 eontra
1241 2017 1421 2075 Antiochiae

169 2104 248 2162 alter
271 2105 395 2162 alterum
418 2103 600 2168 anathemati
625 2105 768 2164 tradebat.
792 2105 877 2182 Quae
900 2104 1079 2164 consuetudo
1102 2125 1140 2162 cx
1160 2104 1215 2162 hoc
1235 2104 1315 2162 tonte
1331 2105 1420 2180 origi-

173 2211 242 2249 nem
279 2190 377 2250 ducit:
409 2192 580 2263 Eustachio,
611 2192 774 2252 orthodoxo
804 2195 951 2271 episcopo,
982 2193 1073 2271 pulso,
1104 2192 1235 2251 Arianns
1265 2193 1420 2269 episcopus

170 2278 309 2355 eligitur3
333 2291 364 2336 at
387 2279 533 2350 catholici,
562 2280 758 2338 Eustachiani
782 2278 862 2350 dieti,
886 2281 1064 2338 Asianorum
1088 2281 1241 2357 episcopos
1264 2267 1421 2336 admittere

175 2374 318 2436 recusant,
350 2367 440 2448 immo
471 2375 501 2423 et
531 2366 692 2436 Meletium,
723 2387 788 2426 cum
820 2377 849 2424 et
879 2369 943 2445 ipse
974 2365 1011 2424 ab
1035 2368 1157 2424 Arianis
1191 2366 1302 2423 electus
1333 2373 1419 2435 esset,

169 2450 318 2530 quaedam
351 2452 620 2510 Eustachisnorum
652 2473 719 2530 pars
744 2454 874 2532 recipere
896 2456 1000 2512 renuit.
1030 2453 1152 2512 Meletio
1175 2451 1213 2510 ab
1237 2453 1359 2510 Arianis
1382 2471 1420 2509 er

175 2537 247 2596 urbe
281 2539 390 2616 fugato,
424 2539 563 2598 catholici
595 2560 613 2596 a
643 2539 756 2598 dnobus
788 2539 969 2619 presbyteris
1003 2539 1188 2616 regebantur,
1223 2536 1420 2596 Eustachiani

175 2645 281 2704 nempe
310 2646 327 2683 a
354 2625 489 2698 Paulino,
521 2627 676 2684 Meletiani
706 2648 724 2684 a
753 2627 909 2684 Flaviano.
943 2626 1019 2684 Cum
1052 2627 1191 2684 Meletius
1225 2624 1418 2684 Antiochiam

174 2711 318 2780 rediisset,
353 2713 496 2772 Paulinus
530 2713 706 2790 dignitatem
739 2733 821 2771 suam
856 2713 1003 2791 deponere
1035 2713 1145 2785 noluit5
1179 2711 1288 2790 hicque
1322 2731 1419 2770 rernm

175 2808 267 2857 status
291 2797 400 2857 diutius
424 2799 565 2868 durasset,
588 2803 646 2858 nisi
669 2799 789 2858 tandem
813 2821 859 2858 res
875 2802 918 2858 sic
934 2802 1096 2878 composita
1117 2807 1203 2870 esset,
1225 2809 1257 2856 ut
1280 2798 1419 2857 alterutro

176 2897 288 2944 mortuo
312 2885 343 2961 (i.
366 2907 390 2944 e.
414 2887 541 2945 Paulino
563 2887 611 2945 vel
635 2883 768 2966 Meletio)
792 2887 868 2945 alter
889 2885 927 2944 ab
950 2884 1086 2944 omnibus
1109 2883 1281 2944 orthodoxis
1300 2896 1332 2942 nt
1347 2885 1420 2962 legi-

177 2975 265 3030 timus
288 2975 443 3051 episcopus
466 2983 681 3052 agnosceretur.
696 2975 742 3032 Nc
756 2995 827 3032 vero
844 2976 999 3052 quisquam
1022 2973 1220 3051 episcopalem
1243 2970 1419 3048 dignitatem

178 3059 273 3118 futuro
296 3069 426 3138 tempore
456 3059 588 3132 ambiret,
620 3061 779 3119 anathema
807 3060 918 3118 dictum
942 3069 986 3118 est
1009 3062 1045 3132 ei,
1069 3061 1119 3137 qni
1143 3059 1220 3117 hanc
1243 3057 1420 3134 dignitatem

174 3144 286 3204 duobus
309 3147 369 3205 illis
393 3147 564 3206 viventibus
587 3147 711 3204 ambiret
735 3148 783 3206 vel
800 3148 974 3205 electionem
999 3154 1173 3224 acceptaret.
1197 3146 1239 3202 At
1257 3145 1420 3215 Meletiani,

173 3233 362 3292 anathemate
385 3254 444 3292 non
467 3233 610 3305 obstante,
634 3245 699 3312 post
722 3235 835 3292 Meletii
860 3243 992 3302 mortem,
1015 3233 1142 3292 Paulino
1164 3233 1294 3301 vivente,
1318 3231 1420 3288 Flavi-

175 3340 262 3378 anum
294 3322 325 3378 in
355 3323 524 3399 episcopum
555 3322 723 3398 clegerunt;
751 3341 849 3380 eorum
874 3320 1042 3398 exemplum
1065 3329 1131 3398 post
1152 3318 1273 3377 Paulini
1296 3327 1419 3375 mortem

174 3415 204 3464 et
225 3407 395 3465 Pauliniani
427 3410 518 3466 secuti
543 3409 633 3466 alium
658 3405 845 3488 (Euagrinm)
870 3407 908 3466 ad
932 3407 1128 3486 episcopalem
1152 3405 1328 3482 dignitatem
1352 3423 1420 3462 eve-

178 3502 289 3551 xerunt.
321 3494 393 3552 Post
415 3495 537 3572 Euagrii
569 3505 691 3554 mortem
722 3497 886 3554 Flavianus
910 3494 1029 3573 quidem
1052 3493 1089 3552 ab
1112 3490 1248 3551 omnibns
1271 3501 1303 3549 ut
1331 3511 1419 3548 verus

180 3581 331 3658 episeopus
361 3584 479 3658 agnitus
508 3593 560 3653 est,
591 3615 633 3624 -
663 3593 693 3640 at
717 3583 765 3640 hic
796 3582 995 3640 anathematis
1024 3601 1093 3639 usus
1123 3582 1244 3657 eiusque
1267 3577 1420 3654 neglectus

178 3667 250 3726 fixus
274 3670 305 3724 in
329 3668 581 3726 Antiochenorum
606 3669 753 3727 mentibus
776 3671 886 3727 mansit
908 3677 996 3746 atque
1019 3668 1145 3726 similem
1168 3663 1278 3744 agendi
1300 3662 1420 3722 modum

178 3757 350 3832 propagavit
372 3753 417 3834 (1,
442 3757 481 3814 86
499 3752 584 3836 sqq).
609 3755 867 3833 Constantinopoli
878 3775 1030 3833 pauperes,
1053 3765 1085 3813 ut
1100 3755 1321 3831 eleemosynam
1337 3749 1420 3808 effia-

178 3843 310 3918 gitarent,
334 3861 422 3920 saepe
445 3841 678 3901 adiurationibus
701 3842 867 3900 utebantur.

283 3928 382 4005 O-poli
406 3945 435 3986 et
457 3929 637 3987 Antioohiae
661 3929 790 3987 schisma
813 3927 989 3987 habebatur:
1013 3927 1062 3985 hic
1084 3926 1239 3984 Meletiani
1262 3934 1292 3983 et
1315 3925 1423 3984 Eusta-

177 4015 274 4072 chiani
298 4011 348 4094 (cf.
371 4012 480 4096 snpra),
504 4050 544 4059 -
568 4016 630 4075 illio
653 4017 808 4074 Ioannitse
831 4035 989 4093 eommque
1013 4012 1184 4074 adversarii.
1208 4012 1421 4093 Chrysostomo

182 4099 306 4159 secunda
329 4102 394 4159 vice
417 4104 448 4161 in
472 4103 609 4161 exsilium
632 4105 729 4173 misso,
753 4105 803 4181 qui
828 4123 893 4161 cunr
917 4098 1154 4180 ipsotenebant,
1173 4098 1211 4158 ab
1226 4101 1290 4158 eius
1306 4120 1421 4158 succes-

181 4187 289 4246 soribus
314 4189 437 4248 Arsacio
459 4200 489 4247 et
512 4191 613 4248 Attico
637 4209 739 4248 severe
761 4189 965 4248 tractabantur
990 4187 1048 4265 [II.‚
1074 4190 1134 4246 172
1159 4182 1244 4266 sqq).

283 4276 519 4334 Antiochiae-
536 4297 594 4334 non
608 4276 707 4354 C-poli
726 4311 765 4318 -
783 4275 996 4334 iudainantium
1017 4282 1098 4336 secta
1112 4284 1175 4333 erat
1191 4273 1236 4350 (L.
1262 4273 1321 4329 135
1334 4268 1421 4350 sqq).

182 4361 355 4420 Antiochiae
379 4383 493 4441 quoqne
510 4365 618 4440 pagani
641 4383 693 4422 sua
715 4365 780 4420 iura
802 4364 980 4441 plenamque
995 4361 1163 4421 libertatem
1185 4361 1218 4417 in
1233 4362 1294 4418 suis
1316 4357 1421 4416 ritibus

175 4447 345 4506 exercendis
368 4449 556 4527 postulabant
578 4460 607 4507 et
630 4471 682 4527 pro
704 4451 741 4508 iis
765 4453 906 4508 acerrime
922 4448 1092 4518 certabant,
1116 4480 1158 4490 -
1171 4446 1270 4524 c-pou
1293 4446 1419 4523 paganis

178 4537 306 4592 suaviter
329 4534 417 4614 idque
440 4555 504 4594 oum
530 4557 665 4595 successu
689 4537 876 4614 euangelium
900 4535 1094 4614 praedicatur.
