3450 5342
877 359 1046 416 -;')2...

340 541 475 612 ucebnoj
512 541 661 610 relormy,
696 557 716 610 p
753 542 932 595 test-1661.
962 539 1184 609 Proponuntur
1216 538 1344 609 quidam
1374 537 1457 593 modi
1486 539 1577 593 reior-

341 609 528 666 mandorum
543 609 784 665 seminariorum
802 615 833 663 et
852 609 1029 664 scholarum
1042 607 1258 678 spiritualium.
1271 639 1303 647 -
1314 607 1338 663 1.
1348 608 1390 672 V,
1404 608 1576 668 SVostolm.

341 695 371 750 p.
387 681 567 736 1676-1678.
580 679 694 734 Gazeta
707 683 802 745 llarpt3
819 678 937 734 insistit
952 678 1148 734 universitati
1163 679 1298 734 Graecae
1313 676 1577 746 Constantinopoli

340 748 790 874 titttd³tttlt⁰0⁰3ll¹ttt⁸
804 747 1578 884 ‘tttthtrttttlttiltttattttttthtt

341 917 375 929 -
401 887 432 944 S.
459 887 503 951 G.
536 886 585 942 Ob
614 833 819 970 agynovleniij,
848 887 909 941 lrak
942 886 1126 958 prepjatsvii
1156 887 1176 940 k
1207 886 1317 952 braim,
1348 902 1375 956 p.
1403 887 1580 942 teat-1705.

343 957 401 1025 (De
429 954 620 1012 matrimonii
653 956 877 1026 impedimento
905 956 989 1038 quod
1019 971 1057 1012 ex
1091 954 1257 1024 adoptione
1290 955 1411 1024 oritur).
1439 953 1583 1011 Collectio

343 1026 489 1082 materiae
507 1026 547 1081 ad
565 1025 781 1107 quaestionem
801 1025 895 1080 huius
914 1023 1127 1095 impedimenti
1149 1024 1341 1080 solvendam.

444 1096 471 1150 V
498 1095 616 1152 zasdttu
651 1095 746 1177 staroj
782 1094 942 1166 duhovnoj
977 1095 1077 1163 ekoly,
1110 1111 1138 1164 p.
1171 1095 1349 1150 1731-1734.
1374 1092 1424 1160 (Iu
1453 1092 1580 1148 tutelam

341 1165 485 1238 antiquae
513 1165 637 1220 scholae
666 1163 838 1234 spiritalis).
875 1165 991 1219 Auctor
1020 1163 1183 1232 pristinam
1218 1163 1356 1218 scholam
1389 1161 1582 1232 spiritualem

339 1240 449 1290 contra
467 1239 681 1303 contemptum
700 1241 730 1288 et
748 1233 919 1288 calumnias
940 1233 1033 1288 modo
1053 1249 1145 1302 saepe
1164 1233 1289 1302 saepius
1316 1234 1443 1287 iteratas
1468 1236 1582 1286 tuetur.

344 1303 451 1375 Magni
481 1304 586 1372 legum
615 1309 796 1358 exoratores
831 1301 1049 1384 (Sperauskiil.
1078 1302 1197 1372 egregii
1225 1307 1376 1368 oratores,
1404 1299 1585 1370 scriptores,

345 1373 529 1443 publicistae
548 1372 801 1444 (Dobroljubor),
820 1373 937 1441 crnibus
954 1371 1067 1428 Ruseia
1082 1372 1113 1427 in
1128 1371 1250 1426 saecula
1263 1378 1384 1440 gratam
1401 1369 1583 1425 memoriam

347 1443 495 1509 servabit,
524 1457 563 1497 ex
587 1442 679 1497 hacce
710 1440 815 1496 schola
849 1444 969 1510 egressi
999 1447 1080 1497 sunt.
1107 1441 1185 1496 Fere
1212 1455 1322 1496 omnes
1348 1442 1415 1494 eius
1439 1437 1585 1508 discipuli

344 1511 505 1568 idealistae
533 1517 622 1566 erant
651 1526 764 1580 inagna
792 1509 823 1564 vi
855 1511 965 1564 morali
995 1509 1128 1592 praediti
1154 1515 1185 1564 et
1214 1509 1365 1579 singulari
1399 1507 1586 1564 eruditionis

343 1581 594 1636 conceutratione
612 1580 733 1635 imbuti.
753 1580 785 1634 Si
800 1579 906 1634 schola
925 1579 1098 1650 spiritualis
1113 1579 1205 1634 modo
1219 1579 1419 1634 reformanda
1432 1579 1470 1632 ad
1484 1577 1586 1632 instar

343 1650 489 1721 antiquae
508 1649 662 1705 eiusmodi
681 1649 767 1704 viros
781 1649 934 1716 educabit,
954 1655 1027 1704 tunc
1041 1649 1167 1704 demum
1181 1648 1250 1704 laus
1264 1649 1290 1704 ei
1305 1647 1364 1703 erit
1377 1647 1585 1702 attribuenda

449 1721 481 1775 P.
500 1719 593 1774 Gor'
605 1719 713 1788 utillo,
735 1717 867 1774 Cerlsov'
888 1719 1033 1790 svjatago
1048 1719 1201 1773 lilimenta
1216 1735 1234 1772 v
1249 1717 1345 1784 idme,
1361 1733 1389 1788 p.
1405 1717 1587 1772 1749-1750.

343 1789 494 1858 (Ecclesia
525 1804 548 1842 s.
582 1735 749 1844 {ilementis
781 1787 918 1854 Romae).
955 1786 1180 1844 Rectilicantur
1206 1787 1359 1858 quaedam
1388 1787 1426 1840 de
1458 1785 1587 1865 basilica

344 1875 369 1915 s.
384 1859 551 1915 Clementis
565 1858 670 1912 miuus
683 1862 825 1912 accurate
838 1858 980 1926 exposita
995 1858 1027 1912 in
1042 1857 1172 1912 articulo
1187 1857 1218 1912 C.
1235 1857 1417 1912 'l'homenko
1433 1855 1583 1926 »Pamjatr

343 1928 587 1999 Bosnijskagoe
612 1927 723 1996 iskopa
741 1925 839 1980 Iosila
858 1915 1111 1998 Strossmajera«,
1132 1925 1222 1984 Gerk.
1233 1927 1306 1982 ved.
1320 1927 1366 1982 No
1377 1927 1430 1992 35).
1451 1955 1472 1964 -
1488 1925 1522 1979 V.
1534 1925 1585 1980 Sa·

343 1997 470 2064 muilov,
485 1943 640 2066 Rjasossa
660 2013 688 2065 p.
704 1997 884 2052 rtet-1789.
899 1996 943 2052 De
958 1997 1025 2050 iure
1044 1996 1184 2052 habitum
1199 1995 1375 2066 regularem
1389 2001 1461 2050 ante
1479 2009 1586 2049 couse-

342 2065 512 2122 crationem
527 2065 728 2120 monasticam
757 2065 945 2134 postritenie
965 2082 983 2120 v
1001 2065 1136 2135 monahit
1155 2065 1298 2146 gestandi
1318 2069 1469 2120 tractatus
1489 2064 1585 2118 histo·

344 2136 478 2192 ricus-
490 2135 516 2191 Ο
530 2135 786 2203 preobranovauii
796 2134 996 2204 cerkovnago
1006 2135 1203 2218 upravlenrja
1214 2151 1233 2189 v
1245 2134 1349 2190 Rossii
1360 2149 1399 2188 na
1411 2134 1584 2188 sobornom

342 2206 456 2272 natale,
471 2221 498 2274 p.
513 2205 684 2260 1897-1905
706 2205 764 2269 (De
777 2204 1054 2260 transformatione
1067 2204 1289 2260 ecclesiasticae
1299 2202 1586 2258 administrationis

344 2275 476 2330 Russiae
495 2275 667 2330 secundum
686 2273 874 2343 principium
895 2273 1048 2342 synodale
1060 2273 1223 2329 iaciendal.
1235 2273 1405 2343 Collegium
1421 2271 1450 2328 S.
1465 2270 1586 2342 Synodi

342 2343 508 2426 dirigentis
527 2343 724 2399 oecumenico
739 2343 869 2399 concilio
886 2343 1018 2398 Russiae
1033 2344 1234 2398 convocando
1247 2343 1366 2410 favens,
1403 2343 1585 2398 uacstioues

344 2429 476 2470 maxume
494 2418 641 2484 urgentes
659 2427 691 2467 ln
710 2413 780 2482 ipso
800 2413 1037 2482 pertractandus
1083 2427 1136 2467 rae
1159 2411 1268 2468 aravit
1288 2412 1374 2477 Quae
1415 2412 1441 2466 ic
1459 2425 1586 2466 enume-

343 2487 462 2538 rantur.
475 2483 524 2536 Ob
538 2489 714 2551 temporum
729 2480 860 2538 iniurias
875 2487 989 2550 tamen,
1003 2429 1116 2552 quiens
1158 2483 1242 2537 ussia
1256 2482 1400 2550 agitatur,
1411 2481 1587 2550 imperator

342 2552 505 2608 concilium
525 2552 565 2607 ad
584 2551 686 2621 aptius
706 2558 831 2620 tempus
850 2555 1041 2622 prorogavit.

446 2623 480 2675 ll.
495 2621 576 2676 illul¹
587 2637 626 2676 ce
636 2638 663 2688 v,
685 2620 711 2674 l(
722 2620 822 2675 istorii
835 2621 1111 2676 starokatolideslra
1123 2637 1153 2674 ro
1166 2619 1321 2690 dviienija
1341 2637 1359 2674 v
1374 2619 1475 2686 Frage
1494 2636 1514 2673 v
1530 2618 1586 2673 Bo-

342 2691 446 2762 gemii,
465 2707 494 2760 p.
514 2693 685 2746 1905-1915
704 2691 762 2757 (hd
781 2691 944 2746 historiam
965 2639 1329 2745 veterocat‘holicimotus
1349 2689 1469 2757 Pragae
1488 2688 1585 2743 Bobe-

343 2763 486 2827 morum).
512 2760 770 2815 Veterocatholica
798 2759 930 2814 societas
957 2759 1075 2828 Pragae
1101 2775 1209 2829 preces
1229 2759 1258 2814 S.
1279 2757 1407 2829 Synodo
1434 2755 1585 2828 dirigenti

343 2829 592 2952 Petropolitanae
611 2829 783 2898 proposuit,
802 2830 920 2899 qulbus
935 2831 994 2884 sub
1008 2829 1100 2884 certis
1114 2827 1349 2884 condicionibus
1369 2827 1583 2906 receptionem

342 2899 374 2954 in
393 2898 551 2953 eccesiam
580 2900 788 2953 orthodoxam
860 2897 997 2953 stulavit.
1023 2898 1052 2954 S.
1071 2898 1218 2967 Synodus
1244 2899 1301 2953 hac
1325 2898 1356 2952 iu
1383 2913 1416 2952 re
1442 2896 1583 2952 societati

342 2967 617 3023 veterocatholicae
647 2967 796 3037 Prageusi
827 2967 936 3022 itteras
957 2967 1048 3037 misit,
1068 2983 1148 3038 quae
1173 2971 1254 3022 inter
1278 2967 1412 3022 ellationi
1432 2969 1581 3034 (protest)

341 3037 480 3092 eiusdem
499 3037 655 3092 societatis
674 3038 712 3091 ad
734 3037 764 3091 S.
784 3038 946 3106 Synodum
966 3037 1100 3092 directae
1120 3053 1229 3092 ansam
1272 3036 1413 3092 ederunt.
1443 3039 1584 3092 Societas

340 3107 478 3162 declarat
496 3123 604 3176 preces
618 3106 695 3161 istas
709 3107 833 3161 nonnisi
847 3122 864 3161 a
878 3106 1067 3176 quibusdam
1089 3107 1236 3162 membris
1256 3105 1412 3162 societatis
1426 3108 1466 3163 ab
1479 3106 1585 3160 ortho

341 3178 422 3232 doxo
445 3177 605 3231 sacerdote
628 3176 758 3246 Ryikov
782 3177 902 3245 Pragae
924 3175 1056 3246 degente
1083 3175 1240 3246 instigatis
1266 3176 1448 3246 suppositas
1475 3175 1584 3230 luisse.

343 3247 557 3316 Quadraginta
587 3250 656 3300 octo
688 3245 949 3300 vetere-catholici
983 3245 1100 3300 iuterea
1124 3245 1157 3300 in
1183 3246 1342 3301 eeclesiam
1371 3245 1582 3300 orthodoxam

340 3316 486 3386 ingressi,
506 3331 574 3370 curu
596 3314 744 3369 certiores
765 3314 835 3369 iacti
854 3314 998 3370 luissent.
1026 3315 1204 3384 petitionem
1225 3315 1261 3372 ad
1285 3317 1314 3370 S.
1334 3315 1495 3384 Synodum
1518 3328 1581 3368 non

340 3403 358 3440 a
379 3385 523 3441 societate
551 3383 808 3439 veterocatholica
835 3382 986 3454 Progensi
1012 3385 1205 3454 provenisse,
1225 3391 1260 3440 ut
1278 3384 1317 3440 ad
1338 3385 1513 3439 societatem
1535 3397 1582 3438 re·

340 3455 430 3526 gredi
449 3455 563 3520 liceret,
583 3454 792 3522 postularunt.
817 3452 1079 3534 interpellationis
1104 3455 1234 3524 genesin
1253 3454 1285 3508 in
1298 3453 1429 3590 (Sflpoeiffi
1449 3451 1582 3508 articulo

339 3525 486 3580 alumnus
499 3523 674 3578 academiae
688 3522 874 3587 Kioviensis,
888 3523 1127 3578 luerodiaconus
1142 3523 1281 3594 Savvatij
1339 3523 1441 3585 rabeol
1454 3522 1583 3577 natione

340 3594 498 3648 Bohemus
526 3592 663 3647 illustrat
690 3597 719 3646 et
745 3595 775 3646 in
800 3608 915 3660 genere
943 3592 1156 3662 querimonias
1176 3596 1207 3648 in
1229 3594 1421 3648 sacerdotem
1450 3591 1583 3661 Ryikov

339 3679 357 3718 a
386 3663 531 3718 societate
565 3663 702 3731 prolatas
731 3663 830 3716 iustas
857 3678 928 3717 csse
956 3662 1130 3718 coufirmat.
1160 3662 1248 3717 Inter
1271 3661 1373 3716 allatio
1401 3667 1432 3716 et
1459 3660 1582 3716 litterae

341 3732 550 3787 hierodiaooni
580 3733 698 3786 Brabec
718 3732 756 3786 ad
776 3733 951 3800 praesidem
977 3732 1122 3786 ecclesiae
1147 3733 1239 3787 ortho
1264 3747 1341 3786 oxae
1369 3729 1580 3785 Berolinensis

339 3802 480 3856 Alexium
503 3801 628 3856 Malcev
657 3804 772 3855 missae
800 3807 889 3867 sunt;
918 3800 994 3856 isin
1016 3801 1126 3855 litteris
1152 3802 1191 3856 ad
1213 3800 1441 3870 metropolitam
1473 3799 1580 3854 Petro·

340 3871 511 3994 politanum
524 3872 692 3925 Antonium
707 3869 833 3925 directis
846 3869 1125 3939 interpellationem
1139 3871 1294 3926 societatis
1306 3867 1581 3924 veterocatholicae

368 3943 511 4008 rageusis
531 3939 593 3994 acri
613 3941 736 3994 criticae
756 3939 878 3994 subicit.

446 4009 494 4063 Ob
523 4011 697 4079 ustrojstvi
726 4009 734 4062 i
764 4009 938 4078 upravlenii
966 4009 1188 4079 pravoslavnoj
1213 4008 1326 4064 Cerkvi
1356 4025 1375 4062 v
1400 4007 1583 4078 knjahestrie

342 4067 606 4148 Cernogorskom,
627 4095 654 4148 p.
669 4081 850 4132 ruat-1925.
871 4077 1120 4147 Organizationis
1135 4085 1166 4132 et
1180 4077 1463 4133 administrationis
1475 4077 1582 4132 ortho-

340 4149 440 4203 doxae
459 4147 603 4202 ecclesiae
622 4149 653 4201 in
674 4148 878 4216 lllontenegro
899 4147 1005 4202 brevis
1024 4148 1230 4203 adumbratio
1248 4179 1279 4186 —-
1297 4147 1483 4217 Pastyrstvo
1501 4146 1511 4199 i
1530 4161 1581 4200 ua-

342 4218 398 4273 rod
417 4234 447 4286 p.
459 4219 639 4271 troo-2121.
661 4216 784 4284 (Clesus
804 4224 834 4270 et
853 4216 1010 4286 populus).
1031 4216 1177 4272 Oilicium
1196 4223 1359 4286 pastorum
1372 4215 1580 4298 spiritualium

340 4287 372 4342 in
386 4285 605 4356 praesentibus
620 4284 757 4340 motibus
773 4286 997 4355 agricultorum
1010 4285 1191 4341 delineatur.
1213 4287 1355 4341 Eundem
1375 4286 1470 4342 finem
1491 4283 1582 4354 (agri-

340 4356 475 4412 cultores
494 4355 636 4424 paoandi)
657 4355 777 4410 articuli
798 4355 1074 4411 Osobstveuuosti
1089 4356 1146 4422 (De
1161 4359 1363 4425 proprietate)
1382 4365 1412 4410 et
1432 4343 1488 4411 Cto
1508 4368 1579 4408 nam

339 4426 430 4480 delet
450 4442 469 4477 v
490 4425 564 4478 vitiu
591 4424 744 4479 narodnin
768 4425 929 4495 volnenijt
957 4425 1049 4492 (Quid
1078 4425 1169 4479 nohis
1194 4431 1338 4494 respectu
1364 4430 1504 4480 motuum
1530 4437 1581 4492 po·

339 4493 645 4564 puliiacieudum‘et
672 4501 916 4563 prosequuntur.
944 4527 974 4534 --
996 4495 1024 4549 S.
1045 4495 1085 4562 V,
1118 4493 1412 4564 Arheologoceskija
1432 4491 1581 4574 raskoplsi

338 4581 359 4620 v
380 4562 541 4625 Palestiue.
570 4580 598 4632 p.
626 4566 806 4618 mot-215⁸.
827 4564 1094 4631 (Arclmeologioae
1114 4563 1328 4618 excavationes
1353 4563 1384 4617 in
1408 4563 1581 4618 Palaesbna

337 4635 455 4694 laetae).
481 4633 710 4688 Describuntur
734 4633 930 4695 eltsmsionos,
963 4649 1042 4702 ‹ptue
1067 4635 1144 4688 duce
1172 4633 1381 4688 Soliumacher
1407 4632 1436 4686 in
1462 4630 1579 4700 oppido
