3450 5342
681 495 873 554 -229-

257 675 382 730 Posnov
408 675 447 730 de
472 675 661 731 Iudaeorum
694 682 766 746 post
791 675 935 733 exsilium
961 677 1179 733 exsistentium
1207 677 1271 732 vita
1321 691 1396 731 orro

153 749 271 800 tractat.
292 745 464 800 Recensitis
488 745 624 800 diversis
651 745 813 802 sententiis
839 747 878 802 de
903 747 1141 816 pharisaeorum
1170 751 1201 802 et
1229 745 1285 801 sad
1310 761 1397 802 ucae·

152 829 242 868 orum
271 814 392 884 origine
420 830 475 870 nec
501 831 562 870 non
587 815 626 870 de
653 817 765 871 horum
793 816 955 872 nominum
983 816 1182 886 etymologia,
1209 814 1277 885 ipse
1302 831 1391 872 suam

152 884 191 938 de
210 899 317 938 eorum
339 883 459 954 origine
479 885 663 940 sententiam
689 886 845 1008 proponit.
867 886 933 940 Etsi
953 886 1034 940 enim
1056 885 1223 955 utriusque
1250 885 1396 941 factionis

151 953 324 1008 doctrinam
344 960 374 1007 et
395 969 497 1009 mores
522 971 591 1010 cum
612 970 651 1009 ex
669 955 738 1010 aiis
757 961 822 1010 tum
843 971 882 1010 ex
902 956 1038 1025 Iosepho
1058 954 1166 1010 Flavio
1186 956 1332 1022 sciamus,
1357 955 1396 1010 de

152 1038 260 1077 eorum
281 1028 383 1078 tamen
403 1023 524 1093 origine
543 1024 661 1079 diversi
681 1024 807 1080 diversa
827 1030 977 1081 statuunt.

256 1109 391 1178 Poenos,
420 1110 517 1165 Flavii
546 1110 570 1164 l.
599 1111 785 1167 testimoniis
813 1111 941 1168 iunixus
970 1114 1015 1178 (-
1041 1112 1074 1166 in
1103 1110 1262 1166 nonnullis
1290 1115 1395 1166 tamen

153 1178 311 1233 modificat
339 1195 409 1234 eum
430 1183 484 1248 -),
514 1180 675 1250 sequentia
695 1181 816 1236 statuit:
848 1181 1006 1236 Pharisaei
1030 1187 1060 1236 et
1080 1180 1246 1236 sadducaei
1267 1180 1396 1235 luerunt

153 1247 665 1317 religiosopolitico-oeconomicae
703 1251 852 1305 lactiones
886 1251 968 1307 inter
1009 1250 1159 1315 ludaeos;
1195 1264 1392 1319 nequaquam

151 1323 254 1372 autem
275 1323 375 1372 sectae
400 1333 513 1373 nomen
533 1319 578 1374 eis
597 1319 680 1374 inuri
700 1327 811 1390 potest.
839 1320 971 1390 Utrique
994 1320 1147 1390 originem
1175 1334 1263 1374 suam
1284 1335 1301 1373 e
1319 1323 1394 1374 tem·

152 1387 283 1455 poribus
302 1387 446 1442 exsilium
475 1389 703 1458 excipientibus
723 1390 857 1457 ducunt;
885 1394 991 1459 partes
1010 1395 1113 1445 autem
1141 1393 1316 1444 evaserunt
1335 1388 1396 1458 pri·

152 1471 236 1511 mum
257 1457 288 1510 2⁰
305 1457 435 1512 dimidio
455 1473 532 1512 saec.
553 1457 593 1512 ΙΙ.
627 1459 704 1515 Cum
726 1459 807 1514 enim
829 1458 993 1528 captivitas
1021 1459 1209 1528 Babylonica
1228 1464 1258 1513 et
1277 1456 1395 1512 miseri·

152 1525 257 1580 cordia
283 1526 389 1582 divina
415 1527 521 1596 populi
552 1527 771 1583 conscientiam
798 1544 814 1584 e
835 1543 946 1584 somno
971 1528 1168 1594 excitassent,
1196 1542 1307 1583 ornnes
1332 1527 1394 1608 legi

152 1595 257 1650 stricte
276 1597 492 1651 observandae
511 1599 671 1653 vacabant.
691 1599 730 1653 At
748 1598 778 1653 in
794 1597 883 1668 praxi
903 1598 1019 1667 duplex
1038 1597 1214 1653 animorum
1234 1596 1393 1652 inclinatio

151 1665 311 1734 apparuit:
332 1665 382 1720 alii
401 1665 482 1720 enim
505 1667 598 1722 simul
623 1682 692 1722 cum
713 1667 791 1737 legis
811 1667 1032 1724 observatione
1057 1668 1142 1721 omni
1169 1667 1298 1722 aliarum
1319 1682 1392 1736 gen·

152 1733 228 1788 tium
257 1733 391 1790 influxui
420 1751 489 1790 sese
517 1737 747 1806 subtrahentes,
773 1738 811 1792 ad
838 1737 985 1807 proprias
1011 1737 1091 1806 legis
1119 1736 1341 1805 explicationes
1361 1742 1391 1790 et

150 1803 350 1873 antiquorum
365 1804 563 1860 traditionem
579 1808 796 1870 recurrebant;
812 1807 995 1862 succedente
1006 1822 1082 1861 vero
1093 1811 1233 1887 tempore
1244 1805 1389 1860 ellectum

150 1877 205 1938 est,
225 1879 259 1927 ut
278 1873 403 1929 traditio
417 1875 594 1945 plusquam
615 1875 664 1930 lex
685 1876 809 1931 valeret.
829 1877 888 1931 Alii
913 1891 1037 1931 ornnem
1064 1875 1264 1930 traditionem
1284 1889 1391 1943 respu-

150 1947 236 1996 entes
255 1948 285 1997 et
301 1943 410 2014 legem,
429 1952 581 2014 quantum
593 1945 661 2000 lieri
676 1946 784 2015 potuit,
805 1945 955 2070 temgoris
966 1945 1209 2000 circumstantiis
1219 1959 1395 1998 accommo-

148 2011 267 2079 dantes,
287 2014 326 2067 ab
345 2013 413 2068 aliis
434 2013 612 2069 nationibus
634 2015 730 2070 multa
751 2015 863 2085 recipie
888 2021 949 2070 ant.

253 2098 352 2162 Quam
379 2099 554 2162 animorum
583 2101 770 2156 divisionem
800 2101 1004 2157 hellenismus
1034 2100 1132 2155 altero
1156 2099 1287 2154 dimidio
1312 2115 1390 2155 saec.

148 2166 199 2222 IV.
219 2168 308 2224 etiam
330 2167 425 2224 auxit.
451 2169 556 2224 hltera
582 2171 663 2225 enim
693 2171 785 2226 lectio
804 2187 820 2226 e
840 2171 1031 2228 Graecorum
1051 2169 1181 2236 cultura,
1202 2169 1273 2235 vita,
1290 2169 1390 2292 philo·

149 2237 259 2361 sophia
285 2237 381 2292 multa
407 2239 473 2293 suis
504 2240 600 2294 rebus
629 2239 804 2310 adaptavit;
840 2241 937 2297 altera
966 2255 1042 2295 vero
1073 2239 1262 2294 ludaeorum
1304 2239 1392 2307 actio,

145 2306 183 2361 he
196 2307 362 2362 lenismum
377 2323 452 2362 suae
466 2308 625 2378 religionis
640 2310 761 2365 hostem
775 2311 987 2377 considerans,
1007 2325 1131 2364 omnem
1144 2309 1284 2364 culturae
1295 2309 1388 2364 Grae·

147 2391 199 2432 cae
218 2375 373 2431 influxum
394 2392 410 2432 a
431 2392 463 2432 se
488 2378 662 2434 amovebat.
683 2379 822 2449 Populus
842 2397 927 2445 vero,
949 2383 1114 2448 cumpost
1139 2377 1283 2433 exsilium
1312 2377 1391 2448 legis

147 2445 359 2500 observationi
372 2445 553 2570 diligentius
566 2449 750 2515 inhaereret,
764 2449 946 2519 rigidiorem
980 2455 1079 2504 artem
1094 2448 1112 2502 i.
1126 2464 1151 2502 e.
1165 2448 1391 2513 assidaeorum,

148 2516 338 2586 sequebatur
366 2515 402 2570 In
435 2517 484 2572 ine
505 2532 582 2572 saec.
603 2517 946 2574 111ietinitiosaec.1
968 2520 974 2560 t
996 2560 1003 2584 ,
1023 2533 1093 2573 curn
1114 2519 1303 2573 Graecorum
1330 2517 1391 2572 cul·

148 2589 217 2640 tura
238 2585 372 2640 maiores
397 2595 556 2642 exsereret
582 2588 674 2653 vires,
700 2593 730 2643 et
749 2588 815 2657 ipse
835 2589 980 2658 populus,
1005 2587 1146 2642 culturae
1166 2587 1301 2642 Graecae
1322 2602 1391 2641 sese
1438 2654 1442 2659 ἱ

148 2655 283 2720 tradens
302 2671 382 2724 quae
401 2656 506 2725 peiora
526 2656 557 2712 in
576 2673 611 2712 ea
630 2663 728 2724 erant,
747 2657 838 2713 avide
853 2658 1032 2728 arripiebat.
1052 2657 1143 2722 Quod
1163 2662 1194 2710 et
1213 2656 1272 2725 ipsi
1315 2654 1391 2710 onti-

148 2723 222 2779 iices
239 2724 370 2780 multum
386 2725 543 2781 fovebant.
558 2727 623 2782 Sub
637 2742 745 2782 eorum
761 2726 885 2782 influxu
899 2727 1071 2782 Antiochus
1087 2725 1267 2848 Epiphanes
1301 2725 1392 2779 udae·

148 2809 236 2848 orum
259 2793 440 2864 religionem
461 2811 529 2850 cum
559 2796 643 2851 cultu
663 2796 853 2852 Graecorum
874 2803 1067 2852 commutare
1086 2795 1150 2849 nite
1173 2800 1254 2849 atur.
1280 2796 1320 2848 At
1339 2810 1391 2863 po·

148 2863 240 2932 pulus
254 2863 321 2918 eius
335 2863 455 2932 placitis
470 2865 592 2921 restitit.
608 2865 776 2921 Proximus
791 2867 885 2921 huius
899 2865 1095 2922 resistentiae
1107 2863 1239 2918 effectus
1254 2864 1389 2919 duarum

147 2933 282 3002 partium
303 2933 484 2989 constitutio
503 2935 570 3002 tuit,
591 2935 827 3004 pharisaeorum
850 2951 961 3005 nempe
980 2941 1010 2989 et
1030 2933 1287 2988 sadducaeorum.

250 3019 336 3083 Quae
355 3035 424 3075 curn
446 3021 487 3076 ita
505 3029 619 3090 essent,
648 3023 783 3092 populus
803 3023 916 3088 omnia,
934 3037 1015 3093 qnae
1043 3021 1261 3076 hellenismum
1293 3021 1391 3091 spira-

149 3089 232 3155 bant,
252 3104 377 3144 summo
396 3091 467 3146 odio
486 3093 746 3162 prosequebatur.
767 3093 1003 3162 Consequenter
1015 3095 1045 3145 et
1058 3089 1087 3157 ii,
1101 3091 1154 3161 qui
1171 3091 1388 3146 hellenismum

146 3159 372 3283 propatgafbant,
391 3175 514 3215 orrinem
536 3159 567 3215 in
588 3161 738 3232 populum
765 3162 921 3218 influxum
947 3161 1129 3228 amiserunt,
1155 3160 1251 3214 immo
1272 3160 1389 3230 populo

147 3243 178 3282 m
203 3243 262 3282 rar
296 3235 417 3284 uerunt.

181 3245 200 3298 g
250 3297 334 3352 Haec
359 3314 428 3354 cum
455 3299 594 3355 culturae
614 3301 749 3356 Graecae
774 3301 863 3356 amici
889 3299 1051 3364 vidissent,
1080 3298 1173 3352 etiam
1200 3299 1240 3354 ab
1261 3297 1389 3368 optimis

145 3365 310 3422 desideriis
330 3383 399 3423 sese
418 3374 604 3434 avertentes,
623 3386 747 3425 omnem
768 3369 932 3425 doctorum
952 3374 983 3424 et
996 3368 1233 3438 pharisaeorum
1248 3367 1387 3422 laborem

145 3435 235 3491 etiam
257 3437 373 3492 honum
393 3437 465 3492 odio
484 3438 602 3493 incensi
622 3441 812 3506 spernebant
831 3445 861 3494 et
874 3440 999 3506 ducum,
1017 3438 1191 3506 legatorum
1207 3441 1262 3492 etc.
1275 3435 1388 3504 officia,

145 3519 201 3586 per
219 3521 299 3575 quae
318 3522 387 3562 cum
408 3507 543 3563 externis
571 3509 792 3565 commercium
820 3509 985 3573 habebant,
1012 3507 1200 3562 ambiebant.
1231 3504 1386 3575 Neglectis

143 3574 242 3644 igitur
268 3581 501 3632 antecessorum
532 3593 661 3633 suorum
697 3579 852 3648 religiosis
889 3577 1003 3632 studiis
1031 3581 1061 3631 et
1088 3576 1260 3643 conatibus,
1291 3577 1386 3631 rebus

145 3643 277 3768 goliticis
298 3647 459 3702 vacabant.
481 3648 593 3703 Multas
613 3665 739 3730 quoque
759 3648 842 3703 vires
862 3649 1014 3717 inpugna
1033 3661 1103 3700 cnm
1119 3644 1292 3715 pharisaeis
1313 3650 1389 3698 tere

167 3719 228 3768 ant.
242 3715 353 3784 Itaque
365 3716 538 3772 doctrinam
553 3733 570 3772 a
585 3719 756 3774 maioribus
771 3718 907 3773 relictam
921 3732 979 3772 nec
991 3715 1052 3785 ipsi
1064 3716 1165 3785 magis
1178 3715 1388 3770 excoluerunt.

148 3782 187 3837 Et
212 3789 319 3840 contra
343 3785 508 3855 pharisaei,
534 3801 626 3842 sunm
652 3787 683 3843 in
703 3787 859 3912 (populum
879 3786 1035 3841 influxum
1056 3785 1206 3849 videntes,
1236 3785 1314 3838 hanc
1337 3799 1389 3853 po·

147 3857 288 3908 testatem
311 3854 411 3924 magis
434 3861 464 3910 et
489 3857 589 3927 tnagis
608 3863 700 3913 exten
725 3859 826 3922 ebant,
846 3857 885 3912 ad
905 3871 1037 3925 eamque
1061 3853 1238 3923 aagendam
1264 3868 1389 3908 omnem

146 3921 318 3978 doctrinam
345 3925 544 3980 theoreticam
571 3926 758 3997 dirigebant.
778 3927 856 3982 Inde
879 3924 1116 3997 pharisaeorum
1137 3923 1225 3977 fraus
1244 3928 1273 3977 et
1293 3923 1390 3992 hypo·

146 3990 236 4046 crisis
262 3993 414 4063 originem
444 3995 590 4062 ducebat3
619 4003 650 4052 at
670 3996 805 4067 populus
824 3997 900 4052 haec
926 3995 1077 4064 ignorans
1107 4007 1230 4047 summa
1250 3991 1281 4046 in
1300 3992 1391 4048 aesti-

147 4061 281 4116 matione
312 4079 365 4117 eos
396 4063 600 4120 habebatllis
624 4066 817 4136 praemissis,
846 4063 1002 4122 concludit
1027 4068 1143 4130 auctor,
1169 4061 1258 4118 facile
1284 4068 1390 4131 patere

145 4144 200 4184 nec
226 4131 419 4188 sadducaeos
438 4148 494 4189 nec
514 4135 704 4204 pharisaeae,
724 4135 794 4191 licet
813 4151 876 4192 non
895 4133 1013 4189 luerint
1032 4131 1193 4201 religionis
1213 4138 1391 4202 negatores,

145 4205 225 4254 recte
245 4202 436 4257 considerari
457 4219 551 4273 posse
571 4210 730 4275 tamquam
750 4205 804 4274 qui
824 4207 924 4273 legem
941 4201 1108 4256 Mosaicam
1123 4206 1154 4256 et
1170 4201 1265 4257 iidem
1280 4201 1389 4256 Iudae·

144 4283 233 4324 orum
255 4277 536 4340 repraesentarent.

247 4339 359 4408 Unum,
378 4343 462 4422 quod
483 4358 545 4398 non
566 4344 671 4410 placet,
691 4349 746 4409 est,
765 4342 850 4413 quod
871 4341 1073 4407 sadducaeos,
1125 4340 1249 4394 namvis
1281 4339 1385 4405 multa,

142 4408 1388 4551 saltitatdardahelutltttttl‘lt'tutasstt,tatlttlshtit

143 4547 293 4671 ἓτιίοέὼιε
312 4549 351 4604 de
370 4551 519 4618 rabbinis,
548 4567 629 4621 quos
649 4557 756 4606 auctor
776 4557 810 4606 ut
829 4480 1066 4620 pirarisaeorum
1094 4547 1266 4616 discipulos
1285 4546 1385 4600 consi-

165 4632 239 4680 era,
258 4625 337 4688 aget.

248 4703 285 4758 N.
312 4705 423 4761 Patron:
453 4707 750 4778 Novootkrytyj
781 4706 911 4761 al‘bom
932 4705 1051 4760 vidov
1077 4704 1086 4758 i
1112 4703 1306 4758 risunkov
1335 4703 1388 4758 do·

100 4827 104 4834 ,
146 4773 593 4847 stoprimedatel‘nostej
616 4777 737 4832 Kieva
757 4779 820 4832 1651
842 4775 949 4846 goda.
967 4773 1018 4834 11..
1037 4775 1184 4829 tat-472.
