3450 5342
840 295 988 333 -)..

290 481 423 560 quidem:
448 485 645 553 materiae,
670 495 799 544 motus.
834 481 1101 551 efficientiae,
1124 481 1385 540 extensionis
1410 488 1444 536 et
1466 477 1551 536 sub-

292 572 471 627 stautiue
505 605 532 610 --
559 589 631 646 quas
655 569 784 646 Spcncer
806 567 990 626 absolute
1018 565 1461 646 incomprehensibiles
1484 585 1551 624 esse

292 653 363 712 dicit
383 691 420 698 η
439 653 599 714 secuudum
623 653 785 712 doctrinam
810 655 1017 724 s,'l'homae
1037 655 1254 733 Aquinatis
1275 654 1411 732 exponit,
1436 672 1551 730 casque

291 746 396 800 rationi
421 742 568 800 humanae
592 763 661 799 vere
684 741 871 800 accessibiles
888 763 961 809 esse,
983 743 1062 800 clarc
1085 741 1223 799 ostendit.
1245 741 1342 800 Maior
1362 759 1439 818 pars
1465 749 1551 796 onus

292 830 388 906 legiae
412 829 590 886 cirristiauao
614 829 662 885 bic
680 829 732 886 loci
751 841 852 886 eontra
868 831 1064 907 positivistiea
1088 830 1234 906 principia
1250 827 1391 906 Spenceri
1419 825 1463 884 ad
1487 824 1552 882 bel-

292 915 351 974 lum
376 915 552 994 producitur.
592 917 695 992 Neque
717 914 823 974 desunt
854 919 885 974 in
909 916 1086 974 articulo
1120 925 1259 993 quarto
1291 911 1372 994 (pag.
1398 907 1551 990 55-71)

292 1005 439 1080 principia
467 1003 578 1078 logicae
613 1003 799 1064 eluistiauae.
834 1001 939 1080 quibus
978 1005 1077 1082 opinio
1112 1004 1261 1080 sponsari,
1299 1000 1551 1060 Absolutum

293 1087 359 1146 ideo
392 1111 455 1146 esse
490 1089 672 1147 absolute
704 1089 984 1164 incogitabile,
1014 1092 1085 1167 quja
1107 1089 1198 1157 deest,
1225 1087 1263 1146 ad
1286 1087 1365 1167 quod
1387 1087 1552 1158 referatur,

293 1197 310 1233 a
344 1199 401 1254 quo
435 1175 550 1234 diflerat
581 1188 607 1232 et
645 1179 690 1233 cui
726 1178 763 1233 sit
798 1177 894 1236 simile
919 1211 956 1218 -
983 1176 1132 1234 refutatur.
1177 1176 1254 1234 Vere
1288 1178 1367 1234 enim
1403 1194 1471 1233 nou
1506 1181 1553 1231 est

280 1257 448 1335 ¹methodiis
471 1265 648 1340 cognitionis
679 1263 896 1342 arralytica,
930 1283 989 1341 qus
1011 1267 1141 1341 Speneer
1165 1265 1195 1321 in
1218 1264 1343 1321 scientia
1365 1282 1384 1320 a
1408 1259 1550 1338 singula·

294 1349 373 1407 ribus
397 1348 434 1408 ad
458 1350 638 1407 universalia
673 1352 781 1408 unice
817 1349 1062 1428 progrediendum
1095 1371 1159 1407 esse
1183 1359 1291 1419 censet,
1324 1351 1376 1407 via
1415 1350 1551 1417 unica,

294 1456 352 1514 qua
383 1439 580 1514 coguitionem
604 1435 763 1506 haurimus,
803 1437 854 1494 sed
877 1439 979 1494 existit
1002 1439 1091 1494 etiam
1116 1435 1271 1495 methodus
1301 1436 1550 1515 synthetica

293 1533 322 1580 et
346 1523 500 1582 methodus
523 1525 700 1598 cognitionis
735 1523 1216 1603 anstistieo-syuthetica,
1251 1543 1327 1603 quae
1349 1532 1395 1582 est
1419 1524 1548 1601 optima.

294 1608 360 1668 Hae
384 1618 481 1668 auteur
506 1613 552 1666 rin
578 1610 810 1668 Absolutum
845 1645 875 1652 —
900 1611 997 1668 licum
1022 1646 1059 1652 -
1092 1630 1210 1668 causam
1232 1613 1367 1689 primam,
1399 1611 1457 1667 via
1481 1628 1551 1666 can·

294 1696 428 1764 salitatis,
452 1699 620 1754 remotionis
643 1709 671 1752 ot
695 1699 874 1754 eminentiae
898 1698 1086 1775 aliquatenus
1109 1699 1164 1755 etsi
1188 1696 1370 1756 solummodo
1393 1715 1452 1775 per
1475 1715 1549 1754 ana-

293 1781 402 1858 logiam
432 1803 670 1860 cognoscere
696 1804 907 1860 possumus.
941 1785 1025 1859 Quae
1048 1787 1178 1860 cognitio
1200 1804 1254 1862 per
1275 1784 1450 1862 analogiam
1475 1801 1548 1840 vere

294 1885 337 1928 est
362 1872 490 1946 cogruitio
507 1871 676 1931 scientifica.
699 1873 770 1947 quia
791 1873 855 1948 ipsa
878 1873 967 1929 ctiam
992 1875 1022 1929 iu
1045 1873 1177 1929 scientiis
1199 1870 1381 1930 naturalibus
1397 1888 1549 1950 persaepe

294 1955 390 2014 locum
421 1957 518 2026 babet,
552 1977 640 2034 «prum
669 1955 820 2016 evidentia
855 1959 1066 2017 mathematica
1089 1958 1270 2017 solummodo
1300 1960 1331 2016 iu
1354 1957 1549 2036 paucissimis

296 2041 398 2100 haberi
416 2053 512 2121 queat.
532 2077 567 2086 -
589 2045 622 2100 ln
645 2045 825 2101 articulo
848 2044 978 2123 denique
1000 2048 1141 2124 quinto
1164 2045 1243 2123 (pag.
1261 2045 1424 2123 72-145)
1442 2056 1549 2103 auctor

296 2131 532 2188 conciliationem
557 2132 756 2188 scientiae
773 2143 800 2188 et
819 2133 1036 2209 religionis
1053 2135 1085 2191 in
1101 2153 1135 2190 eo
1150 2135 1369 2203 consistentem,
1391 2143 1425 2190 ut
1438 2150 1548 2208 agnos-

296 2227 378 2274 catur
410 2225 471 2274 tum
507 2237 524 2274 a
558 2220 683 2274 scientia
716 2227 776 2276 tum
812 2239 830 2274 a
858 2219 1009 2295 religione,
1047 2219 1150 2278 adesse
1178 2220 1312 2290 limitem,
1351 2221 1427 2278 citra
1457 2236 1548 2297 quem

260 2317 263 2321 '
300 2303 489 2376 ,Inscibile‘,
512 2306 565 2361 etsi
591 2303 670 2362 cordi
695 2305 822 2362 humano
846 2305 1042 2364 desiderabile
1070 2318 1099 2364 et
1123 2309 1329 2374 rrocessarium,
1353 2308 1485 2384 positum
1510 2305 1549 2362 sit

298 2423 338 2432 ν-
370 2389 581 2468 impossibilem
616 2390 696 2448 dicit.
736 2391 801 2449 Hac
833 2395 912 2449 euim
935 2394 1141 2451 conciliatione
1165 2392 1302 2460 admissa,
1338 2392 1444 2468 religio
1469 2387 1549 2450 nihil

297 2492 381 2549 esset,
406 2479 461 2534 uisi
488 2499 554 2555 pars
570 2479 720 2536 scientiae.
744 2489 771 2534 et
795 2499 866 2536 uera
881 2491 958 2536 esset
974 2481 1089 2538 theoria
1104 2483 1252 2558 Speuceri,
1277 2481 1367 2539 falsas
1390 2493 1421 2538 et
1436 2483 1547 2558 imper

296 2563 388 2622 fectus
412 2567 573 2621 sententias
604 2565 756 2640 religiosus
781 2566 985 2642 progrediente
1009 2569 1134 2625 scientia
1163 2589 1227 2625 esse
1251 2568 1424 2627 reformatas
1446 2576 1479 2626 et
1502 2584 1548 2622 re-

297 2649 424 2721 formari,
452 2671 543 2728 usque
566 2649 634 2708 dnm
659 2653 782 2708 scientia
805 2652 901 2710 loeum
924 2668 1045 2732 ‹rccrtpet
1069 2655 1229 2727 religionis.
1268 2658 1374 2714 Actum
1397 2666 1477 2714 esset
1501 2672 1546 2710 re-

297 2757 368 2794 vera
392 2737 428 2794 de
453 2737 594 2811 religione
618 2739 841 2816 strperuatnrali.
882 2741 1044 2798 laudabile
1068 2742 1187 2819 quidem
1211 2757 1263 2805 est,
1287 2747 1466 2820 Spencemm
1492 2758 1546 2797 eus

297 2827 510 2902 experientiam
548 2825 704 2882 immanem
737 2828 948 2885 transcendens
982 2841 1100 2886 strenue
1122 2849 1260 2888 asserere.
1294 2827 1435 2886 sedeam
1469 2822 1547 2885 illud

301 2910 490 2984 „luscibile“,
529 2911 716 2969 inscrutabile
740 2933 803 2971 esse
827 2915 914 2975 dicat,
948 2918 1191 2989 agnosticismum
1215 2915 1381 2991 religiosum
1405 2914 1494 2974 docet
1517 2917 1547 2969 et

299 3018 398 3056 secum
421 3000 483 3075 ipse
508 2997 651 3057 dissentit.
1534 3048 1538 3057 .

401 3084 585 3143 'l'estimouia
609 3098 708 3143 arrctor·
737 3087 840 3164 lingua
864 3089 955 3146 latina
987 3091 1070 3146 alieri
1093 3091 1293 3166 terminosque
1323 3087 1546 3166 philosophicos

298 3170 428 3228 eiusdem
453 3172 572 3250 linguae
596 3176 767 3250 saepissime
791 3174 921 3233 adhibet.
944 3176 1069 3252 Propter
1087 3176 1210 3233 lectores
1234 3176 1353 3249 liuguae
1376 3175 1490 3232 latinae
1513 3174 1544 3230 in

298 3278 407 3335 genere
436 3270 464 3316 et
495 3261 684 3318 terminorum
717 3262 955 3320 scholasticorum
988 3265 1017 3319 iu
1042 3266 1139 3339 specie
1171 3266 1289 3338 ignaros
1320 3263 1420 3321 utilius
1443 3262 1545 3320 forsan

298 3359 384 3413 esset,
419 3348 441 3403 si
467 3350 576 3424 passim
608 3350 726 3405 termini
750 3348 945 3425 philosophici
975 3349 1094 3425 liuguae
1117 3350 1297 3411 bohemicae.
1331 3361 1416 3427 prout
1438 3369 1490 3407 eos
1514 3349 1544 3402 iu

297 3431 434 3509 operibus
487 3436 546 3490 suis
598 3437 655 3492 uiri
710 3445 853 3492 nostrates
908 3439 937 3493 iu
988 3435 1175 3514 philosophia
1221 3438 1383 3494 christiana
1432 3433 1545 3494 versati

300 3519 452 3577 lindos.
476 3519 651 3597 l'ospisil
686 3535 713 3577 et
739 3521 790 3577 Dr.
821 3522 910 3594 llng.
946 3521 1183 3582 Kadeiaivek
1214 3535 1385 3594 statuerunt,
1415 3519 1545 3580 adhibiti

302 3607 433 3662 lirisseut.
471 3607 596 3664 illnltum
621 3609 699 3664 enim
723 3621 902 3684 occrrpautur
924 3613 1059 3667 versione
1083 3611 1236 3668 bohemica
1259 3631 1378 3688 operum
1402 3606 1544 3687 Spenceri

301 3693 436 3766 magistri
451 3692 615 3751 scholarum
633 3693 812 3766 inferiorum,
825 3694 930 3774 quibus
946 3700 1041 3754 omnis
1054 3700 1179 3755 seientia
1195 3699 1314 3774 liuguae
1330 3698 1440 3754 latinae
1452 3694 1545 3754 deest.

406 3779 542 3836 Ceterum
574 3790 671 3838 autem
696 3783 809 3839 sincere
833 3783 994 3855 fatendum,
1032 3788 1316 3860 argumentationem
1351 3794 1382 3841 et
1410 3784 1544 3841 criticam

301 3863 408 3942 ubique
431 3885 495 3923 esse
519 3866 627 3924 claram
662 3881 692 3926 et
722 3871 925 3942 stringentem.
960 3870 1091 3929 Studiosi
1125 3872 1330 3949 philosophiae
1364 3871 1544 3929 christianae

300 3961 331 4008 et
355 3951 521 4010 academice
546 3955 653 4011 exculti
678 3956 830 4032 exemplar
852 3956 901 4014 hic
924 3956 1043 4030 habent,
1077 3959 1222 4037 quomodo
1245 3959 1392 4036 principia
1421 3957 1545 4035 philo

300 4037 467 4116 sophiae
490 4044 677 4117 perennis
700 4041 738 4098 ad
761 4051 890 4100 mentem
906 4047 973 4121 piae
996 4047 1155 4103 memoriae
1178 4065 1272 4123 papae
1295 4042 1543 4102 Lounisxlss.

298 4122 337 4181 ad
362 4125 579 4202 redarguendos
595 4148 706 4185 errores·
730 4128 934 4208 philosophiae
955 4131 1148 4204 „modernae“
1168 4143 1236 4210 apte
1260 4131 1393 4190 adbiberi
1417 4140 1545 4210 possunt.

405 4212 559 4272 (llomucii.
1039 4219 1118 4280 Proi'.
1142 4221 1194 4278 ln.
1217 4214 1293 4282 loa.
1317 4211 1501 4279 Kaebnt'lt.

408 4383 616 4453 monumenta
656 4385 818 4454 vaticana
852 4403 909 4454 rsa
943 4389 1062 4472 postas
1096 4388 1289 4457 bohemicae
1331 4386 1544 4456 illustrantia

301 4469 473 4549 Sumptibns
519 4476 713 4534 comitiorum:
742 4475 838 4553 l'tegui
881 4477 1043 4536 Bohemiae
1089 4477 1244 4537 ediderunt
1278 4478 1317 4535 ad
1349 4475 1544 4572 recensendos

301 4555 441 4616 historiae
464 4558 636 4620 bohemicae
660 4561 756 4620 fontes
780 4562 918 4640 delegati.
