3450 5342
669 467 710 473 ..-
733 433 771 488 51
806 467 842 474 ,.

147 620 349 700 philosophiae
382 623 543 698 composuit
574 620 673 694 libros,
704 621 755 700 qui
785 631 934 698 tamqnam
967 619 1070 678 florida
1099 620 1279 697 anthologia,
1307 621 1392 699 quid·

146 706 215 786 quid
239 709 345 764 Graeci
371 717 399 764 et
422 707 524 766 Latini
548 706 584 765 de
608 728 722 766 summo
745 707 822 766 bono
845 705 941 784 deque
966 706 1154 786 providentia
1169 707 1274 766 divina
1289 707 1390 786 pulcre

145 797 332 872 seripserunt,
356 795 387 851 in
422 814 512 852 anani
545 795 698 872 colligunt.
723 795 777 852 Est
801 793 875 852 haee
898 794 1094 872 philosophia,
1117 804 1148 852 ut
1171 795 1210 852 K.
1234 804 1345 866 censet,
1360 804 1391 854 et

145 880 224 939 erudi
249 880 452 938 materialismi
469 890 499 939 et
514 881 647 959 pestiferi
665 883 843 960 seeptieismi
857 880 1009 938 sollemnis
1026 882 1152 946 reiectio,
1168 893 1391 940 monumentum

150 967 373 1046 „philosophiae
395 969 566 1046 perenuis“.

251 1055 286 1112 In
309 1053 460 1132 praedicto
490 1056 581 1132 igitur
615 1054 754 1134 opusculo
788 1055 823 1111 cl.
861 1055 899 1114 K.
923 1057 1047 1132 primum
1071 1055 1213 1113 describit
1247 1058 1391 1113 vitamet

146 1144 306 1220 imaginem
331 1143 442 1219 egregii
466 1144 523 1199 viri
546 1139 609 1220 (ubi
633 1142 817 1219 exploratum
840 1161 905 1199 esso
928 1152 1011 1200 notat
1033 1143 1169 1200 Boetium
1194 1145 1283 1201 luisse
1314 1142 1392 1201 cliri-

145 1227 305 1306 stianum):
330 1227 437 1286 deinde
461 1231 562 1306 paucis
584 1229 707 1307 exponit
730 1231 792 1286 eius
815 1247 905 1306 opera
927 1240 954 1285 et
978 1249 1021 1291 ca.
1045 1249 1120 1307 spirae
1144 1228 1181 1286 ad
1211 1229 1339 1306 logicam
1362 1241 1392 1287 et

144 1316 332 1392 theologiam,
355 1325 384 1373 et
408 1336 451 1384 ea,
475 1335 550 1394 quae
574 1315 612 1374 ad
635 1327 727 1372 artem
752 1314 991 1373 mathematicam
1018 1331 1047 1373 ot
1071 1318 1213 1373 musicani
1245 1325 1390 1395 spectant.

144 1403 253 1462 Postea
274 1422 353 1468 vero,
377 1403 454 1482 quod
478 1405 566 1460 totins
590 1412 634 1461 est
657 1401 724 1459 libri
750 1401 870 1460 nucleus
892 1416 981 1480 atque
1003 1401 1141 1460 medulla.
1164 1412 1303 1461 aeenrata
1319 1423 1390 1460 ana-
1447 1430 1452 1441 ·

145 1490 203 1570 lysi
226 1491 357 1568 quinque
374 1489 411 1547 de
427 1489 627 1547 consolatione
645 1488 849 1566 philosophiae
866 1487 956 1547 libros
972 1490 1102 1566 explieat
1119 1498 1147 1546 et
1173 1491 1388 1568 interpretatur.

146 1575 229 1652 Quae
253 1577 410 1654 praecipue
433 1577 590 1652 insigniter
612 1587 639 1634 et
664 1577 807 1634 concinno
832 1575 965 1634 versibus
989 1597 1006 1634 a
1029 1577 1132 1634 lloetio
1154 1577 1235 1635 dicta
1258 1588 1332 1635 sum.
1356 1597 1393 1634 ea

145 1664 184 1721 K.
205 1666 296 1721 etiam
319 1664 411 1740 ipsius
435 1663 531 1721 Bouto
554 1661 654 1720 verbis
669 1663 763 1720 latino
779 1683 912 1720 sermone
928 1666 1082 1740 expressit,
1099 1661 1136 1721 'nt
1154 1664 1277 1722 lectores
1292 1684 1393 1722 exem·

146 1751 209 1828 plur
231 1748 376 1808 haberent
400 1749 603 1828 philosophiae
628 1751 802 1814 Anicianae,
815 1769 890 1828 (puae
907 1771 1046 1828 persaepe
1066 1750 1152 1808 simul
1176 1762 1220 1809 est
1236 1753 1393 1824 ingeniosa

147 1839 251 1916 poesis.
276 1836 483 1914 Compluribus
507 1837 578 1894 locis
602 1845 702 1896 auctor
726 1856 818 1914 panea
842 1836 964 1896 adnotat
979 1857 1072 1915 caque
1089 1840 1272 1915 potissimum
1296 1838 1393 1895 brevi-

147 1934 191 1982 ter
213 1926 319 2000 tangit,
360 1927 390 1982 in
414 1923 518 2002 quibus
542 1925 668 1996 gentiles
691 1923 860 2002 philosophi
896 1924 974 1982 idem
999 1945 1063 1982 enm
1087 1925 1193 1983 Boetia
1216 1924 1393 1985 sentiebant.

250 2011 374 2069 Nullum
398 2009 526 2082 dubium,
550 2014 622 2089 quin
657 2011 693 2068 li.
717 2009 772 2068 boe
796 2031 882 2088 opere
907 2014 1009 2089 inopes
1036 2011 1173 2070 slorenas
1196 2011 1233 2068 de.
1263 2012 1393 2090 philoso-

147 2098 217 2175 phia
239 2098 355 2156 litteras
379 2117 446 2154 rere
471 2099 585 2155 auxerit
610 2109 698 2176 atque
721 2097 870 2156 ditaverit.
994 2099 1044 2156 ltr.
1067 2093 1109 2160 Α.
1139 2092 1348 2161 (simillimis.

145 2309 418 2412 Qunnnnn,
452 2310 519 2386 os
552 2307 747 2410 oureus
783 2307 1057 2388 rnnoioei
1083 2306 1389 2410 urninsoua

421 2427 713 2509 sociastis
742 2429 1109 2510 nisssnriunr.

750 2592 784 2650 i'.

493 2701 536 2768 lle
561 2701 776 2769 sacramento
801 2701 1035 2786 poeniteutiae.

247 2847 323 2900 tium
340 2845 370 2900 in
388 2843 528 2901 laseienlo
542 2847 627 2902 tertio
644 2847 733 2903 nostri
750 2858 926 2921 conspectus
942 2844 1081 2922 periodiei
1099 2867 1137 2920 ip.
1159 2846 1295 2900 ria-t:
1314 2826 1392 2917 lillis.

145 2928 174 2986 li.
186 2929 213 2986 d.
225 2951 253 3008 p.
266 2931 330 2986 485
344 2963 369 2972 —
378 2929 420 3006 il)
437 2949 488 3006 per
500 2933 682 2988 (reensionem
695 2952 835 2989 censurae
852 2931 919 2988 libri
933 2935 1035 2989 russiei
1048 2931 1181 2988 doctrina
1198 2930 1343 2987 catholiea
1355 2928 1393 2985 de

147 3031 329 3074 sacramento
351 3019 551 3092 poenitentiae
575 3017 726 3076 doetrinae
754 3017 956 3094 theologorum
980 3019 1165 3076 orientalium
1189 3020 1322 3094 irpiprosita
1345 3019 1393 3084 sit,

147 3104 240 3162 risum
253 3113 300 3161 est
308 3123 413 3179 operae
426 3105 550 3180 pretinm
561 3103 630 3174 lore,
644 3107 666 3160 si
680 3105 805 3182 -quod
819 3107 910 3164 nostri
921 3108 1017 3182 operis
1029 3123 1071 3162 est
1083 3106 1261 3182 propositum
1279 3137 1310 3145 -
1321 3105 1394 3160 satis

148 3209 204 3249 non
230 3188 393 3248 habeamus
424 3190 624 3268 theologorum
656 3192 843 3250 orientalium
876 3195 992 3250 animos
1015 3191 1051 3248 ad
1075 3191 1239 3249 doctrinam
1263 3199 1392 3247 nostram

148 3276 197 3334 illo
227 3275 315 3335 modo
345 3275 516 3342 advertisse,
548 3277 599 3336 scd
630 3299 706 3356 (puae
735 3278 797 3336 illie
828 3282 930 3356 pisticis
960 3279 1092 3336 indicata
1115 3291 1182 3336 sunt
1205 3286 1340 3334 riccnrate
1364 3285 1393 3334 et

148 3362 306 3440 diligenter
336 3366 416 3440 ipsis,
447 3377 589 3442 quamtum
618 3365 681 3424 lieri
712 3375 814 3444 potest,
846 3369 1018 3444 seriptomni
1043 3363 1268 3422 (recideritaliuni
1294 3361 1392 3420 verbis

149 3469 181 3506 ac
203 3449 410 3528 probatissima
434 3451 673 3511 scholasticorum
693 3452 831 3511 methodo
855 3453 904 3523 (de
927 3455 1008 3511 euius
1032 3452 1211 3529 praestantia
1234 3454 1272 3509 el.
1286 3471 1313 3527 p.
1330 3451 1393 3506 ‘rra

152 3533 247 3614 [796])
271 3549 453 3613 exponentes
483 3549 514 3596 ot
536 3537 730 3598 defendentes
753 3541 899 3614 theologis
922 3538 1113 3597 orientalibus
1140 3536 1253 3594 aditum
1277 3544 1394 3594 nostrae

150 3621 299 3682 doetrinae
334 3623 494 3683 faciliorem
519 3625 676 3686 reddamus
710 3636 738 3686 et
762 3629 923 3700 imaginem
953 3626 1119 3696 theologiae
1153 3643 1299 3702 opumque
1328 3643 1394 3680 nos-

150 3717 256 3768 trarum
280 3713 482 3788 perlectiorem
506 3733 710 3792 proponamos.

254 3798 293 3854 Et
318 3817 352 3854 ea
376 3798 503 3876 quidem,
535 3821 609 3877 qnae
639 3801 659 3860 l.
689 3821 713 3860 c.
742 3802 893 3878 proposita
925 3809 994 3859 sunt
1017 3800 1053 3856 de.
1076 3821 1112 3856 ea
1136 3812 1217 3876 [rorte
1242 3799 1395 3874 potestatis

149 3883 283 3952 clavium,
298 3881 320 3948 n
351 3905 426 3963 quae
457 3884 493 3942 ad
525 3898 646 3964 peecata
676 3889 742 3964 ipsa
769 3887 893 3944 refertur
915 3908 965 3944 sen
989 3886 1025 3942 de
1051 3888 1222 3943 remissione
1246 3895 1276 3940 et
1298 3897 1394 3940 reten-

149 3970 226 4027 tione
257 3980 450 4048 peecatorum,
482 3974 581 4030 oinnia
615 3972 776 4051 eodemque
806 3973 918 4044 ordine,
948 3994 1006 4051 quo
1037 3973 1128 4030 allata
1158 3987 1233 4032 siim.
1257 3971 1392 4047 persequi

148 4053 228 4128 libet,
251 4057 302 4115 sed
326 4067 395 4116 ante
419 4080 527 4136 ponere
551 4061 611 4130 illa,
635 4080 710 4138 quae
734 4081 792 4118 non
816 4060 936 4138 quidem
959 4059 997 4117 ad
1020 4060 1196 4117 catholicam
1227 4057 1392 4115 doctrinam

150 4141 186 4199 ab
213 4144 404 4203 orientalibus
430 4147 577 4224 theologis
608 4146 834 4218 defendendam,
869 4147 920 4204 sod
951 4145 989 4204 ad
1021 4145 1225 4204 illustrandam
1256 4155 1284 4202 et
1315 4163 1395 4200 eom-

150 4229 287 4305 plendam
311 4232 464 4305 conferunt
487 4253 541 4292 nec
564 4232 668 4292 eadem
692 4233 850 4311 diligentia
874 4234 911 4291 ab
933 4232 1127 4292 orientalibus
1149 4238 1321 4290 tractantur.

256 4315 355 4392 Quare
378 4321 510 4397 quaestio
534 4322 629 4398 prima
652 4323 690 4378 sit
712 4320 749 4378 de
772 4323 947 4380 exsistentia
971 4322 1123 4397 potestatis
1139 4319 1280 4376 eeclesiae
1296 4319 1397 4375 remit-

153 4401 232 4460 tendi
255 4419 383 4482 peecata.
406 4405 467 4464 l'bi
491 4409 646 4484 ponimus:

160 4531 318 4541 --------,--

212 4591 231 4656 ¹)
250 4590 292 4646 Do
310 4591 362 4646 liae
398 4591 534 4646 clavium¹‘
558 4595 706 4662 potestate
735 4591 769 4647 ef.
787 4592 939 4647 Thomas
968 4591 1035 4660 Aa,
1054 4591 1087 4644 ln
1104 4590 1121 4643 l.
1140 4592 1166 4645 l.
1185 4591 1255 4642 sent.
1274 4589 1339 4641 dist.
1359 4583 1394 4639 18

251 4631 641 4798 gggfi'afinigaellavarrus,
660 4661 703 4715 De
721 4678 803 4731 poen.
822 4661 887 4716 dist
906 4661 926 4716 1.
946 4677 1006 4730 cap.
1026 4660 1078 4714 ‘Ex
1096 4659 1155 4726 iis¹3
1187 4659 1234 4712 ne
1253 4657 1329 4722 San,
1349 4656 1392 4708 De
