3450 5342
671 313 863 369 -323—

118 497 334 580 gubernium
355 502 504 578 spectant,
525 512 594 552 sese
612 511 651 552 ne
675 496 857 562 immisceat,
882 526 915 536 -
934 494 1073 550 officium
1100 492 1343 549 ecclesiasticum
1363 497 1393 546 et

120 567 295 623 ieiunium
315 566 563 622 abbreviandum
583 582 618 621 ac
639 567 824 621 mutandum
845 571 901 620 est.

247 638 1238 722 anonae,dercyiuslovi·arazviti1arussko·
1270 649 1391 718 bogo-

126 720 325 789 slovskoj
348 723 464 792 mysli
484 739 503 777 v
523 726 646 792 epohu
666 720 765 776 Niko
789 723 850 776 a'a
870 721 893 776 I.
914 720 1086 786 (Deindole
1106 725 1135 774 et
1154 665 1390 775 condicionibus

126 791 334 848 evolationis
356 791 452 847 studii
472 791 636 862 theologici
655 797 796 860 tempore
843 789 932 846 icolai
952 789 979 858 I)
1006 789 1048 856 Il,
1077 791 1224 852 644-ss68,
1242 790 1390 844 854-877.

127 866 265 918 Auctor
293 877 331 916 ex
357 860 546 930 scriptorum
571 862 638 916 eius
664 859 816 928 temporis
840 858 999 930 operibus
1029 859 1105 929 quid
1132 859 1227 914 Russi
1255 863 1329 913 tunc
1353 858 1392 912 de

130 933 242 987 rebus
269 931 308 985 ad
334 929 515 1000 religionem
541 930 771 1000 pcrtinentibus
801 929 957 984 senserint
982 944 1107 1000 quaque
1134 928 1254 984 ratione
1282 942 1391 982 eorum

132 1001 311 1070 opiniones
330 1001 473 1055 evolutae
493 1000 556 1054 sint
574 999 724 1069 depingit.
1298 1001 1302 1010 '

259 1072 286 1123 V.
309 1070 407 1137 Papae,
435 1069 739 1140 ilristianskaja
764 1068 914 1123 l‘uhov‘
940 1068 1013 1122 kalt
1037 1067 1212 1122 istinnoe
1232 1081 1394 1120 osnova-

134 1140 205 1194 nie
227 1140 236 1194 i
258 1139 324 1193 cel'
343 1137 621 1209 celoveceskoj
643 1138 744 1193 ilani
764 1085 899 1204 (hamas
918 1136 1088 1218 christiana
1101 1143 1136 1192 ut
1154 1135 1392 1216 fundamentum

136 1215 170 1264 et
191 1208 273 1263 finis
293 1208 374 1264 vitae
387 1208 554 1277 humanae)
565 1207 615 1274 ΙΙ.,
636 1208 781 1262 ris-731.
803 1207 949 1264 Caritatis
963 1206 1150 1262 christianae
1169 1206 1297 1260 dotibus
1308 1219 1395 1260 enar·

137 1277 224 1333 ratis
245 1293 284 1332 ex
304 1278 400 1332 rebus
417 1277 661 1344 irrationalibus,
681 1292 719 1332 ex
734 1275 870 1332 hominis
885 1283 997 1332 natura
1016 1281 1097 1332 etex
1111 1291 1136 1331 s.
1151 1275 1308 1344 scriptura
1326 1289 1397 1328 con-

138 1347 244 1402 cludit
256 1346 414 1401 caritatem
430 1346 631 1402 christianam
644 1362 714 1401 esse
725 1346 807 1400 vitae
818 1347 973 1402 humanae
988 1346 1227 1401 fundamentum
1239 1359 1274 1399 ac
1292 1344 1397 1400 finem.

254 1433 290 1487 P.
309 1432 435 1497 Leniter,
456 1432 481 1487 O
502 1432 643 1488 scastii
661 1432 719 1499 (De
738 1431 901 1500 felicitate).
927 1433 968 1500 11,
989 1433 1133 1488 732-743.
1163 1433 1202 1487 Ut
1221 1430 1397 1486 felicitatem

141 1504 219 1574 quis
241 1503 326 1557 hisce
345 1502 487 1557 interris
506 1503 634 1571 assequi
648 1503 758 1573 possit,
778 1503 941 1571 sequentia
960 1503 986 1557 ei
1001 1502 1190 1572 praestanda
1209 1505 1298 1556 sunt:
1318 1515 1398 1579 quae

141 1577 175 1628 in
197 1571 264 1626 vita
278 1571 435 1638 eveniunt,
454 1586 554 1642 aequo
569 1572 674 1627 animo
693 1576 835 1644 tractare,
856 1602 888 1610 -
905 1572 1001 1627 vitam
1022 1573 1054 1626 in
1069 1571 1205 1641 quadam
1225 1569 1397 1640 optimrsmi

142 1645 214 1698 luce
234 1646 403 1709 acceptare,
430 1673 448 1678 —
476 1643 516 1695 ad
536 1640 713 1710 praesentia
733 1640 843 1709 magis,
863 1657 956 1712 quam
978 1642 1016 1696 ad
1037 1656 1081 1708 ea,
1104 1641 1234 1710 quaein
1254 1641 1396 1695 futurum

143 1711 275 1767 evenire
294 1711 418 1780 possint
443 1711 582 1766 animum
610 1711 778 1774 attendere,
809 1741 835 1748 -
861 1727 956 1780 quam
984 1711 1142 1766 minimam
1171 1726 1276 1766 rerum
1297 1714 1397 1764 exter-

145 1796 261 1836 narum
283 1780 486 1843 indicendam
507 1781 631 1835 habere.

254 1868 488 1936 ArnimMihail,
508 1867 777 1922 Sumasestvie
796 1867 873 1922 kak
893 1867 1020 1937 povod
1041 1867 1252 1920 krazvodu
1268 1865 1394 1934 (Mentis

147 1936 308 1992 aberratio
322 1936 440 1990 suflicit
458 1937 497 1990 ad
510 1936 668 1992 vinculum
683 1936 912 1992 matrimoniale
922 1935 1175 2001 dissolvendum)
1192 1935 1234 2002 ll,
1246 1935 1393 1992 832-853.

150 2005 349 2087 Commissio,
373 2021 453 2074 quae
472 2006 511 2060 ad
530 2006 634 2087 legum
654 2004 791 2060 civilium
807 2005 1067 2087 ,codiiicationem
1087 2005 1230 2087 instituta
1249 2013 1304 2072 est,
1317 2019 1396 2128 pro·

150 2075 847 2200 {declamatasattulerat
868 2075 1394 2213 ligol&llllllllaillllsuhl

150 2221 186 2270 ut
204 2215 296 2270 etiam
318 2214 474 2295 periodica
502 2215 615 2269 inentis
634 2213 799 2277 aberratio,
823 2214 971 2284 epilepsis
991 2221 1020 2268 et
1041 2213 1242 2269 melancholia
1261 2213 1396 2268 disrum-

152 2300 226 2354 pere
245 2288 347 2353 possrt
365 2283 524 2338 vinculum
546 2283 782 2338 matrimoniale.

254 2369 436 2427 laroma
465 2369 492 2424 K
520 2385 696 2438 voprosu
726 2370 772 2425 ob
802 2371 1030 2440 istocuikah
1060 2369 1396 2439 hristianslcago

153 2437 412 2508 vcroucenija
431 2439 440 2493 i
460 2440 627 2508 zadacah
647 2455 722 2508 ego
742 2440 800 2505 tile
813 2439 954 2494 iontihus
974 2441 1160 2495 christianae
1174 2439 1247 2494 fidei
1267 2441 1397 2509 eiusque

154 2510 228 2575 line)
261 2509 312 2577 11„
341 2510 489 2564 tta-suo.
525 2509 702 2564 Secundum
734 2514 892 2564 auctorem
925 2510 1070 2579 theologo
1101 2509 1205 2564 cuoad
1237 2509 1396 2578 religionis

155 2578 341 2633 christianae
359 2577 472 2646 fontes
499 2578 516 2631 i.
536 2593 560 2632 e.
587 2593 610 2632 s.
631 2578 818 2647 scripturam
840 2584 870 2632 et
890 2579 1088 2633 traditionem
1111 2527 1189 2632 llaec
1209 2579 1397 2646 praestanda

157 2653 238 2702 sunt:
257 2647 356 2715 primo
375 2647 468 2702 dehet
487 2646 555 2702 illas
572 2647 744 2728 intelligere
758 2655 796 2709 et,
815 2647 891 2715 quid
905 2647 974 2702 illae
990 2648 1129 2714 doceant,
1150 2647 1238 2712 scire;
1260 2648 1396 2702 secundo

156 2715 318 2772 ostendere
332 2716 424 2770 debet
442 2717 564 2772 illarum
582 2716 824 2786 pulcritudinem
844 2722 937 2786 atquc
957 2717 986 2771 in
1002 2718 1097 2771 vitam
1118 2717 1284 2781 inilnxum;
1306 2717 1396 2771 tertio

156 2787 245 2841 debet
264 2799 317 2839 eas
336 2785 512 2840 detondere.

257 2854 294 2909 N.
313 2853 472 2920 Nilotica,
493 2855 518 2910 O
538 2855 826 2926 prepodavanii
846 2853 1056 2924 patristiki
1077 2872 1095 2909 v
1111 2856 1140 2910 S.
1161 2855 1398 2978 Peterhurrp

159 2923 251 2994 skoj
277 2924 492 2994 ‹luliovnoj
515 2925 705 2980 akademii
730 2943 748 2980 v
768 2927 872 2980 40-50
895 2925 1022 2994 godeh
1042 2925 1122 2980 XIX.
1148 2924 1334 2994 stolatija,
1355 2924 1396 2990 I,

158 2995 299 3048 878-888.
326 2994 417 3046 Anno
436 2995 502 3047 1841
533 2993 660 3049 inducta
679 3000 726 3049 est
756 2993 899 3063 specialis
918 2994 1065 3049 cathedra
1094 3010 1152 3063 pro
1177 2995 1337 3062 patristica
1365 2995 1396 3048 in

158 3061 310 3117 academia
335 3062 573 3130 Petropolitana.
603 3064 707 3118 Huius
737 3063 920 3132 disciplinae
949 3064 1049 3133 prim-t
1078 3063 1141 3118 iata
1160 3079 1197 3117 ex
1219 3063 1343 3132 scriptis
1366 3065 1398 3118 P.

160 3130 371 3201 Kelossovslrij
394 3140 503 3186 auctor
522 3140 654 3188 enarrat.
1265 3133 1305 3187 M.
1324 3132 1362 3186 H.

267 3268 460 3338 Vlcdc‘mc'r
477 3270 654 3337 Soloc¹ec:
681 3273 811 3340 Pocula
833 3295 858 3339 11
881 3293 1101 3341 necneucnua
1126 3293 1283 3358 nepnons
1315 3274 1400 3348 (1111-

161 3364 214 3438 sija
241 3365 249 3419 i
280 3362 470 3438 vselenskaja
493 3363 631 3438 ccrk0v⁴).
662 3360 843 3446 Hepcaofrs
866 3383 909 3424 ca
933 3370 1185 3449 sppaunyncsaro
1215 3361 1273 3444 (La
1299 3365 1411 3422 ltussic-

162 3458 189 3506 et
209 3447 346 3526 L'Eglise
376 3449 575 3526 universclle).
607 3451 714 3507 liuasia
745 3458 774 3506 et
804 3451 930 3508 ecclesia
961 3451 1146 3509 universalis.
1178 3450 1268 3508 Liber
1297 3471 1399 3508 versus

163 3537 415 3614 cl'rancogallico:
433 3536 477 3593 La
494 3538 597 3594 llussio
613 3537 789 3612 etL‘liglise
805 3537 991 3594 univcrscllc.
1005 3540 1174 3596 (fr-acoriac.
1186 3537 1400 3616 'l'ypographia

164 3623 249 3679 121.
272 3625 367 3680 Audio
390 3634 419 3680 et
443 3625 507 3680 h'oc.
533 3625 624 3683 1904.
649 3618 686 3680 8⁰
707 3643 774 3700 pag.
799 3625 869 3681 222.

263 3709 354 3768 Liber
369 3710 392 3769 l.
409 3710 454 3766 lle
468 3710 620 3786 religionis
629 3710 753 3768 llussiae
767 3719 795 3768 ct
804 3712 936 3770 Orientis
950 3710 1103 3768 christiani
1117 3723 1202 3772 statu.
1220 3712 1254 3770 ln
1267 3712 1363 3788 capite
1376 3711 1399 3768 I.

164 3798 311 3873 exponitur
333 3798 463 3854 narratio
488 3797 610 3854 llnssica
633 3796 669 3853 de
693 3818 715 3857 s.
739 3797 861 3854 Nicolao
884 3812 912 3854 ct
935 3799 1078 3854 Cassiano
1102 3808 1130 3854 ct
1154 3800 1216 3854 eius
1240 3798 1399 3876 applicatio

165 3881 198 3940 ad
218 3883 354 3942 ccclesias
378 3881 499 3940 divisas.
523 3884 567 3941 Ss.
586 3884 727 3941 Nicolaus
750 3893 780 3942 et
796 3883 956 3942 Cassianus
973 3883 1029 3940 'Dei
1054 3885 1134 3942 iussu
1156 3886 1311 3942 interram
1335 3905 1400 3962 pro-

165 3969 226 4026 iecti
247 3983 322 4040 sunt,
346 3980 377 4028 nt
390 3990 435 4028 ros
452 3981 582 4028 terrenas
599 3982 818 4046 cognoscerent.
841 3969 1086 4028 Perambulantes
1102 3979 1209 4028 terram
1232 3971 1400 4028 vehiculum

167 4057 223 4125 viri,
244 4058 274 4113 in
297 4056 359 4115 luto
383 4057 514 4124 infixum,
538 4067 762 4134 conspexerunt.
787 4061 815 4118 ὃ,
839 4057 980 4115 Nicolcus
997 4056 1115 4134 quidem
1132 4060 1227 4115 virum
1251 4058 1401 4116 ini'cliccm

169 4140 271 4200 adiuvit
301 4156 330 4201 et
361 4142 430 4200 hinc
454 4143 628 4200 nouaclum
660 4143 795 4202 laudatus
818 4156 861 4200 est
887 4165 904 4201 a
927 4167 948 4203 a.
972 4144 1060 4201 Petro
1084 4143 1135 4202 scd
1158 4146 1248 4202 etiam
1271 4148 1402 4222 praemio

168 4226 288 4299 donatus,
319 4239 351 4286 ut
373 4229 481 4287 festum
511 4249 594 4286 suum
626 4228 672 4286 bis
694 4230 891 4288 celebraretur
930 4231 1054 4306 singulis
1078 4233 1164 4289 annis
1187 4234 1308 4308 ipsoque
1339 4243 1404 4309 post

170 4336 188 4371 s.
208 4315 321 4373 Petrum
352 4318 384 4374 in
406 4317 514 4374 ltussia
545 4318 668 4372 maximi
692 4317 786 4392 ficrct3
811 4337 832 4374 s.
856 4338 926 4376 vero
950 4317 1118 4386 Cassianus,
1150 4319 1199 4394 qui
1225 4320 1342 4378 veritus.
1367 4339 1403 4375 nc

169 4400 227 4458 alba
254 4404 345 4460 vestis
376 4403 580 4471 macularetur,
612 4403 722 4460 nullam
754 4424 873 4461 manum
897 4416 1038 4474 moverat,
1069 4405 1161 4461 solum
1186 4404 1276 4461 semel
1300 4416 1403 4481 qumto

167 4507 270 4566 qnoque
286 4509 365 4547 anno
388 4486 450 4569 (29.
467 4487 567 4564 Febr.)
591 4490 753 4548 testivitate
776 4490 910 4549 lactatur.
939 4491 1092 4562 „Ecclesia
1108 4489 1308 4558 occidentalis,
1332 4492 1400 4547 mis·

168 4576 231 4632 sioni
247 4575 424 4652 apostolicac
441 4575 546 4647 tidelis,
567 4577 628 4633 luto
644 4578 723 4633 vitae
736 4576 927 4654 quotidianae
944 4579 1076 4652 immergi
1104 4599 1161 4634 non
1174 4576 1305 4634 timebat.
1330 4577 1399 4634 Sola
