3450 5342
747 484 936 539 -299-

221 676 329 731 runica
358 676 442 731 iuxta
464 674 629 731 Romanum
654 674 763 745 llitum,
798 692 874 751 quae
897 673 987 749 vulgo
1010 674 1146 747 Liturgia
1168 673 1470 749 (llagolito-llomana

221 760 395 839 appellatur,
418 762 527 839 passim
551 760 687 819 invaluit.
711 761 789 817 llum
814 762 844 819 in
869 760 990 835 liturgia
1003 758 1232 819 Graecoslavica
1250 760 1469 839 palaeoslavica

221 848 404 923 linguarum
428 846 593 926 cyrillianis
617 844 836 905 characteribus
852 849 943 922 riget.
966 849 998 904 in
1021 845 1144 925 illyrico
1166 846 1343 905 occidentali
1366 847 1469 924 lingua

221 934 358 993 Creatica
380 934 512 1011 vulgaris
534 935 618 993 iuxta
631 935 796 991 Romanum
821 934 921 991 llltum
945 932 1165 993 characteribus
1185 955 1256 991 vero
1270 934 1468 1012 peculiaribus

221 1020 408 1098 glagoliticis,
431 1020 549 1079 uberius
573 1021 692 1079 evoluta
714 1030 766 1079 est.

325 1106 451 1166 Codices
479 1110 669 1186 manuscripti
701 1108 853 1183 liturgiae
885 1105 1206 1183 Glagolito-liomanae
1229 1116 1259 1165 et
1282 1110 1465 1185 antiquiores
1540 1103 1547 1115 '

221 1192 287 1251 libri
312 1197 393 1274 typis
416 1196 551 1273 impressi
575 1204 643 1253 ante
667 1214 776 1252 annum
797 1194 887 1264 tots,
912 1213 970 1251 non
985 1192 1089 1271 lingua
1103 1194 1323 1271 palaeoslavica
1346 1193 1466 1253 dialecti

219 1280 429 1339 Macedonicae
446 1280 493 1339 vel
509 1282 709 1349 Pannonicae,
732 1279 785 1339 sed
800 1282 897 1357 potius
925 1280 1132 1350 ‚slavonica“,
1155 1301 1232 1359 (puae
1248 1295 1317 1339 tunc
1333 1280 1466 1359 vulgaris

221 1366 514 1445 Glagolito-croatica
549 1366 715 1439 vocabatur,
753 1369 911 1444 conscripti
947 1379 1035 1434 sunt;
1069 1367 1148 1426 unde
1182 1367 1261 1445 apud
1298 1368 1466 1446 philologos

221 1453 350 1514 redactio
374 1454 446 1513 haec
469 1454 609 1515 librorum
633 1474 781 1513 sacrorum
797 1474 905 1513 nomen
932 1454 1261 1531 ,lllagolito-croatica“
1290 1454 1401 1526 habet,
1424 1458 1468 1513 ita

220 1552 252 1599 ut
274 1543 370 1619 ipsum
385 1542 507 1599 Missale
523 1540 861 1619 Glagolito-llomanunr.
879 1561 939 1597 non
954 1540 1041 1597 alit‘er
1055 1561 1090 1599 ac
1109 1541 1249 1613 ,Missale
1273 1542 1460 1600 Oroatieum“

219 1626 466 1687 denominaretur.
488 1629 524 1687 In
547 1628 643 1687 frorite
665 1630 744 1686 enim
768 1627 900 1685 eiusdem
922 1628 1054 1685 Missalis
1077 1648 1156 1685 anno
1173 1631 1253 1686 1531
1272 1627 1464 1707 abepiscopo

221 1716 366 1789 Segnensi
390 1716 526 1774 Simeone
549 1716 673 1773 Kozidii'·
697 1713 733 1771 dc
757 1714 861 1790 Begna
884 1716 963 1793 typis
986 1713 1059 1772 editi
1083 1716 1125 1772 sic
1149 1714 1275 1791 legitur:

728 1827 816 1885 lllisal
840 1826 966 1884 hrvaclri

611 1935 648 1991 po
670 1913 788 1989 obidaju
810 1913 961 1989 rimslroga
983 1912 1076 1970 dvora

797 1999 874 2058 idest
887 2023 894 2057 :

689 2086 810 2145 blissale
833 2088 1001 2144 t‘roaticurn

455 2172 615 2231 secundum
638 2173 880 2233 consuetudinem
905 2175 1013 2231 Curiae
1038 2170 1236 2249 Romanae7).

324 2284 439 2363 lleapsc
455 2286 540 2345 XIV.
553 2308 575 2346 s.
588 2289 618 2344 in
630 2288 769 2345 uniuerso
785 2287 905 2367 Illyrico
922 2285 1108 2347 Occidentali
1121 2286 1287 2360 liturgiam
1300 2286 1466 2363 Glagolito-

221 2371 386 2430 Romanam
417 2374 611 2431 communiter
634 2375 664 2431 in
688 2394 741 2432 usu
765 2374 862 2443 luisse,
886 2376 970 2431 testis
993 2382 1038 2430 est
1061 2373 1193 2450 aequalis
1224 2372 1465 2451 chronographus

221 2458 358 2517 Pulhava
388 2461 418 2539 (l
444 2460 559 2535 1380):
594 2480 689 2539 ,papa
718 2492 752 2503 -
783 2462 813 2519 in
844 2475 1016 2539 perpetuum
1051 2460 1162 2530 statuit,
1193 2458 1271 2537 quod
1302 2461 1333 2517 in
1363 2460 1467 2537 lingua

222 2545 388 2603 Slors'anica
417 2548 531 2624 possint
562 2550 649 2605 misse
681 2559 710 2605 et
741 2546 801 2607 alia
831 2547 936 2605 divina
968 2546 1067 2604 officia
1097 2544 1249 2605 celebrari.
1281 2546 1320 2603 ltlt
1349 2549 1392 2603 sic
1414 2568 1468 2625 per

221 2630 491 2711 archiepiscopatus
514 2642 543 2691 et
564 2635 733 2711 provincias
757 2638 971 2712 &polatensem
994 2634 1207 2709 liagusienscm
1232 2642 1261 2690 ct
1280 2631 1464 2691 ladriensem

220 2728 249 2775 et
280 2718 357 2797 apud
388 2740 489 2779 omnes
520 2720 718 2797 sutl'raganeos
748 2741 846 2779 eorum
878 2733 908 2777 ct
937 2721 1044 2778 multos
1075 2720 1148 2777 alios
1186 2721 1370 2797 episcopatus
1404 2730 1465 2779 tarn

220 2826 273 2883 per
295 2806 424 2883 presules
449 2826 535 2885 quarn
560 2828 611 2885 per
633 2806 800 2865 sacerdotes
831 2810 919 2865 misse
943 2820 971 2865 et
995 2807 1055 2865 alia
1076 2805 1181 2864 divina
1203 2826 1295 2881 usque
1319 2805 1407 2864 hodic
1431 2808 1463 2865 in

222 2891 373 2951 slavonico
395 2893 597 2951 cclebrantur“
616 2889 650 2969 Β).

325 2980 412 3037 Hane
443 3000 512 3038 vero
542 2980 672 3057 linguam
708 2981 896 3039 slavonicam
932 2980 1098 3055 liturgicum
1126 2978 1465 3054 Glagolito·croaticam

221 3064 379 3124 blavoniae
402 3066 451 3125 vel
473 3067 587 3145 Illyrici
612 3066 814 3126 Occidentalis
837 3067 969 3140 linguam
993 3066 1153 3142 vulgarem,
1175 3079 1279 3123 utnon
1301 3066 1464 3143 palacosla·

221 3153 318 3210 vicem
340 3152 562 3211 Macedonicam
578 3153 627 3211 vel
647 3154 860 3221 Pannonicum,
884 3166 954 3211 tunc
976 3156 1035 3211 iam
1058 3155 1230 3222 extinctam,
1253 3173 1290 3211 ex
1314 3152 1466 3231 praeclaro

219 3241 388 3297 testimonio
411 3240 561 3317 pontilicio
585 3240 715 3299 eiusdem
739 3242 887 3318 temporis,
911 3240 1001 3297 fuisse
1023 3249 1112 3317 patet.

323 3326 460 3404 Epistola
487 3330 565 3385 eninr
597 3327 819 3385 Clementis
843 3346 937 3405 papae
961 3327 1012 3383 l'l.
1036 3345 1113 3384 anno
1133 3328 1214 3382 1346
1239 3325 1277 3383 ad
1294 3326 1464 3390 Arnostum,

218 3412 400 3488 Pragensem
434 3414 685 3493 archiepiscopum
708 3414 786 3485 data,
809 3414 950 3491 explicite
973 3412 1113 3482 declarat,
1142 3413 1274 3485 linguam
1305 3412 1459 3489 glagolito·

219 3502 376 3557 croaticam
392 3502 423 3557 in
440 3522 461 3559 s.
477 3500 597 3577 liturgia
621 3502 771 3577 vigentem
794 3502 872 3558 inter
887 3500 1046 3558 catholicos
1063 3500 1177 3579 lllyrici
1193 3498 1396 3558 Occidentalis
1412 3500 1461 3556 vel

222 3585 380 3645 Slavnnlae
404 3586 455 3645 illo
478 3596 609 3665 tempore
637 3588 727 3645 luisse
750 3588 883 3663 linguam
907 3587 1130 3664 vulgarem:

327 3674 530 3749 ,Significavit
547 3674 632 3733 nobis
650 3708 686 3716 —
706 3674 835 3732 Karolus
851 3674 983 3732 hlarclrio
1000 3674 1160 3742 Moraviae,
1176 3672 1255 3751 quod
1271 3674 1302 3730 in
1319 3672 1463 3731 b'lavonia

221 3770 250 3816 et
272 3760 422 3818 nonnullis
451 3760 583 3838 partibus
614 3760 650 3819 de
675 3761 834 3820 slavonica
866 3761 968 3837 lingua
1001 3759 1197 3818 existentibus
1229 3763 1318 3818 misse
1351 3759 1461 3816 etalio

220 3844 290 3903 hore
313 3848 454 3905 canonice
476 3847 514 3905 ad
538 3847 655 3905 laudem
673 3848 785 3906 Christi
808 3850 839 3905 in
862 3867 981 3905 corum
1006 3847 1148 3922 vulgari
1171 3844 1208 3903 de
1226 3845 1349 3904 licentia
1372 3854 1401 3903 et
1425 3866 1463 3902 cx

218 3931 333 3991 indulto
350 3933 436 3991 Sedis
452 3935 642 4011 Apostolicae
658 3934 803 4011 leguntur,
820 3942 849 3991 et
866 3936 955 3991 otiam
971 3932 1182 3990 decantantur“
1200 3928 1235 4005 ⁰).
1261 3930 1342 3989 llaec
1361 3933 1464 4007 lingua

219 4020 400 4096 vulgaris
442 4022 473 4078 in
508 4022 650 4079 blavonia
691 4042 768 4079 anno
808 4022 889 4078 1346
924 4022 1030 4095 vigens
1063 4021 1095 4075 in
1130 4021 1229 4087 sacris,
1264 4039 1281 4076 a
1314 4019 1460 4076 Poutilice

221 4106 460 4164 Innocentio
495 4108 545 4169 ll'.
576 4108 701 4185 epistola
732 4128 810 4165 auno
844 4110 925 4164 1246
957 4105 995 4163 ad
1019 4105 1192 4184 Philippum
1225 4107 1407 4182 Seguensem
1430 4126 1461 4163 6-

218 4194 368 4270 piscopum
408 4192 486 4263 data,
531 4214 595 4252 curn
639 4194 740 4271 lingua
781 4192 1104 4270 tJroatico-glagolitica
1136 4193 1185 4251 vel
1221 4192 1461 4271 Hieronymiana

217 4278 434 4339 identificatur:
462 4283 511 4353 ,in
535 4282 676 4339 b'lavonia
699 4291 742 4338 est
759 4281 858 4339 littera
874 4280 1019 4359 specialis,
1043 4300 1130 4357 quam
1154 4280 1233 4338 illius
1257 4290 1334 4337 terre
1358 4279 1458 4336 clerici

217 4386 247 4424 se
280 4366 388 4425 habere
417 4388 435 4425 a
465 4366 550 4427 beato
581 4368 766 4447 Hieronymo
793 4377 966 4438 asserentes,
998 4386 1063 4424 eam
1095 4365 1254 4425 observant
1284 4368 1316 4423 in
1346 4364 1458 4423 divinis

280 4552 301 4619 ⁷)
322 4550 378 4607 Ct'r.
391 4551 421 4621 Lj
430 4550 517 4675 upbit,
530 4552 833 4633 Ogtedalotkujitevue
847 4550 969 4621 poviesti
979 4550 1218 4621 jugoslavjauske
1231 4549 1254 4605 1.
1277 4548 1370 4604 Rielra
1386 4550 1462 4617 1864,

345 4620 420 4689 ‚383
452 4624 590 4687 *urmrm
609 4622 747 4744 Pogpest.
770 4663 776 4676 .
796 4662 801 4675 .
823 4638 849 4691 p.
867 4622 911 4675 59.

281 4693 304 4753 ⁸)
358 4708 379 4747 r.
398 4692 427 4745 F.
447 4690 473 4745 h.
492 4690 522 4745 L.
541 4690 636 4747 G.·R.:
683 4690 722 4744 IV
741 4706 763 4745 s.
783 4690 815 4745 N.
833 4692 868 4744 29
886 4706 913 4759 p.
932 4690 966 4744 12
984 4706 1005 4743 s.

280 4761 302 4831 ⁹)
323 4759 379 4816 Cir.
397 4762 428 4815 F.
446 4760 473 4813 h.
492 4760 523 4815 L.
543 4759 623 4814 e-R.
642 4758 709 4813 XIV
729 4776 750 4814 s.
769 4760 801 4815 N.
820 4762 837 4815 5
855 4776 883 4829 p.
900 4760 926 4814 4.
