3450 5342
694 402 885 457 -239-

164 602 338 657 poenarum
359 584 533 655 peccatoris
552 584 701 654 operibus
721 583 1004 653 supererogatoriis
1026 584 1171 652 Deiparae
1187 588 1217 637 et
1231 588 1411 639 sanctorum

165 670 285 727 apapa
305 655 351 710 eis
374 655 406 709 in
431 670 497 709 rem
524 669 614 709 suain
639 654 810 708 conversis.
846 652 1064 719 Indulgentiae
1090 652 1304 708 conceduntur
1330 652 1413 707 vivis

167 726 235 796 (qui
262 725 438 781 liberantur
464 739 482 779 a
509 724 615 778 debito
642 722 852 778 satisfaciendi
879 722 1013 777 iustitiae
1041 722 1175 789 divinae)
1203 729 1233 776 et
1256 722 1413 777 defunctis

165 794 293 863 (quibus
313 796 448 863 spatium
469 798 694 848 tormentorum
713 792 745 847 in
759 792 944 873 purgatorio
963 791 1176 851 imminuitur).
1198 790 1413 860 Indulgentiae

165 864 285 919 dantur
310 864 394 918 dono
418 862 468 918 vel
493 878 552 932 pro
577 862 882 932 peregrinationibus
908 861 938 916 in
959 876 1047 917 sacra
1074 861 1139 917 loca
1165 862 1327 928 (Romam),
1355 876 1413 930 pro

164 933 298 989 utilibus
312 933 533 987 communibus
543 932 716 998 conatibus,
730 947 788 1001 pro
799 930 918 986 meritis
929 930 978 985 vel
993 930 1187 993 muneribus,
1201 929 1318 1000 quibus
1333 944 1413 1001 papa

164 1003 304 1058 iuvatur.
342 1002 559 1071 Indulgentiae
587 1006 721 1070 possunt
746 1016 816 1055 esse
841 1000 951 1070 plenae
979 1002 1050 1124 (pro
1075 1006 1140 1055 tota
1166 1001 1237 1065 vita,
1265 1000 1412 1055 omnibus

164 1070 322 1141 peccatis),
343 1070 391 1126 vel
410 1086 474 1126 non
493 1070 601 1140 plenae
622 1075 692 1140 ipro
710 1070 828 1140 aliquot
845 1069 936 1125 annls
957 1085 994 1125 ve
1024 1069 1116 1125 etiam
1138 1070 1268 1137 diebus).

269 1144 294 1196 5,
315 1140 567 1196 Sacramenta
587 1144 661 1195 sunt
679 1139 885 1195 conductores
905 1138 1125 1221 (provodniki)
1145 1139 1228 1195 unde
1243 1137 1413 1195 Christiani

164 1210 302 1281 gratiam
329 1210 396 1265 sine
421 1209 484 1264 ulla
509 1209 518 1263 i
544 1224 650 1264 sorum
677 1224 752 1264 cura
776 1210 958 1275 (soeustiiic)
983 1209 1140 1264 hauriunt.
1178 1208 1279 1264 Etiam
1300 1208 1354 1278 qui
1373 1208 1412 1263 dc

165 1286 363 1335 sacramento
382 1294 444 1333 non
463 1294 497 1332 ci·
537 1278 570 1346 it,
589 1283 692 1348 potest
710 1279 842 1349 gratiam
864 1278 1036 1333 salvantem
1057 1279 1118 1333 acci
1142 1293 1203 1333 ere.

270 1350 288 1403 6
317 1348 546 1417 Baptismus
565 1347 721 1403 inlusione
741 1352 815 1414 (non
833 1348 1043 1414 immersione)
1064 1364 1101 1417 pe
1136 1348 1233 1413 bitur,
1252 1348 1269 1401 i.
1288 1362 1312 1402 e.
1332 1362 1411 1417 aqua

163 1416 345 1499 infunditur
363 1416 455 1487 capiti
473 1418 549 1484 eius,
568 1417 622 1541 qui
635 1416 819 1485 baptizatur,
839 1416 914 1472 dum
935 1416 1138 1487 proferuntur
1157 1418 1267 1473 verba:
1287 1418 1410 1486 baptizo

165 1491 195 1541 te
213 1502 246 1541 iii
265 1486 391 1542 nomine
411 1487 515 1542 Patris
534 1494 564 1542 et
596 1486 650 1541 'ilii
668 1494 698 1541 et
718 1486 855 1553 Spiritus
875 1501 898 1540 s.

269 1559 296 1611 7.
316 1555 582 1612 Conlirmatic
610 1571 671 1611 non
700 1556 864 1625 perficitur
892 1556 995 1610 statim
1025 1559 1097 1625 post
1125 1557 1163 1611 ba
1188 1555 1325 1621 tisinum,
1355 1556 1410 1611 sed

163 1625 294 1681 demum
321 1629 394 1695 post
418 1626 586 1696 septimum
611 1627 720 1681 aetatis
743 1640 870 1681 annum.
909 1624 1144 1681 Sacramentum
1166 1572 1223 1680 Eoo
1243 1626 1330 1681 solus
1349 1625 1412 1695 epi-

165 1710 284 1764 scopus
304 1694 455 1763 perlicere
474 1700 585 1765 potest,
604 1696 658 1765 qui
676 1696 811 1750 frontem
832 1694 1040 1749 confirmandi
1060 1710 1182 1761 ungens
1201 1694 1287 1749 dicit:
1314 1694 1410 1763 Signo

164 1770 196 1819 te
215 1765 307 1888 gigno
326 1764 427 1819 crucis
447 1770 477 1819 et
495 1764 650 1819 confirmo
668 1765 836 1819 chrismate
855 1764 965 1820 salutis
984 1764 1015 1819 iii
1035 1766 1160 1819 nomine
1181 1764 1283 1819 Patris
1298 1770 1328 1819 et
1343 1764 1410 1819 Filii

164 1838 196 1888 et
260 1833 354 1888 iritus
374 1848 396 1888 s.

240 1850 295 1957 ρ8.
315 1902 353 1957 In
374 1902 571 1957 Eucharistia
590 1902 825 1964 (Priiasdenieh
845 1904 876 1983 a)
898 1904 986 1973 panis
1007 1902 1073 1957 sine
1093 1902 1246 1958 fermento
1266 1903 1333 1958 loeo
1352 1902 1411 1957 ier·

162 1972 309 2038 mentati;
329 1972 357 2043 li)
380 1988 403 2027 s.
417 1972 499 2026 dona
513 1972 855 2027 transsubstantiantur
867 1988 897 2027 in
913 1972 972 2029 Cor
995 1988 1032 2027 us
1046 1978 1075 2027 et
1090 1972 1278 2042 Sanguinem
1292 1971 1407 2028 Christi

161 2041 195 2095 in
214 2041 314 2096 missa
333 2046 405 2110 post
426 2040 523 2097 verba
543 2041 659 2097 Christi
678 2041 822 2111 (Accipite
841 2045 871 2096 et
891 1988 1075 2097 nianifucate
1095 2084 1100 2096 .
1120 2084 1125 2095 .
1148 2084 1153 2097 .
1173 2084 1179 2107 ‚
1200 2042 1295 2097 bibite
1314 2058 1352 2096 eir
1372 2056 1408 2097 eo

163 2115 304 2178 omnes);
335 2113 361 2183 c)
381 2111 536 2165 invocatio
560 2110 696 2179 Spiritus
722 2125 746 2165 s.
771 2111 888 2165 omissa
912 2118 972 2177 est;
1002 2112 1032 2179 d)
1053 2111 1119 2166 laici
1146 2112 1205 2167 sub
1231 2126 1294 2167 una
1319 2112 1408 2181 panis

163 2179 268 2250 specie
287 2181 326 2235 ad
346 2180 596 2236 communionem
616 2180 840 2245 admittuntur;
877 2182 902 2249 e)
922 2180 1011 2251 pueri
1031 2181 1069 2235 ad
1100 2182 1157 2235 hoc
1177 2185 1406 2237 sacramentum

162 2249 310 2305 accedere
330 2255 485 2305 vetantur.

268 2322 293 2373 9.
313 2318 567 2375 Poenitentia
593 2347 627 2359 -
651 2322 698 2372 cst
717 2323 878 2373 externum
899 2319 938 2373 de
958 2324 1118 2388 peccatore
1137 2319 1293 2375 iudicium.
1332 2318 1411 2376 Con·

162 2387 288 2443 fossarii
309 2387 384 2442 nihil
405 2389 509 2443 minus
528 2392 648 2453 curant,
671 2402 766 2456 quam
792 2388 1041 2443 emendationem
1068 2389 1292 2444 confitentium.
1331 2389 1410 2445 Con·

161 2456 259 2511 fessio
285 2472 378 2539 saepe
404 2462 452 2512 est
477 2458 720 2511 instrumentum
740 2457 779 2511 ad
799 2458 1014 2527 cognoscenda
1039 2466 1157 2513 secreta
1181 2459 1358 2513 communia
1378 2463 1410 2513 et

162 2526 365 2595 particularia
385 2528 463 2597 ttajn
483 2527 736 2595 obscestvennyh
755 2526 764 2579 i
783 2527 871 2580 ‹lastn
886 2530 935 2597 Ἢ).
972 2528 1135 2583 hhsolutio
1154 2542 1171 2583 a
1191 2529 1324 2597 peccatis
1343 2542 1406 2583 non

162 2600 212 2651 est
231 2595 337 2663 plena:
358 2596 389 2651 in
403 2602 563 2665 peccatore
579 2595 718 2650 debitum
741 2595 837 2664 (dolg)
856 2543 983 2666 aliquod
998 2602 1145 2665 romanet,
1166 2614 1299 2667 proquo
1313 2598 1406 2652 homo

162 2664 299 2720 iustitiae
319 2664 442 2720 divinae
463 2666 642 2720 satisfacere
659 2665 752 2720 dehet
772 2666 948 2734 (epitiiniaa
968 2666 1200 2735 indulgentiae).

269 2738 310 2789 10.
330 2735 622 2790 Matrimonium
647 2733 812 2789 insolubile
831 2740 879 2789 est
898 2735 989 2790 etiam
1010 2737 1040 2791 in
1061 2752 1153 2791 causa
1173 2735 1316 2790 adulterii
1336 2735 1407 2791 alte-

162 2803 337 2859 riusntrius
356 2804 507 2874 coniugis.

263 2877 310 2935 ,11.
336 2874 374 2929 lii
399 2873 547 2929 Ordine
572 2873 750 2954 postulatur
774 2874 952 2929 caelibatus.
979 2906 1008 2913 *-
1036 2874 1123 2929 Inter
1147 2874 1266 2943 gradus
1293 2874 1408 2929 hierar-

162 2943 267 2998 chicos
298 2949 468 2999 occurrunt
497 2944 680 3009 cardinales,
713 2943 764 3012 qui
794 2943 899 3011 episco
922 2944 940 3009 i,
973 2944 1158 3013 presbyteri,
1189 2943 1309 2998 diaconi
1337 2958 1407 2998 esse

162 3019 307 3080 possunt.
328 3013 386 3077 Qui
408 3017 509 3068 status
528 3013 606 3067 adeo
625 3012 820 3067 excellentem
841 2959 958 3067 confert
977 3014 1008 3068 di
1033 3015 1168 3080 nitatem,
1187 3020 1222 3067 iit
1240 3012 1406 3068 cardinalis

163 3081 316 3137 diaconus
335 3082 427 3137 altior
446 3082 486 3136 sit
505 3082 652 3151 episcopo
671 3098 733 3135 non
753 3082 909 3137 cardinali.
949 3030 1128 3139 Garginales
1155 3082 1332 3152 presbyteri
1357 3084 1407 3137 ius

162 3150 280 3207 habent
291 3152 457 3207 ordinandi
468 3152 506 3206 ad
518 3152 681 3205 inferiores
696 3151 830 3205 honores
844 3151 1075 3220 ecclesiasticos
1089 3152 1120 3206 id
1135 3152 1219 3222 quod
1235 3152 1406 3207 secundum

163 3235 299 3276 canones
320 3221 407 3277 solus
426 3221 593 3290 episcopus
613 3221 713 3276 tacere
733 3226 844 3289 potest.
874 3221 937 3275 Soli
956 3222 1128 3277 cardinales
1148 3237 1260 3291 papam
1281 3221 1407 3291 eligunt,

162 3305 298 3360 eumque
317 3306 356 3345 ex
376 3305 434 3345 suo
453 3306 594 3345 numero.

268 3362 309 3415 12.
334 3360 470 3415 Unctio
497 3359 751 3414 intirmorum
780 3366 898 3428 spectat
923 3360 961 3415 ad
988 3366 1149 3430 aegrotum
1178 3359 1406 3416 sublevandum

161 3429 193 3483 in
205 3428 309 3483 morbi
323 3428 530 3484 incommodis
544 3435 574 3483 et
588 3429 763 3483 terroribus
778 3430 888 3485 mortis
903 3432 977 3497 (non
989 3430 1027 3484 ad
1039 3438 1201 3499 aegrotum
1218 3430 1408 3499 sanandum)

161 3504 192 3552 et
211 3504 331 3553 tantum
352 3498 391 3553 iis
410 3498 556 3566 aegrotis,
584 3498 634 3567 qui
652 3498 712 3551 iani
734 3499 876 3553 morituri
897 3505 977 3565 sunt,
1009 3500 1177 3567 confertur,
1206 3499 1288 3555 unde
1309 3514 1408 3554 sacra·

163 3573 303 3623 mentum
325 3568 524 3623 morientium
545 3566 726 3637 appellatur.
753 3568 808 3622 Ius
827 3569 928 3624 oleum
950 3569 1152 3623 consecrandi
1172 3569 1210 3623 ad
1231 3568 1289 3623 hoc
1309 3584 1409 3624 sacra·

162 3642 302 3693 mentum
322 3637 361 3691 ad
382 3637 482 3692 solum
503 3636 684 3706 episcopum
705 3638 846 3706 pertinet.

268 3708 307 3761 13.
329 3706 475 3761 Doctrina
499 3707 538 3761 de
566 3707 810 3776 purgatorio.
848 3706 895 3761 Ita
916 3706 1079 3775 peculiaris
1098 3708 1184 3761 locus
1205 3711 1335 3762 vocatur
1354 3705 1403 3760 vel

162 3780 263 3830 status
293 3775 498 3845 purgationis,
532 3776 583 3830 ubi
618 3776 738 3830 animae
770 3776 1000 3843 defunctorum,
1037 3777 1091 3847 qui
1127 3776 1403 3846 qualiumcumque

161 3849 360 3914 peccatorum
381 3845 598 3900 remissionem
618 3845 680 3898 vivi
701 3860 762 3899 non
782 3846 994 3913 obtinuerunt,
1016 3846 1063 3900 vel
1078 3846 1266 3915 temporales
1287 3860 1403 3914 poenas

162 3930 224 3969 uon
245 3915 393 3981 tuleiuut,
413 3920 463 3969 tor
487 3922 609 3981 uentur,
629 3914 726 3968 diiiicc
746 3931 763 3969 a
784 3916 915 3983 peccatis
938 3920 1121 3985 purgentur.

267 3986 308 4039 14.
328 3984 451 4038 Timore
494 3983 564 4051 iicti,
583 3998 622 4037 ne
642 3998 763 4038 sacra
783 3985 869 4038 scri
882 4001 901 4053 p
913 3992 950 4039 tu
963 4000 1013 4050 ra,
1034 3988 1157 4054 penitus
1173 3983 1295 4051 cognita
1315 3990 1344 4037 et
1360 3998 1408 4037 ex-

161 4050 278 4121 plorata
296 4051 446 4108 fidelibus
464 4053 628 4107 falsitatem
653 4053 874 4107 catholicorum
895 4054 933 4107 de
954 4069 992 4122 pa
1005 4062 1068 4108 tatu
1089 4054 1271 4123 placitorum
1294 4053 1407 4121 patela-

161 4127 252 4189 ceret,
272 4137 370 4192 papae
385 4138 494 4177 omnes
514 4121 608 4176 laicos
621 4138 639 4176 a
653 4122 757 4177 bibliis
776 4123 917 4191 legendis
932 4139 989 4192 pro
1002 4124 1161 4178 iihueiunt
1175 4130 1204 4178 et
1218 4121 1408 4243 iiibliaRvijrti

161 4197 337 4247 vetuerunt.
1332 4207 1370 4246 ei.

322 4314 527 4398 Aliorum
555 4316 721 4398 iudicia
748 4316 802 4397 ilc
830 4319 982 4399 nostro
1010 4316 1250 4417 periodlco.

265 4467 572 4549 wissenschattllclia
585 4468 709 4550 llatlaga
721 4482 777 4527 aar
790 4468 959 4529 ternanta.
980 4472 1055 4548 1996.
1070 4468 1123 4523 Nr.
1136 4470 1177 4523 21.
1192 4470 1293 4549 8316).
1317 4468 1351 4523 ·S
1360 4468 1368 4522 l
1374 4484 1405 4548 a·

163 4552 302 4592 vorum
322 4538 485 4593 litterae
504 4538 748 4608 theologicae
764 4580 792 4594 ..
812 4580 818 4593 .
839 4540 902 4593 Der
921 4545 1004 4593 erste
1021 4538 1185 4607 Jahrgang
1205 4538 1308 4592 dieser
1329 4539 1406 4593 Zeit-

162 4608 274 4662 schrilt
293 4607 369 4676 liegt
388 4608 546 4662 nunmehr
572 4608 728 4662 vollendet
747 4624 814 4662 vor.
833 4609 898 4663 Ans
917 4608 988 4663 dein
1009 4608 1079 4663 dem
1100 4608 1210 4662 letzteii
1232 4607 1326 4662 Helie
1347 4608 1407 4662 bei·

160 4678 342 4747 gegebenen
369 4676 721 4732 Inhaltsverzeichnisse
749 4677 849 4747 ergibt
869 4677 934 4732 sich
956 4694 990 4732 so
1011 4678 1105 4743 recht,
1125 4677 1220 4731 welch
1240 4676 1288 4731 eiii
1310 4677 1406 4732 Stiick
