3450 5342
672 286 866 344 -285-

119 478 307 532 orationum
338 477 396 554 ipsi
427 476 550 546 collatis,
585 487 680 555 potest
710 498 763 534 sua
785 477 872 554 culpa
903 497 939 534 ne
969 474 1243 534 ad‘contritionem
1266 475 1386 554 quidem

120 564 344 640 imperfectam
369 565 532 640 pervenire,
564 566 605 621 sic
630 564 704 621 alius
728 565 833 642 poterit
857 565 1032 622 contritione
1055 564 1185 640 perfecta
1208 565 1263 640 ipsi
1288 583 1388 620 neces-

122 651 220 706 saria
246 669 297 706 sua
330 649 415 726 culpa
439 649 595 708 destitutus
631 649 667 708 ad
699 653 904 708 aeternitatem
928 651 1077 707 infelicem
1102 651 1234 710 transire.
1279 652 1390 707 limnia

124 735 264 813 quidem
295 737 326 792 in
351 736 401 794 illo
432 757 565 814 supremo
590 747 736 796 momento
760 736 796 794 de
820 737 878 794 Dei
903 737 1020 794 infinita
1042 736 1243 794 misericordia
1273 757 1390 814 sperare

126 835 162 880 et
182 823 418 880 ferventissimis
441 822 622 882 orationibus
643 823 789 902 postulare
807 844 967 902 possumus,
990 823 1125 881 eflectum
1141 825 1230 880 ctiam
1248 825 1390 881 orationis

129 911 311 986 proximum
343 912 360 967 i.
384 931 409 968 e.
440 913 566 987 gratiam
598 909 635 968 ud
666 911 824 988 perfectam
858 912 1065 968 contritionem
1098 912 1293 968 necessariam
1323 929 1390 968 cum

128 1016 309 1074 nunquam.
324 995 470 1073 denegare
503 1000 549 1075 pie
580 1017 696 1076 sperare
727 1011 755 1054 et
779 997 899 1056 eredere
925 1017 1086 1075 possumus,
1121 1011 1151 1055 at
1174 996 1211 1054 de
1234 997 1337 1055 ultimo
1360 1007 1390 1054 et

129 1084 232 1160 pleno
255 1083 358 1141 salutis
381 1085 484 1142 ellectu
509 1085 671 1143 absolutam
695 1083 901 1142 certitudinem
925 1083 1034 1142 habere
1057 1105 1116 1141 non
1138 1104 1300 1162 possumus.

251 1167 365 1244 Quibus
394 1173 513 1228 omnino
544 1174 710 1250 suppositis,
745 1169 783 1228 ad
807 1171 931 1248 singula,
966 1191 1041 1248 quae
1065 1170 1102 1228 ad
1126 1171 1300 1228 solutionem
1330 1172 1391 1228 iam

133 1259 226 1334 prius
249 1259 427 1334 propositam
451 1257 566 1316 obiecta
589 1273 664 1328 suut,
688 1259 760 1316 haee
784 1256 954 1336 responderi
979 1270 1112 1335 possunt:

251 1341 299 1400 Ad
323 1352 436 1402 textum
460 1345 576 1402 concilii
601 1344 772 1403 Tridentini
795 1343 906 1402 ibidem
930 1345 1051 1402 allatum
1075 1343 1314 1401 animadversum
1337 1351 1391 1414 est,

135 1450 211 1486 eum
244 1428 280 1487 de
312 1430 481 1488 virentibus
515 1431 592 1509 loqui
626 1453 684 1490 non
708 1443 805 1490 autem
828 1431 866 1489 de
890 1431 1090 1490 morientibus.
1137 1431 1245 1487 Verum
1269 1429 1389 1507 quidem

134 1529 193 1584 est,
220 1517 377 1575 concilium
396 1517 564 1584 immediate
588 1528 615 1575 et
638 1518 748 1576 directe
772 1519 921 1577 bominem
945 1539 1049 1577 sanum
1072 1528 1203 1595 spectare
1220 1518 1267 1574 vel
1284 1518 1389 1574 saltem

135 1623 218 1672 eum,
253 1605 303 1680 qui
327 1603 423 1662 adbuc
452 1625 504 1682 per
526 1606 740 1664 confessionem
771 1606 857 1663 saluti
889 1608 1006 1663 animae
1036 1604 1187 1663 corisulere
1219 1607 1319 1681 possit,
1352 1602 1390 1660 de

139 1709 240 1768 eoque
265 1693 420 1748 enuntiare
443 1693 623 1749 attritionem
655 1692 736 1750 illam
760 1695 824 1750 sine
848 1695 911 1770 ipso
934 1700 1117 1750 sacramento
1141 1712 1170 1748 re
1194 1704 1329 1769 suscepto
1352 1689 1391 1748 ad

137 1777 380 1835 iustificationem
406 1799 463 1835 non
487 1779 628 1844 sufficere,
663 1801 757 1856 neque
781 1778 929 1836 decretum
953 1777 1123 1838 immediate
1146 1779 1242 1854 tangit
1265 1778 1390 1835 alteram

138 1865 355 1940 quaestionem,
379 1877 473 1922 utriun
499 1867 528 1923 iu
552 1887 632 1924 mera
655 1869 805 1924 attritione
828 1867 960 1924 existens
983 1878 1011 1924 et
1035 1869 1098 1924 sine
1121 1874 1304 1924 sacramento
1329 1885 1391 1921 mo·

140 1953 252 2010 rit-urus
274 1961 373 2008 tamen
396 1950 492 2008 adbuc
515 1961 544 2010 et
566 1974 623 2031 qua
647 1956 696 2012 xia
718 1953 842 2012 salutem
866 1954 1006 2030 consequi
1030 1954 1128 2030 possit.
1169 1953 1231 2010 lam
1255 1972 1333 2022 vero,
1357 1958 1389 2009 ut

143 2039 175 2093 in
200 2039 385 2114 expositione
409 2038 489 2096 illius
513 2038 622 2097 decreti
647 2051 723 2097 recte
747 2039 986 2097 animadversum
1010 2049 1062 2107 est,
1097 2041 1208 2096 attritio
1232 2057 1291 2116 qua
1312 2037 1390 2110 talis,

145 2123 230 2180 uulla
260 2127 379 2182 omniuo
410 2145 440 2182 re
464 2125 623 2184 accedente
647 2129 664 2184 i.
688 2149 712 2184 e.
737 2147 831 2204 neque
855 2127 1039 2185 confessione
1062 2146 1157 2203 neque
1180 2136 1314 2183 extrema
1336 2145 1390 2181 un-

143 2213 243 2267 ctione
267 2230 361 2288 neque
386 2213 560 2270 contritione
577 2215 714 2291 perfecta,
739 2214 818 2271 nullo
835 2234 963 2291 unquam
981 2215 1012 2270 in
1025 2233 1094 2270 casu
1110 2213 1268 2270 iustificare
1281 2219 1389 2290 potest,

142 2299 308 2374 oppositum
326 2309 403 2356 esset
426 2297 560 2356 doctriua
584 2323 601 2357 a
625 2301 804 2358 revelatione
837 2301 956 2359 omnino
980 2301 1085 2360 aliena.
1124 2302 1204 2357 sieut
1228 2312 1328 2356 tamen
1351 2319 1389 2355 ex

143 2385 189 2454 iis,
213 2404 289 2460 (quae
310 2383 449 2456 diximus,
472 2386 636 2444 luculenter
658 2398 746 2466 patet,
778 2387 846 2446 inde
870 2390 1002 2464 quaestio
1026 2405 1142 2464 prorsus
1165 2386 1283 2443 diversa
1306 2384 1388 2442 nullo

144 2469 230 2527 modo
254 2474 391 2548 tangitur,
425 2483 520 2531 utrum
553 2495 610 2532 non
641 2474 840 2532 mediantibus
873 2474 1053 2532 orationibus
1077 2472 1207 2530 fidelium
1242 2471 1280 2528 ad
1305 2473 1388 2529 illam

144 2559 324 2616 attritionem
347 2561 436 2616 etiam
461 2562 491 2617 in
515 2581 557 2629 eo,
580 2565 629 2638 qui
655 2582 708 2618 uec
732 2562 943 2638 poeniteutiam
968 2581 1021 2617 uec
1037 2574 1199 2617 extremam
1216 2561 1385 2617 unctionem

145 2646 277 2722 accipere
307 2655 410 2722 potest,
444 2646 557 2724 aliquid
580 2647 661 2706 aliud
684 2647 824 2706 accedere
848 2648 947 2724 possit,
982 2667 1039 2723 qno
1062 2649 1156 2724 posito
1190 2647 1314 2703 saltitem
1338 2667 1387 2702 ae-

145 2739 257 2790 ternam
285 2743 487 2810 eonsequatur.
520 2733 568 2791 Ad
595 2755 681 2813 quam
714 2735 915 2812 quaestionem
940 2733 1125 2799 affirmative,
1160 2735 1230 2790 sicut
1257 2734 1390 2803 fecimus,

147 2816 379 2896 respondendum
403 2829 456 2878 est.

250 2904 298 2962 Ad
322 2907 550 2984 explicationem
582 2911 746 2965 orationum
771 2910 801 2964 in
825 2909 916 2964 missa
952 2927 1001 2983 pro
1025 2905 1171 2963 defunctis
1194 2904 1292 2962 datam
1326 2907 1390 2962 am-

149 2990 332 3050 madversum
356 3003 407 3064 est,
431 2995 520 3052 talem
544 2994 736 3052 dramaticum
761 2994 835 3051 alias
859 2992 964 3050 nullibi
988 2994 1020 3049 in
1043 2990 1223 3050 orationibus
1246 2991 1389 3049 ecelesiae

148 3081 280 3136 inveniri.
303 3079 380 3137 Nolo
401 3080 449 3138 bic
472 3081 622 3158 opiclesim
647 3100 882 3149 commemorare,
908 3092 1028 3157 atquae
1044 3091 1073 3136 et
1089 3081 1153 3156 ipsa
1171 3081 1388 3137 controversiae

150 3165 240 3222 locum
263 3165 355 3224 daret.
379 3168 432 3224 Ar:
457 3168 525 3226 illae
549 3169 696 3226 orationes
719 3169 808 3225 etiam
833 3169 863 3225 in
888 3169 1036 3224 sententia
1059 3165 1095 3222 ab
1116 3162 1262 3223 obiciente
1284 3186 1389 3245 propo·

150 3253 210 3320 sita,
233 3251 310 3329 quod
334 3255 447 3311 scilicet
470 3257 581 3314 attritio
605 3275 670 3312 cum
688 3254 766 3312 nuda
781 3253 934 3312 additione
957 3255 1097 3310 orationis
1120 3251 1252 3309 fidelium
1268 3251 1389 3330 aliquod

152 3347 237 3396 totum
261 3338 298 3396 ad
322 3340 517 3399 salvationem
541 3344 657 3399 animae
675 3342 824 3399 sufficiens
848 3341 1016 3409 constituat,
1039 3340 1159 3397 omuino
1175 3337 1277 3396 eodem
1301 3359 1392 3397 sensu

153 3425 341 3502 explicandae
365 3437 471 3488 essent.
514 3429 591 3486 Nam
616 3439 664 3486 aut
688 3428 765 3486 liano
789 3430 848 3484 vim
877 3425 1047 3485 adscribunt
1069 3435 1183 3483 tantum
1207 3423 1392 3484 orationibus

153 3520 216 3568 ante
231 3522 352 3570 mortem
377 3513 461 3572 factis
485 3516 638 3572 autetiam
656 3513 837 3572 orationibus
861 3524 926 3591 post
943 3524 1066 3570 mortem
1083 3513 1181 3583 factis
1206 3514 1230 3568 si
1253 3514 1392 3589 primum,

152 3597 351 3675 explicandum
384 3611 490 3671 manet,
525 3601 665 3678 quidnam
697 3604 770 3660 istae
805 3603 952 3658 orationes
981 3610 1046 3677 post
1074 3610 1197 3657 mertem
1230 3599 1325 3656 tactae
1360 3608 1392 3656 et

154 3683 349 3744 liberationem
374 3686 410 3743 ab
435 3689 549 3746 inferno
567 3689 748 3766 postulantes
764 3687 904 3752 efficiant,
928 3707 1023 3764 queve
1046 3685 1183 3754 tendant;
1207 3687 1230 3743 si
1255 3686 1390 3754 alterum,

154 3783 215 3830 tunc
249 3772 359 3838 modus,
394 3794 451 3851 quo
482 3795 563 3834 suum
597 3777 731 3835 olibetum
762 3785 988 3852 consequantur,
1020 3793 1090 3831 sane
1114 3772 1307 3850 explicandus
1335 3782 1392 3849 est,

155 3879 202 3916 uec
224 3862 328 3936 poterit
352 3861 437 3918 aliter
461 3863 602 3940 explicari
626 3883 714 3940 quam
737 3883 779 3932 eo,
803 3861 880 3940 quod
905 3861 1003 3919 alleo
1023 3870 1163 3937 tanquam
1180 3871 1249 3917 ante
1265 3870 1390 3916 mortem

155 3945 240 4004 factae
255 3949 444 4026 accipiantur,
461 3969 518 4027 quo
534 3951 597 4026 ipso
614 3949 738 4007 babetur
754 3950 985 4026 repraesentatio
1002 3947 1055 4005 illa
1071 3946 1233 4004 dramatica
1248 3949 1392 4024 temporis

157 4034 207 4090 iam
230 4037 386 4108 praeteriti.

247 4137 333 4212 (leod
364 4139 593 4216 explicationem
623 4138 722 4197 datam
754 4139 906 4196 efficaciae
930 4157 1047 4216 precum
1077 4139 1192 4213 attinet,
1227 4139 1391 4196 sustinetur

157 4221 188 4280 ab
208 4221 360 4302 obiciente,
394 4225 557 4293 ecclesiam,
591 4224 658 4283 dum
690 4238 761 4295 orat,
797 4246 860 4282 esse
885 4226 1060 4302 simpliciter
1090 4223 1288 4294 infallibilem,
1324 4236 1387 4280 tum

157 4309 223 4387 quod
246 4313 275 4368 in
299 4310 414 4370 obiecto
437 4313 596 4390 petitionis,
621 4333 689 4369 vero
706 4312 819 4369 seilicet
843 4311 928 4381 bono,
952 4331 1050 4369 errare
1065 4319 1200 4387 nequeat,
1225 4320 1286 4367 tum
1310 4308 1389 4388 quod

156 4399 269 4473 petentia
292 4398 463 4476 indignitas,
487 4419 563 4477 quae
575 4399 737 4457 efficaciam
751 4418 870 4477 precum
887 4400 1068 4476 privatarum
1080 4394 1224 4473 impedire
1237 4396 1319 4463 solet,
1340 4396 1391 4452 hic

158 4483 263 4542 exclusa
286 4487 331 4543 sit.
363 4486 426 4544 Iam
450 4507 519 4544 vero
542 4487 574 4543 iu
596 4487 780 4562 expositione
803 4487 885 4562 prius
908 4483 979 4542 data
998 4491 1076 4541 recte
1098 4484 1218 4540 omnino
1241 4484 1388 4551 statuitur,

156 4572 231 4628 etiam
254 4573 411 4632 eeclesiam
425 4571 522 4651 quoad
537 4570 757 4630 exauditionem
773 4591 893 4649 precum
912 4591 1030 4628 suarum
1052 4569 1161 4628 habere
1183 4567 1385 4627 conditionem

199 4701 388 4748 saurauer.
1183 4685 1216 4739 19
