3450 5342
1187 9 1304 14 ,φὴ
1338 7 1564 48 ,ππ
1648 7 1652 233 l

841 363 884 374 ——-
908 336 969 386 :izin
999 367 1036 374 —

315 527 392 580 Sane
427 523 513 582 „licet
549 521 579 578 iu
603 531 670 578 actu
701 519 871 578 dilectionis
902 521 1069 600 praescindi
1100 521 1192 600 possit
1226 541 1245 576 a
1276 518 1430 577 desiderio
1457 517 1557 575 fruendi

317 610 387 677 lieo,
412 609 515 684 nequit
540 607 594 664 hoo
617 617 716 666 temen
732 606 911 666 desiderium
937 611 1062 686 positive
1082 605 1216 666 excludi:
1241 617 1274 663 et
1299 607 1372 664 lieet
1395 608 1482 684 possit
1503 605 1558 662 elici

315 710 397 753 actus
420 696 553 752 caritatis
584 693 638 752 hoc
670 693 764 765 modo,
795 708 825 752 61
856 695 972 752 etiamsi
1006 695 1060 753 frui
1093 716 1152 753 uon
1176 691 1362 750 deberemus
1386 694 1458 755 Deo.
1489 692 1558 749 illurn

314 793 414 840 tamen
437 791 555 858 propter
578 801 659 839 suam
684 781 830 838 inlinitum
854 779 1019 840 bonitatem
1041 781 1165 855 diligere
1190 780 1353 848 vellemus,
1378 779 1451 838 haec
1473 794 1557 835 tamen

316 867 450 928 condicio
474 865 611 925 habende
641 878 686 924 est
708 879 740 924 ut
763 867 956 946 impossibilis
979 890 1089 946 reapse,
1117 882 1146 926 et
1171 865 1288 924 idcirco
1314 869 1419 944 nequit
1444 865 1559 922 absolute

317 957 384 1014 reici
409 953 587 1012 desiderium
612 967 640 1012 et
663 975 729 1032 spes
753 956 877 1012 visionis
897 953 1027 1012 divinae.
1051 957 1091 1012 Et
1113 975 1186 1012 sane
1203 955 1330 1030 ineptus
1354 970 1433 1010 esset
1456 955 1560 1020 amiens,

317 1045 362 1100 cui
387 1041 467 1100 cordi
500 1061 557 1100 non
585 1053 662 1098 essct
693 1051 790 1098 ornato
819 1043 989 1117 coniungi“.
1023 1042 1229 1108 l'elmieri,
1270 1041 1318 1098 De
1351 1061 1437 1118 poen.
1460 1040 1498 1098 111.
1520 1042 1559 1111 ¹32,

316 1129 401 1191 xlv.
436 1129 482 1188 Cf.
507 1129 718 1204 Augustin.
750 1131 841 1189 nerm.
869 1131 938 1195 liti,
961 1149 990 1188 n.
1017 1133 1068 1189 ll:
1093 1129 1127 1186 lu
1150 1129 1202 1188 Ps.
1228 1129 1281 1197 53,
1308 1148 1337 1185 n.
1365 1129 1419 1186 lo:
1450 1127 1494 1183 De
1514 1126 1560 1181 civ.

316 1217 373 1274 nei
398 1216 415 1275 Ι.
442 1219 489 1286 lo,
513 1235 536 1272 e.
560 1217 579 1270 t
603 1223 670 1275 etc:
696 1214 805 1291 llugo
829 1215 976 1272 l'ictor.
1000 1215 1047 1273 Dc
1070 1235 1141 1274 sacr.
1165 1215 1185 1276 1.
1211 1216 1240 1282 2,
1264 1236 1294 1292 p.
1323 1216 1374 1279 13,
1397 1235 1422 1270 c.
1445 1217 1473 1269 11.

420 1305 448 1359 3.
472 1303 540 1360 Non
563 1303 693 1360 cuiusvis
716 1301 825 1378 gradus
855 1304 1010 1360 caritatem
1033 1302 1230 1378 intelligimus
1263 1303 1298 1358 in
1323 1301 1404 1358 thesi
1429 1299 1479 1358 sed
1499 1320 1561 1362 6616,

316 1409 375 1466 qua
397 1389 479 1448 Deus
501 1388 636 1466 diligitur
666 1407 753 1466 super
776 1389 876 1446 omnia
906 1390 1111 1466 appretiative.
1149 1389 1256 1446 Potest
1289 1390 1376 1445 enim
1400 1407 1465 1446 esse
1485 1388 1560 1444 etiam

315 1474 492 1546 huiusmodi,
518 1485 567 1548 ,ut
590 1473 705 1552 placent
728 1473 812 1534 nobis
839 1475 918 1532 lleus
942 1478 1028 1552 eique
1052 1474 1159 1534 bonum
1183 1475 1329 1538 velimus,
1363 1477 1429 1532 eius
1452 1474 1560 1551 glorian

316 1571 497 1640 appetentes,
530 1561 581 1620 sed
604 1571 704 1620 tumen
727 1563 831 1621 6116616
855 1561 952 1620 adhuc
975 1562 1130 1632 inefficaci,
1162 1565 1212 1639 qui
1248 1564 1289 1619 sit
1315 1564 1417 1640 potius
1442 1561 1562 1618 velleius

316 1668 403 1728 elnam
438 1649 582 1708 voluntas.
616 1648 794 1708 Huiusmodi
818 1669 947 1706 amorem
983 1651 1105 1726 quisque
1129 1650 1161 1705 in
1185 1669 1218 1706 se
1255 1648 1427 1725 aliquando
1450 1649 1561 1724 experiri

315 1737 418 1814 potuit,
442 1755 499 1814 quo
523 1738 553 1794 in
570 1735 666 1794 lieurn
682 1737 798 1794 enimus
815 1737 914 1804 fertur,
939 1734 1067 1794 nondum
1083 1745 1183 1793 tamen
1204 1737 1271 1792 eius
1298 1738 1330 1792 vi
1356 1746 1463 1813 potens
1477 1735 1561 1792 omnia

315 1822 505 1882 adversantia
528 1823 642 1884 fortiter
657 1843 802 1900 superare,
826 1823 854 1880 lr.
870 1845 894 1882 o.
918 1821 1049 1880 nondum
1065 1821 1162 1880 Deum
1185 1842 1279 1899 snper
1296 1825 1403 1879 omnia
1419 1820 1561 1898 diligens“.

315 1910 516 1982 Palmicri,
553 1911 598 1968 116
629 1931 713 1987 poen.
744 1909 785 1966 th.
810 1913 858 1975 22,
891 1931 918 1966 n.
950 1913 979 1981 13
1012 1910 1048 1968 ct'.
1078 1909 1250 1966 Thomas
1288 1910 1365 1986 tq..
1399 1908 1497 1987 Suppl.
1524 1927 1563 1984 qu.

317 2000 343 2068 5,
368 2017 394 2059 u.
418 2001 445 2054 3.

425 2087 517 2142 Amor
540 2083 597 2140 liei
629 2103 715 2160 super
745 2083 845 2140 omniu
869 2102 919 2157 ipsc.
951 2081 1098 2147 arnabilia
1127 2083 1218 2138 etiam
1249 2081 1418 2140 collective
1442 2088 1561 2157 sumpta:

317 2173 352 2228 61.
379 2169 643 2240 isembertus,
667 2169 713 2227 116
736 2171 832 2246 gratia
855 2167 892 2224 ad
916 2191 944 2247 q,
970 2170 1029 2226 loo
1054 2168 1128 2245 disp.
1153 2171 1181 2244 o,
1214 2189 1241 2228 a.
1266 2169 1298 2244 1)
1324 2168 1486 2248 dupliciter
1505 2187 1561 2223 con-

316 2259 374 2333 cipi
399 2267 502 2333 potest,
531 2259 726 2334 appretietive
757 2267 785 2313 et
813 2257 970 2314 intensive.
986 2257 1142 2335 ¹Excessus
1173 2256 1323 2312 nimirum
1353 2259 1444 2314 unius
1471 2255 1564 2311 amoris
1650 2284 1651 2317 2

317 2363 404 2420 super
426 2344 517 2400 aliurn
540 2353 635 2420 potest
659 2363 723 2401 essa
746 2341 864 2420 duplex,
889 2344 1102 2420 appretiatisus
1118 2352 1208 2418 atquo
1232 2344 1423 2400 intensivus.
1448 2342 1500 2400 1116
1520 2353 1562 2401 est
1650 2340 1651 2345 '

317 2451 382 2487 cum
414 2430 601 2506 praelucente
632 2431 851 2488 existimatione
886 2430 1061 2498 intellectus,
1085 2429 1129 2485 cni
1159 2445 1427 2488 commensuretur
1459 2430 1563 2486 ati'ectns

318 2517 486 2588 voluntatis,
509 2517 646 2574 voluntas
677 2537 765 2576 unum
789 2516 896 2574 bonum
921 2516 988 2573 aliis
1019 2515 1181 2573 formaliter
1211 2514 1263 2571 vel
1298 2517 1473 2574 virtualiter
1493 2534 1561 2593 prae-

317 2603 385 2674 fert,
411 2605 465 2660 iste
488 2615 540 2667 est,
563 2623 628 2660 cum
651 2623 726 2662 nnus
749 2615 830 2670 astus
850 2601 939 2660 habet
963 2622 1033 2680 pree
1055 2601 1113 2659 alio
1129 2601 1228 2679 plures
1254 2602 1375 2677 gradus
1392 2603 1561 2662 intensionis.

318 2690 451 2748 16166616
474 2710 543 2748 vero
566 2700 611 2748 est
634 2690 736 2748 modus
764 2688 883 2767 quidem
909 2687 1100 2748 accidentalis
1124 2701 1214 2758 actus,
1246 2692 1369 2766 positus
1395 2691 1432 2749 in
1451 2687 1562 2768 quadum

318 2776 506 2834 vehementia
536 2778 599 2836 sive
630 2779 696 2836 nisu
726 2775 868 2835 tendendi
899 2779 930 2834 in
958 2775 1122 2835 obiectum:
1158 2776 1208 2852 qui
1238 2775 1353 2834 modus
1379 2799 1411 2836 se
1435 2787 1511 2834 tenet
1532 2793 1561 2831 ex

318 2873 400 2940 parte
430 2861 563 2921 subiecti.
598 2855 696 2942 dtque
726 2864 833 2942 uliquis
855 2862 964 2940 gradus
992 2866 1069 2920 inest
1092 2882 1207 2940 seniper
1230 2865 1337 2921 actui:
1376 2863 1486 2922 dicitur
1505 2881 1564 2919 roro

318 2960 400 3007 ectus
423 2951 564 3021 intensus,
588 2969 652 3008 curn
676 2951 774 3028 plures
798 2960 920 3028 possunt
943 2950 1033 3008 veluti
1057 2947 1201 3024 distingui
1224 2949 1353 3026 gradus.
1379 2953 1446 3010 sine
1469 2948 1562 3028 quibus

317 3045 399 3094 actus
421 3037 498 3094 circa
521 3036 599 3094 idern
623 3057 739 3114 prorsus
763 3036 908 3095 obiectum
939 3056 1004 3094 esse
1027 3048 1131 3113 posset.
1169 3035 1228 3092 Hic
1253 3036 1368 3096 modus
1392 3037 1500 3118 pendet
1521 3055 1563 3113 per

318 3145 348 3181 se
372 3143 430 3181 non
460 3143 498 3180 ex
522 3123 667 3200 dignitate
698 3123 803 3182 obiecti
836 3143 930 3200 neque
954 3143 992 3180 ex
1015 3125 1077 3180 eius
1107 3123 1288 3198 cognitione,
1326 3125 1384 3183 sed
1413 3125 1562 3202 generatim

317 3210 364 3268 vel
396 3230 433 3266 cx
464 3209 550 3268 modo
584 3212 680 3287 potins
708 3211 885 3288 cognitionis
915 3207 1032 3279 obiecti,
1066 3229 1131 3266 cnm
1160 3229 1268 3286 nempe
1299 3211 1418 3270 obiecti
1449 3213 1564 3288 cognitio

316 3300 411 3374 magis
446 3297 687 3374 experinteutnlis
722 3309 773 3366 est,
809 3317 859 3354 seu
890 3299 985 3372 magis
1020 3315 1158 3373 praesens
1193 3298 1275 3354 sistit
1300 3298 1395 3357 uubis
1430 3299 1563 3358 obiectum

316 3397 454 3454 amatum,
477 3384 525 3440 vol
549 3403 586 3441 ex
610 3385 829 3442 existimatione
858 3383 978 3460 speciali
1010 3382 1116 3440 obiecti
1145 3392 1194 3438 aut
1218 3389 1468 3458 praeexsistente
1490 3383 1562 3442 116111-

315 3471 389 3530 tuali
413 3470 606 3528 inclinatione
630 3490 660 3528 16
685 3469 758 3528 illud
789 3484 818 3528 61
841 3483 996 3547 utramque
1021 3467 1271 3545 consequentibus
1296 3469 1564 3531 vehementioribus

316 3557 430 3616 actibus
463 3555 675 3618 indeliberatis.
711 3556 798 3616 Unde
831 3558 996 3632 generatim
1019 3556 1152 3614 immines
1186 3555 1341 3616 intensius
1379 3561 1511 3618 feruntur
1537 3559 1561 3611 in

316 3645 430 3702 obiecta
453 3643 613 3714 sensibilia,
637 3643 742 3720 quibus
758 3657 877 3720 propter
893 3642 1010 3701 modurn
1026 3643 1204 3718 cognitionis
1223 3641 1382 3704 humanae
1407 3647 1563 3704 alliciuntur
1650 3636 1652 3669 ³

316 3734 419 3807 magis.
442 3731 546 3806 ltaque
577 3751 716 3788 excessus
746 3732 1047 3807 appretiativns
1075 3730 1186 3806 positus
1217 3742 1264 3787 est
1288 3732 1324 3788 in
1350 3733 1561 3790 existimatione

316 3817 453 3876 rationali
481 3815 586 3874 obiecti
619 3827 648 3874 et
679 3817 783 3874 6116616
811 3837 876 3874 earn
907 3828 1113 3894 consequente,
1147 3835 1205 3892 quo
1237 3819 1342 3893 megis
1373 3841 1463 3878 unum
1487 3833 1561 3895 quam

317 3902 396 3960 aliud
420 3903 564 3976 diligitnr3
589 3923 726 3960 excessus
751 3905 980 3960 intonsivus
1004 3905 1115 3981 positus
1138 3914 1182 3958 cst
1205 3903 1237 3958 in
1258 3903 1363 3974 modo,
1389 3927 1448 3984 qno
1471 3909 1500 3962 16
1521 3901 1560 3960 611-

317 3992 424 4046 iectum
448 3989 567 4064 aliquod
596 3990 686 4048 fertur
709 3993 869 4067 appetitus:
897 4002 994 4066 potest
1024 3999 1121 4047 autern
1145 3988 1220 4044 altor
1251 4010 1402 4052 excessus
1425 4013 1488 4050 esse
1510 3992 1563 4046 sine

318 4076 417 4132 altero.
441 4075 560 4131 11166116
584 4096 665 4133 amor
688 4078 901 4153 appretiativns
924 4090 1020 4153 potest
1043 4077 1172 4148 remitti3
1209 4083 1415 4152 quantumvis
1439 4100 1506 4137 reru
1526 4096 1563 4133 re-

317 4163 456 4230 mittatur,
490 4160 621 4218 manebit
651 4165 874 4240 appretiativnn
913 4165 1001 4241 »quie
1035 4161 1143 4238 gradus
1172 4181 1302 4222 maneus
1340 4169 1463 4244 respicit
1496 4163 1563 4221 idem

317 4249 436 4304 omnino
464 4245 618 4318 obiectum,
649 4248 726 4326 quod
755 4249 863 4326 gradus
894 4251 1074 4327 superiores,
1109 4269 1178 4306 num
1206 4250 1345 4310 intensio
1377 4255 1486 4312 amoris
1512 4267 1561 4308 non

316 4343 360 4390 est
391 4331 428 4390 ad
459 4332 608 4392 diversum
639 4335 794 4406 obiectum,
829 4335 882 4394 sed
912 4335 949 4392 nd
980 4337 1101 4394 omnino
1124 4334 1203 4392 idem
1234 4356 1289 4412 per
1324 4341 1428 4416 plures
1458 4337 1561 4414 guarlus.

316 4421 396 4496 Ergo
419 4431 513 4497 potest
537 4441 599 4478 esse
623 4441 705 4478 arnor
723 4425 937 4500 appretiativus
960 4435 988 4480 et
1005 4425 1160 4481 remissus«
1187 4420 1256 4498 (De
1281 4424 1404 4504 Lugu,
1428 4428 1474 4485 De
1489 4444 1561 4503 poen.

316 4507 390 4584 disp,
416 4511 442 4577 ὁ,
466 4529 487 4564 s.
513 4511 552 4582 2),
576 4506 701 4586 ideoqnc
726 4510 789 4566 sinc
813 4522 893 4566 certa
917 4511 1097 4569 intensitute.
1134 4512 1234 4585 Atque
1259 4530 1276 4567 e
1301 4516 1456 4571 contrario
1478 4523 1559 4590 potest

316 4601 398 4652 actus
421 4615 495 4652 6666
518 4593 661 4652 excedere
691 4593 781 4652 alium
805 4594 901 4672 ‹proad
924 4598 1126 4654 intensitutem
1154 4597 1219 4652 sine
1243 4617 1376 4659 excessu
1401 4597 1560 4679 appretiati·
