3450 5342
751 379 923 434 „37-

214 587 242 627 n.
267 571 315 626 39,
342 567 387 624 lta
411 570 562 634 surtran,
586 566 768 643 l'asquea.
793 563 981 623 Coninek.
1005 565 1064 622 olii.
1083 597 1121 606 -
1148 561 1324 634 Gabriel,
1350 562 1460 620 llioa·

215 654 331 711 stillo
356 675 425 710 vero
448 663 569 710 censent
591 665 778 730 pracceptum
808 651 942 709 divinum
975 651 1067 710 solum
1091 672 1154 710 csse
1178 648 1335 708 confitendi
1361 652 1460 708 omnia

214 751 338 817 peccata
361 740 497 798 mortalia
519 740 610 798 semel
634 742 665 796 in
688 741 762 811 vita3
786 739 823 798 cl'.
850 738 1014 798 llieastillo.
1039 737 1083 794 lle
1108 757 1190 815 poen.
1215 736 1288 814 disp.
1315 739 1341 803 7,
1366 757 1393 794 n.
1418 739 1457 793 :ll

215 849 252 886 ss.
279 828 441 884 solventem
466 836 642 902 argumenta
665 828 820 884 conuaria

324 914 396 970 llixi
418 924 518 970 tamen
541 934 601 990 ,per
624 930 676 983 sc·;
700 924 768 970 sunt
790 915 868 970 enim
893 912 984 989 aliqui
1009 931 1101 982 casus,
1126 912 1155 968 in
1181 909 1285 988 quibus
1309 929 1360 988 per
1383 912 1459 968 acci-

215 1001 289 1058 dens
316 1016 322 1061 t
329 1002 441 1058 secluso
464 1010 619 1077 praecepto
643 999 854 1074 ecclesiastico)
878 1015 922 1056 est
935 997 1076 1074 obligatio
1091 1007 1212 1076 peccata
1236 995 1368 1054 clavibus
1392 996 1458 1054 snb·

214 1087 330 1146 iciendi.
368 1089 483 1144 Primus
518 1095 570 1156 est,
593 1086 711 1163 qnando
753 1085 896 1144 sumenda
919 1098 961 1144 cst
996 1085 1191 1144 linolraristia
1228 1099 1256 1142 ut
1281 1094 1394 1142 constat
1419 1105 1457 1142 ex

216 1174 394 1232 Tridentino
418 1177 495 1231 Sese.
521 1175 559 1230 13
583 1193 626 1250 cp.
651 1177 682 1246 ῖς
707 1193 793 1250 tpuam
818 1173 1027 1246 obligationem
1057 1171 1092 1230 ad
1118 1173 1177 1228 alia
1200 1181 1384 1228 sacramenta
1407 1192 1457 1228 ex-

216 1262 335 1320 tendere
359 1261 515 1318 voluenrnt
536 1259 764 1318 Paludanus
788 1272 817 1317 et
841 1259 1051 1318 Adrianus:
1076 1257 1112 1316 ad
1137 1278 1211 1336 :puae
1227 1271 1256 1314 et
1272 1257 1460 1334 suscipienda

215 1361 244 1406 et
266 1347 443 1406 conferenda
476 1347 566 1421 digne
600 1346 707 1405 suflicit
741 1359 818 1404 certe
853 1349 996 1406 contritio.
1043 1345 1100 1402 Sed
1134 1345 1227 1402 videri
1261 1357 1358 1422 posset·
1384 1345 1458 1402 bane

215 1435 424 1510 obligationem
455 1455 519 1490 csso
555 1453 613 1490 non
644 1455 695 1510 per
725 1433 872 1497 accidens.
907 1433 956 1490 sed
982 1455 1032 1510 per
1064 1455 1102 1497 se,
1140 1443 1272 1508 nispeotu
1308 1433 1456 1508 praecepti

213 1523 308 1580 divini
332 1523 525 1579 confessionis
556 1519 680 1598 ideoque
706 1541 756 1598 per
780 1519 945 1596 neglectum
969 1522 1030 1576 cius
1054 1519 1119 1580 dno.
1155 1530 1186 1576 ut
1218 1517 1340 1595 putabat
1364 1519 1455 1590 (lano,

214 1611 356 1666 committi
382 1622 513 1685 peecata;
541 1607 682 1680 obligatio
704 1610 784 1665 enim
809 1606 1015 1684 praemittendi
1040 1607 1254 1664 comessionem
1285 1627 1342 1662 non
1366 1607 1457 1663 oritur

214 1697 295 1752 velut
318 1716 355 1752 ex
380 1695 442 1752 sola
465 1706 570 1752 natura
593 1697 634 1750 rai
651 1704 768 1772 propter
791 1693 967 1768 dignitatern
990 1695 1058 1750 talia
1082 1695 1266 1755 sacramenti,
1290 1691 1341 1748 stad
1365 1695 1456 1750 oritur

215 1803 252 1838 ex
277 1783 397 1858 speciali
429 1793 585 1858 praecepto
609 1782 728 1837 t'bristi.
764 1815 804 1822 ῳ
836 1780 895 1838 Sed
918 1789 1016 1839 tamen
1051 1781 1119 1852 ,toli
1145 1792 1298 1858 praecepto
1324 1799 1381 1836 non
1407 1801 1457 1855 pur

214 1889 247 1927 ac
272 1883 299 1924 ct
323 1867 454 1926 absolute
486 1870 665 1945 praecipitur
687 1866 840 1936 corrl'essio,
863 1867 913 1924 sed
939 1868 1030 1924 solum
1054 1879 1086 1924 ut
1108 1866 1270 1943 dispositio,
1295 1867 1316 1921 si
1343 1887 1458 1922 straton*

214 1955 252 2012 da
265 1959 302 2012 sit
327 1956 525 2013 llncbaristia:
543 1964 605 2012 tota
627 1975 695 2028 ergo
718 1954 771 2012 illa
793 1954 934 2030 obligatio
962 1965 1006 2012 est
1030 1964 1146 2032 proptor
1170 1953 1396 2016 litioliaristiarn,
1430 1967 1459 2010 et

213 2044 357 2100 confessio
380 2064 439 2100 non
462 2042 639 2118 praecipitur
659 2043 716 2098 nisi
734 2052 765 2097 ut
787 2041 1007 2100 circumstantia
1023 2041 1240 2108 llrrcbaristiae3
1265 2085 1317 2098 ...
1340 2051 1369 2096 ot
1393 2039 1458 2098 idco

213 2150 302 2187 unum
327 2143 478 2205 peccatum
509 2138 554 2185 est
576 2129 665 2185 talem
700 2136 796 2186 aetina
827 2131 890 2186 sine
926 2127 1034 2184 dabitis
1066 2130 1293 2186 circumstantiis
1329 2126 1451 2186 lactere*

214 2219 363 2284 suarez,
396 2216 442 2272 lle·
465 2237 549 2292 poen.
573 2214 647 2291 disp.
682 2218 732 2283 35,
755 2236 777 2274 s.
801 2221 828 2275 :t
863 2237 890 2272 n.
919 2219 965 2272 12.
1001 2215 1045 2272 (ll'.
1078 2217 1115 2278 K.
1139 2215 1178 2274 Μ.
1204 2214 1346 2284 Italics,
1377 2212 1455 2292 lapi

213 2308 277 2362 aba
299 2305 480 2381 palocopiam
504 2312 555 2380 της
588 2302 752 2380 paratoria
776 2303 827 2362 καὶ
851 2309 902 2364 roi·
927 2303 1093 2382 raptatos,
1126 2302 1254 2358 iltlnniis
1281 2303 1369 2360 loos,
1395 2305 1411 2372 ξ
1436 2303 1451 2357 7

213 2410 242 2468 p,
267 2393 380 2445 tit—e.

315 2475 466 2535 Secundus
499 2494 583 2531 casus
617 2491 669 2537 est,
703 2473 822 2551 quarido
854 2477 998 2532 confessio
1022 2493 1064 2530 on
1090 2473 1217 2531 medium
1255 2475 1452 2530 neeessariam

212 2563 361 2620 moraliter
388 2562 426 2619 ad
459 2560 653 2638 superandam
686 2563 879 2618 tentationum
907 2563 1045 2640 aliquam.
1078 2581 1152 2638 quac
1181 2561 1267 2618 aliter
1289 2560 1454 2637 superanda

211 2671 270 2707 non
294 2660 433 2727 speratur.
466 2649 552 2706 'l‘nnc
584 2650 663 2704 enim
698 2647 838 2724 obligatio
873 2651 927 2706 erit
962 2647 1224 2716 eonfiterrtli,sic1u
1250 2665 1276 2703 et
1302 2647 1454 2704 ieiunandi

213 2737 261 2794 vel
291 2735 395 2794 orandi
417 2737 520 2813 positis
543 2734 653 2792 eisdem
677 2738 912 2792 circumstantiis.
941 2737 985 2804 ln,
1009 2755 1073 2792 eum
1098 2755 1199 2792 ornnes
1222 2737 1312 2791 simus
1329 2736 1358 2792 iu
1381 2737 1455 2810 peri-

210 2824 276 2880 culo
300 2821 440 2901 peccandi
465 2822 636 2890 mortaliter,
666 2824 690 2877 si
722 2841 903 2897 perannum
928 2821 1095 2879 ditior-amus
1120 2823 1341 2890 ritinl'cssionem,
1375 2820 1455 2878 vide-

211 2909 297 2967 batur
320 2913 462 2966 Caietano
496 2919 525 2966 et
562 2909 647 2964 l'etro
672 2911 740 2966 doto
775 2919 804 2964 ct
838 2909 912 2976 aliis.
948 2911 1028 2985 stupri
1055 2929 1090 2964 ex
1116 2908 1169 2964 bor·
1201 2911 1292 2966 teneri
1318 2907 1354 2964 dc
1380 2909 1455 2965 laeto

211 2996 313 3054 lidcles
337 2997 374 3054 ad
397 3001 513 3072 saepius
536 2994 735 3052 confitendum
759 3015 809 3070 por
833 3016 950 3053 annunt.
976 2995 1033 3051 Sed
1057 3007 1158 3050 cotnra
1174 2995 1285 3052 bunost.
1301 2997 1482 3076 impr·imis‚‘

212 3083 289 3160 ‹puod
323 3083 449 3140 eeclesia
479 3103 538 3140 non
562 3084 678 3157 ignorat
700 3081 798 3158 plures
820 3103 857 3137 ex
883 3083 1060 3138 t'lnistianis
1091 3083 1223 3138 contituti
1246 3083 1338 3139 solnm
1363 3083 1454 3140 semel

210 3191 300 3228 anno:
334 3180 365 3227 ct
395 3182 494 3226 tamen
529 3187 680 3244 nunquam
709 3167 786 3225 hunc
821 3168 978 3228 „abusum”
1008 3167 1196 3245 reprehendit
1219 3181 1267 3226 ant
1293 3171 1454 3226 insinuavit

208 3277 273 3314 esso
296 3266 445 3333 peccatum
468 3275 566 3328 grave.
591 3253 684 3311 solum
708 3246 856 3331 praecepit
882 3255 1096 3314 corilossionern
1121 3275 1262 3328 annunrng
1293 3275 1344 3332 por
1374 3254 1452 3332 <prod

209 3341 338 3400 ostendit
361 3364 392 3398 so
415 3361 472 3400 non
489 3361 591 3398 curare
606 3340 643 3397 dc
660 3342 856 3419 trequentiorc
873 3359 1011 3421 tauquam
1031 3341 1067 3400 de
1084 3363 1113 3398 re
1130 3341 1312 3418 obligatos-ia.
1338 3341 1454 3399 lloiudo

214 3429 373 3506 .obligatio
408 3429 460 3486 illa
494 3429 656 3505 frequentia
690 3431 883 3488 contessionis
908 3429 942 3486 ad
968 3429 1120 3487 vitandum
1158 3428 1316 3506 periculum
1340 3431 1451 3504 pcccati

209 3518 341 3574 morellis
376 3516 422 3571 vol
456 3524 534 3573 esset
567 3514 709 3591 obligatio
743 3515 904 3574 confitendi
928 3516 1056 3574 venialia
1081 3518 1149 3576 oola.
1186 3527 1344 3592 autequam
1368 3515 1453 3572 bomo

210 3602 358 3660 laberetur
381 3602 579 3668 inmortalia,
614 3602 661 3658 vel
696 3616 773 3660 esset
807 3601 948 3680 obligatio
972 3603 1130 3662 confitendi
1157 3613 1305 3680 peccaturo
1332 3603 1453 3660 ruortale

209 3692 344 3766 primum,
367 3699 524 3766 autequam
549 3688 695 3746 laboretur
719 3691 749 3746 in
772 3689 940 3749 socundum.
974 3691 1114 3748 Neutrum
1147 3687 1304 3748 ‹lieendurn
1330 3688 1453 3748 ridetur.

210 3777 289 3852 Ergo
324 3797 381 3834 uon
417 3784 461 3831 est
495 3774 654 3832 asserenda
677 3777 745 3834 talis
768 3777 918 3853 obligatio.
953 3778 1050 3834 Minor
1073 3777 1169 3854 qrroad
1192 3779 1317 3855 priorem
1342 3788 1452 3852 partem

210 3862 367 3940 probatur:
392 3865 473 3940 ¹quia
506 3859 612 3930 dicere,
646 3863 722 3938 quod
758 3883 859 3921 omnes
884 3865 1047 3922 (lltristiani
1070 3867 1263 3922 continuuitcr
1286 3863 1454 3938 obligantur

208 3949 261 4008 sub
286 3965 405 4026 peccato
429 3948 544 4008 mortali
569 3947 606 4004 ad
630 3947 798 4006 confitenda
819 3951 951 4006 variialia
976 3959 1093 4028 propter
1117 3951 1270 4008 vitandum
1284 3952 1452 4028 periculum,

210 4035 286 4114 quod
323 4036 396 4093 alias
431 4055 532 4092 omncs
565 4037 758 4095 communiter
792 4035 901 4094 liabent
939 4035 1087 4096 incidendi
1115 4041 1144 4095 in
1168 4038 1285 4116 aliquod
1323 4037 1453 4109 mortale,

209 4125 353 4199 imprimis
387 4142 494 4178 novum
518 4136 561 4179 est
596 4132 623 4177 ot
658 4134 760 4180 eoritra
782 4126 911 4182 omnium
937 4137 1063 4182 mentem
1088 4137 1115 4180 ct
1146 4136 1247 4182 eontra
1270 4145 1452 4182 communem

209 4210 381 4271 doctrinam,
416 4229 489 4286 quae
524 4206 609 4263 ‹locot
643 4211 735 4267 solum
771 4233 835 4267 esso
870 4211 1079 4286 obligationem
1117 4211 1275 4270 confitendi
1309 4211 1453 4282 tonnella,

209 4317 295 4374 qnam
320 4296 484 4352 doctrinam
508 4293 624 4351 videtur
648 4298 854 4354 universaliter
885 4297 1047 4375 approbare
1070 4297 1278 4357 'l'ritlentinum
1303 4303 1378 4354 Sese.
1414 4301 1451 4354 ll

208 4404 252 4459 cp.
277 4387 295 4438 :i
319 4383 388 4440 dum
411 4381 504 4440 dicit:
535 4383 663 4440 Peccata
684 4385 822 4452 venialia,
853 4388 988 4460 ‹prarnvis
1013 4386 1124 4442 utiliter
1147 4388 1177 4442 in
1201 4387 1383 4442 confessione
1408 4383 1453 4440 di-

208 4480 319 4540 cautnr,
352 4471 441 4527 taceri
469 4478 569 4529 tamen
600 4470 674 4527 citra
703 4471 818 4547 eulpam
843 4491 934 4546 pitisso.
971 4472 1093 4537 lleinde,
1128 4476 1152 4530 si
1177 4472 1376 4546 obligarentur
1400 4470 1453 4528 snb

210 4557 324 4615 mortali
350 4555 388 4614 ad
411 4556 624 4612 confessionem
650 4558 810 4614 venialium
834 4572 951 4636 proptor
966 4559 1036 4616 illud
1062 4560 1232 4637 perieulum.
1257 4557 1456 4630 obligarentur

210 4645 299 4700 etiam
326 4641 378 4698 sub
402 4641 517 4698 mortali
543 4639 580 4696 ad
604 4639 762 4700 dolendum
787 4644 946 4702 efficaciter·
970 4647 1005 4702 tle
1023 4647 1189 4704 vernalibus
1213 4657 1240 4700 et
1265 4643 1300 4700 ad
1326 4645 1457 4720 proposi-
