3450 5342
717 455 910 510 -115-

190 713 382 787 propagaret
416 705 651 788 intelligentiam
679 706 820 762 omniurn
849 706 981 788 aliar-utun
1012 707 1209 788 Slavicarum
1231 638 1435 786 iiiigisiiiffi

189 773 215 840 i)
245 790 303 844 per
329 774 467 846 linguam
498 777 701 832 domesticam
731 781 838 832 nostra
869 776 1104 832 individualitas
1134 777 1248 833 iterum
1278 777 1370 834 latius
1399 785 1437 834 et

190 843 1435 986 fritillisliliatiQitttlttisiitil”ascititiumstim

296 985 413 1039 Auctor
434 985 541 1054 paucis
560 984 665 1040 omnia
684 984 950 1040 modernistarum
970 985 1126 1041 desideria
1140 985 1189 1041 his
1203 985 1435 1056 complectitur:

195 1050 305 1106 »Initio
336 1055 547 1110 modernistae
571 1054 672 1110 nostri
696 1053 835 1122 linguam
863 1059 984 1109 tantum
1014 1055 1216 1111 domesticam
1245 1055 1436 1125 exoptabant

193 1120 225 1174 in
245 1126 310 1177 tota
328 1123 472 1193 liturgia;
491 1129 523 1179 at
542 1123 693 1188 videntes,
720 1123 835 1179 multas
853 1129 885 1179 et
903 1139 1094 1194 permagnus
1118 1124 1329 1191 difficultates,
1354 1139 1434 1195 quas

190 1205 241 1244 res
260 1191 329 1263 ipsa
351 1208 456 1248 secum
476 1194 546 1261 fert,
566 1192 693 1250 minime
713 1193 858 1262 superari
872 1207 981 1262 posse,
989 1193 1149 1264 postulant
1162 1194 1301 1264 linguam
1315 1195 1434 1264 palaeo-

189 1260 336 1316 slavicam
357 1278 415 1331 pro
434 1263 549 1319 missae
573 1261 735 1324 sacrificio.
759 1263 962 1319 domesticam
983 1279 1059 1318 vero
1078 1279 1136 1334 pro
1155 1263 1425 1320 administratione

187 1339 481 1388 sacramentorum«

292 1403 317 1457 3.
337 1401 485 1457 Catholici
506 1401 913 1470 modernistaeGermanici,
926 1401 1073 1472 quamvis
1087 1402 1205 1458 nostris
1225 1401 1433 1458 modernistis

188 1468 409 1539 assentiantur,
428 1477 532 1528 tamen
551 1472 790 1528 moderatiorem
811 1472 945 1542 aliquem
967 1487 1060 1528 usum
1074 1471 1434 1542 liturgicaelinguaedo

189 1539 335 1595 mesticae
352 1546 509 1610 exoptant.

292 1611 317 1664 4.
336 1610 453 1666 Gentes
492 1612 650 1667 Romanae
687 1609 844 1680 (Hispani,
882 1609 970 1676 Galli,
1010 1609 1093 1678 Itali)
1121 1609 1279 1666 desiderio
1307 1610 1432 1681 linguae

188 1678 379 1733 domesticae
398 1680 431 1734 in
449 1680 607 1751 liturgiam
628 1679 872 1736 introducendae
891 1693 954 1734 non
975 1684 1150 1738 moventur.

268 1748 505 1831 ¹illodernistae
533 1751 603 1830 duo·
626 1749 780 1831 principia
807 1749 954 1831 ecclesiae
972 1748 1149 1830 'catholicae
1174 1749 1206 1804 in
1232 1765 1265 1804 re
1290 1747 1434 1821 liturgica

188 1817 604 1967 acatalecticus?
624 1817 1435 1958 iltitllslitittlnltltlaelesiarii

191 1971 224 2010 m
242 1956 349 2082 lingua
369 1958 501 2029 vulgari,
521 1959 564 2014 ibi
582 1905 714 2014 uiierius
734 1957 885 2028 progredi
904 1956 1032 2038 omnino
1051 1962 1100 2014 est
1118 1959 1259 2014 vetitum.
1310 2025 1316 2038 ·
1353 2025 1359 2038 .

308 2027 351 2082 11.
369 2029 487 2085 Auctor
504 2028 643 2084 ostendit
665 2029 802 2098 aliquam
828 2027 911 2083 viam
931 2027 1158 2094 intermediam,
1177 2041 1239 2098 qua
1259 2025 1430 2083 satisfieret

192 2094 317 2166 utrique
360 2097 525 2154 desiderio.
570 2097 717 2154 Ostendit
761 2113 856 2179 posse
900 2097 1097 2168 aliquatenus
1146 2095 1268 2152 admitti
1305 2095 1430 2166 linguae

186 2164 375 2222 domesticae
401 2168 544 2224 usumin
564 2167 692 2238 liturgia
715 2167 870 2222 latissimo
897 2182 992 2222 sensu
1017 2171 1150 2237 accepta
1177 2165 1268 2231 Quod
1293 2166 1343 2220 his
1361 2165 1427 2222 tere

188 2236 419 2305 complectitur:
439 2241 469 2302 a)
490 2239 557 2293 Una
577 2243 625 2292 est
644 2236 780 2307 ecclesia,
799 2252 898 2307 quare
917 2236 986 2292 iure
1006 2236 1106 2292 utitur
1125 2250 1187 2292 una
1204 2234 1313 2306 lingua
1332 2250 1430 2307 eaque

185 2319 268 2360 nuuc
287 2305 412 2373 Latina;
431 2307 465 2375 b)
485 2308 542 2362 hac
561 2312 665 2363 tamen
683 2307 791 2378 lingua
810 2322 874 2362 non
893 2305 993 2362 utitur
1015 2306 1148 2376 ubique;
1177 2310 1302 2360 exstant
1315 2311 1432 2375 partes,

118 2429 124 2438 ,
184 2373 239 2434 ubi
257 2375 317 2430 alia
335 2375 444 2459 lingua
462 2378 523 2432 sub
542 2376 670 2433 cautelis
689 2375 865 2446 praeceptis
884 2381 932 2431 est
950 2375 1106 2442 admissa,
1126 2375 1154 2448 c)
1173 2375 1266 2430 etiam
1280 2373 1312 2429 in
1332 2373 1431 2445 regio-

184 2443 288 2512 nibus,
306 2444 361 2501 ubi
374 2446 500 2518 linguae
510 2447 638 2502 Latinae
653 2462 731 2502 usus
744 2446 839 2516 viget,
857 2461 921 2502 non
934 2447 974 2500 ad
987 2460 1097 2501 omnes
1112 2443 1241 2500 omnino
1253 2443 1430 2500 functiones

184 2511 346 2584 liturgicus
375 2531 408 2571 se
433 2516 582 2583 extendit3
611 2518 666 2572 sed
686 2516 802 2571 multae
820 2531 859 2570 ex
879 2520 967 2584 parte
987 2521 1183 2586 peraguntur
1200 2513 1308 2584 lingua
1326 2513 1432 2570 dome·

186 2581 272 2650 stica;
297 2585 331 2652 d)
351 2585 557 2642 consideratis
576 2584 820 2642 circumstantiis
839 2584 992 2654 temporis
1011 2591 1041 2640 et
1061 2583 1196 2640 maxime
1214 2582 1431 2653 dispositionis

185 2653 314 2709 actualis
334 2656 522 2725 populorum
548 2655 714 2712 dicendum
735 2660 791 2722 est,
819 2653 963 2710 homines
991 2653 1071 2710 nolle
1090 2653 1205 2709 librum
1226 2667 1354 2723 precum
1381 2652 1431 2707 ad·

186 2722 317 2791 mittere,
342 2741 411 2780 oum
440 2741 553 2797 inagna
573 2741 611 2781 ειι
636 2729 725 2795 parte
744 2724 853 2779 saitem
883 2724 1001 2778 nostris
1033 2722 1065 2778 in
1090 2721 1274 2793 regionibus
1293 2721 1430 2792 populus

192 649 273 704 pons
292 641 348 703 cst,
367 635 421 707 qui
441 635 600 706 coniungit
618 635 784 692 orientales
804 636 916 691 Slaros
936 636 1117 703 nobiscum;
1138 643 1167 705 ε)
1186 637 1228 694 liu

183 2791 236 2848 illo
255 2809 317 2848 non
337 2801 445 2851 utatur
463 2811 598 2921 eumque
616 2793 789 2865 opprobrio
808 2793 869 2849 sibi
888 2793 990 2848 ducat.

287 2864 392 2928 Quare
417 2865 523 2934 potius
559 2864 674 2935 inguae
703 2861 831 2920 Latinae
857 2877 937 2918 usus
956 2861 988 2916 in
1007 2860 1134 2932 liturgia
1158 2865 1207 2916 est
1231 2860 1429 2930 exoptandas

184 2939 217 2986 et
235 2933 352 3003 populo
380 2935 459 2991 bene
484 2933 696 3005 explicandus.
727 2933 780 3000 Ea,
799 2947 880 3002 quae
900 2931 1047 2986 sacerdos
1076 2933 1195 2986 secreto
1223 2934 1311 3010 orat,
1325 2929 1430 3010 omnia

187 3008 333 3058 maneant
363 3002 472 3060 Latina
502 3004 610 3075 lingua
640 3001 883 3074 pronuntianda,
915 3003 973 3056 hoc
1000 3004 1049 3056 est
1080 2999 1195 3056 missae
1232 2998 1430 3063 sacraficium,

180 3071 286 3128 torma
306 3079 583 3140 sacramentorum,
605 3071 846 3139 benedictiones,
864 3071 1042 3138 exorcismi,
1062 3069 1253 3125 breviarium
1274 3073 1329 3123 etc.
1343 3068 1429 3132 Quae

183 3157 260 3265 lvem
278 3158 319 3212 po
344 3143 415 3199 ulus
435 3149 553 3225 cantat,
582 3143 630 3199 vel
649 3157 730 3212 quae
756 3142 903 3197 sacerdos
923 3155 993 3196 cum
1015 3139 1130 3210 populo
1150 3137 1265 3206 recitat,
1296 3153 1331 3193 ea
1350 3137 1428 3193 fiant

194 3227 204 3264 1
481 3256 488 3268 .

207 3219 538 3346 nguaouffiieaslugawm
552 3283 678 3352 linguae
696 3279 968 3351 palaeoslavicaes
993 3283 1080 3348 ectat,
1093 3278 1151 3346 hic,
1171 3281 1206 3358 ut
1219 3291 1275 3358 per
1289 3291 1323 3331 se
1337 3280 1429 3362 patet,

180 3347 281 3474 <inuito
300 3351 408 3420 plures
426 3353 628 3408 difficultates
647 3351 750 3418 habet,
766 3365 861 3420 quam
876 3363 955 3405 usus
971 3297 1099 3419 iinguae
1119 3347 1246 3402 Latinae
1258 3360 1319 3400 ram
1336 3350 1430 3400 mtre-

206 3434 243 3474 uc
257 3434 304 3475 us.

286 3490 323 3545 ln
343 3489 406 3546 line
425 3498 534 3546 auctor
553 3490 671 3546 evolvit
685 3489 877 3546 enucleatius
890 3505 934 3572 ea,
949 3503 1029 3559 quae
1042 3484 1165 3542 dixerat
1177 3484 1216 3540 de
1231 3498 1292 3540 usu
1304 3482 1430 3554 linguae

180 3558 370 3638 domesticae
399 3562 561 3615 moderato
587 3561 617 3615 in
644 3558 780 3630 liturgia,
800 3565 831 3615 et
849 3559 986 3630 applicat
1004 3558 1063 3613 lroc
1081 3555 1120 3611 ad
1140 3554 1284 3610 nranuale
1311 3552 1428 3609 rituum

182 3643 213 3682 m
234 3627 444 3692 Bohemorum
463 3628 583 3686 finibus
601 3631 762 3687 usitatum.
1269 3691 1276 3704 ,

285 3698 428 3771 Seiungit
440 3715 537 3770 porro
550 3700 775 3770 quaestionem,
794 3715 870 3755 num
890 3696 1058 3768 aliquando
1071 3694 1196 3763 linguae
1210 3693 1337 3748 Latinae
1350 3707 1429 3749 usus

182 3766 310 3824 iuturus
324 3770 365 3825 sit
377 3769 537 3840 legitimus
552 3786 610 3840 pro
626 3769 775 3832 universa
787 3768 924 3837 ecclesia,
939 3782 997 3822 nec
1014 3769 1103 3836 putat
1116 3765 1174 3819 hoc
1187 3777 1337 3833 umquam
1352 3761 1429 3818 lore.

285 3855 337 3910 Fr.
356 3841 460 3924 Sardi,
494 3855 661 3913 Cviceni
692 3851 924 3911 snoubencri
954 3853 1011 3920 (De
1039 3850 1182 3906 examine
1210 3848 1426 3919 sponsorum).

182 3927 765 3994 pwmwfflmmmm

287 4013 472 4084 Exponitur,
500 4014 618 4095 quibus
633 4013 681 4096 ‘de
701 4012 801 4092 rebus
817 4009 926 4092 sponsi
947 4007 1093 4065 monendi
1119 4011 1149 4062 et
1167 4003 1346 4131 irlilstrueudi
1365 4004 1429 4130 sliat

179 4084 373 4208 tntilli
391 4083 720 4223 ,lectisternii
738 4080 1430 4220 {liaustu{attiniacensis

179 4221 335 4290 ecclesiae,
354 4223 528 4292 capitisque
540 4239 609 4278 cum
624 4219 765 4291 corpore,
777 4219 983 4276 imitationem
1000 4217 1066 4272 sive
1079 4217 1117 4272 ad
1132 4215 1305 4270 liberorum
1319 4228 1426 4268 curam

179 4298 211 4344 et
229 4291 444 4348 educationem
464 4293 630 4362 pertinent.

284 4379 497 4451 Kalksburgii,
517 4395 625 4436 manse
643 4378 791 4434 Ianuario
812 4379 887 4434 isui.
1184 4370 1214 4427 J.
1234 4369 1271 4425 Μ.
1293 4357 1392 4439 dmi.

286 4493 485 4562 irunt-iscla
515 4495 646 4563 Vacci:
681 4492 827 4565 sociiini
859 4493 967 4578 de'iny
990 4487 1091 4560 iasii
1123 4487 1208 4571 doiy
1231 4481 1336 4553 statii
1360 4481 1428 4568 (111·

182 4582 293 4730 {gisia
315 4583 612 4734 ⁸3⁰⁵3¹⁸Ji⁸i¹¹¹¹³⁰
635 4582 817 4669 antiquitus
842 4580 874 4649 in
925 4577 1056 4649 oiemla
1078 4575 1164 4644 erat.
1194 4575 1310 4653 Preger
1337 4575 1429 4646 1906,

267 4689 315 4754 ee·
398 4677 417 4736 ¹·
515 4697 534 4734 1·

283 4762 402 4823 Novum
432 4783 525 4840 genus
549 4760 823 4838 liistoriographiae,
859 4777 916 4836 qno
944 4755 1065 4814 seclusis
1095 4750 1182 4810 rebus
1213 4749 1280 4806 aliis
1303 4747 1427 4806 sociales

177 4855 210 4904 et
233 4847 349 4906 iuridici
373 4847 528 4908 dumtaxat
552 4871 645 4907 lienus
661 4848 814 4906 hominum
837 4843 875 4901 ad
895 4845 1045 4902 nationem
1061 4841 1191 4917 aliquam
1214 4835 1426 4914 pertinentium
