3450 5342
882 423 1072 478 —154-

353 614 479 672 Honorii
506 610 661 689 epistolam
697 608 862 686 perlegerit.
894 613 993 669 statim
1022 609 1171 678 concedet,
1200 612 1338 688 siguum
1367 607 1447 666 defi
1457 610 1617 665 ultioni-

355 721 398 759 ex
427 697 601 758 cathedra
629 698 663 754 in
692 695 771 754 illis
799 697 937 756 nullam
964 717 1114 776 apparere.

466 789 514 843 13.
541 784 609 842 Nou
638 792 783 860 apparent
814 786 905 860 sigua
932 785 984 843 illo
1012 797 1143 862 tempore
1176 783 1369 842 ordinaria.
1399 802 1484 860 quae
1517 799 1619 840 eraut

353 875 429 932 fere
452 872 551 932 haec.
575 871 729 928 Primum
752 891 812 928 non
828 869 967 929 solebant
980 871 1106 930 Romani
1118 870 1278 929 Pontifices
1293 867 1464 949 quidquam
1481 867 1620 926 definire.

354 981 410 1020 nec
433 959 525 1018 ullam
547 960 626 1015 circa
649 955 738 1013 fidem
762 957 810 1015 vel
834 978 933 1016 mores
958 959 1188 1018 controversiam
1212 957 1382 1016 authentice
1405 968 1439 1014 et
1456 955 1620 1014 definitivo

354 1047 463 1106 indicio
491 1047 659 1107 terminare,
687 1044 745 1101 nisi
773 1057 932 1123 postquam
957 1047 988 1103 in
1012 1043 1126 1124 synodo
1153 1045 1253 1122 aliqua
1275 1064 1327 1102 seu
1349 1053 1513 1102 conventu
1544 1044 1619 1122 epi*

352 1154 491 1212 coporum
520 1130 753 1190 traditionem
780 1133 1019 1209 apostolicam
1049 1134 1128 1190 circa
1151 1133 1351 1210 quaestionem
1381 1144 1617 1188 controversam

354 1221 552 1297 diligenter
577 1217 831 1276 discusserunt.
854 1219 903 1289 Et,
930 1220 987 1276 nisi
1011 1221 1042 1276 iu
1066 1221 1267 1296 quaestionem
1291 1229 1529 1276 controversam
1553 1217 1618 1276 dili·

354 1321 459 1384 genter
488 1306 721 1384 inquisivissent‚
748 1304 894 1382 quomodo
926 1307 990 1363 sine
1017 1325 1132 1364 summa
1158 1307 1323 1362 temeritate
1355 1305 1412 1361 hoc
1454 1305 1510 1362 tel
1544 1303 1617 1362 illud

356 1406 508 1473 tamquam
530 1390 618 1450 fidem
642 1393 794 1469 antiquam
829 1392 971 1450 ecclesiae
999 1390 1134 1450 omnibus
1163 1391 1342 1450 credendum
1370 1393 1541 1468 imponere
1568 1413 1616 1448 an-

352 1481 421 1538 dere
445 1478 628 1558 potuissent?

462 1565 579 1624 Deinde
602 1563 679 1643 quod
703 1567 745 1622 sic
767 1563 959 1634 deliniebant,
983 1586 1043 1624 nou
1066 1565 1259 1624 consulebant
1275 1577 1389 1622 tautum
1402 1565 1617 1642 aliquomodo.

354 1675 409 1713 nee
433 1653 470 1712 ad
494 1651 568 1711 illud
591 1649 752 1710 tenendum
775 1661 890 1710 tantum
914 1651 1085 1710 excitabant
1109 1663 1138 1710 et
1159 1651 1341 1715 animabant,
1369 1651 1423 1710 sed
1451 1653 1535 1710 illud
1567 1674 1617 1730 per

355 1741 474 1800 modum
497 1759 585 1797 verae
608 1738 706 1816 legis.
740 1736 905 1798 absolute
928 1755 961 1798 ot
985 1739 1281 1798 irrevocabiliter
1314 1738 1367 1797 sub
1393 1759 1498 1817 poena
1532 1761 1615 1796 ana·

353 1829 525 1887 thematis
548 1837 576 1884 et
600 1838 768 1883 aeternae
795 1826 1038 1886 damnationis
1061 1825 1240 1884 credendum
1264 1825 1472 1903 imponebant.

461 1915 564 1971 Tertio
587 1912 715 1990 donique
731 1912 809 1970 banc
822 1916 1009 1982 sententiam,
1034 1911 1232 1971 mediantibus
1257 1913 1456 1990 metropolitis
1473 1915 1505 1972 in
1520 1927 1618 1970 totam

309 2043 312 2048 -
350 2003 509 2060 ecclesiam
544 2013 573 2058 ut
607 1997 828 2071 diffunderetur,
868 1999 1027 2076 diligenter
1067 1999 1219 2060 curabant.
1261 2001 1354 2056 Istum
1395 2013 1503 2058 autem
1551 2021 1618 2078 pm-

354 2089 509 2169 positionis
531 2103 560 2144 et
583 2085 748 2144 diffusionis
780 2086 898 2145 modum
923 2086 1020 2164 quoad
1055 2090 1214 2146 essentiam
1237 2089 1328 2144 etiam
1352 2091 1615 2146 necessarium

353 2197 417 2234 esse
440 2185 472 2233 ut
494 2173 639 2232 habeatur
661 2193 731 2231 vera
753 2171 896 2242 definitio,
921 2174 976 2232 hoc
1000 2185 1044 2232 est
1068 2185 1098 2231 ut
1122 2176 1236 2233 censeri
1260 2175 1350 2251 possit
1375 2193 1464 2251 papa
1504 2195 1616 2252 quent-

354 2261 515 2320 admodum
540 2261 718 2318 Vaticanum
741 2259 878 2338 loquitur,
906 2282 975 2338 „pro
998 2281 1134 2338 suprema
1157 2281 1210 2319 sua
1233 2263 1407 2318 auctoritate
1431 2259 1615 2319 doctrinam

351 2348 388 2406 do
411 2347 469 2406 lide
493 2347 541 2404 vcl
564 2346 693 2405 moribus
716 2345 753 2404 ab
772 2350 911 2406 universa
935 2347 1060 2406 ecclesia
1083 2346 1242 2406 tenendam
1266 2347 1407 2404 delinire*
1434 2350 1560 2424 pariter
1575 2371 1613 2405 ex

354 2448 460 2494 natura
482 2437 524 2492 rei
547 2435 736 2492 manifestum
759 2448 812 2492 est.

465 2525 513 2578 14.
537 2522 600 2578 lam
616 2542 685 2578 vero
708 2522 812 2580 uiltil
836 2521 938 2578 horum
956 2523 1085 2579 eutitium
1102 2521 1172 2580 fecit
1191 2521 1346 2580 Honorius.
1371 2523 1445 2578 llum
1467 2541 1486 2578 a
1504 2525 1616 2594 Sergio

353 2610 561 2677 consuleretur,
589 2609 773 2685 „rescripsit“
802 2607 930 2687 quidem,
954 2620 984 2666 at
1009 2611 1049 2666 ait
1073 2607 1199 2666 loannes
1225 2607 1266 2664 ll'
1290 2619 1318 2665 et
1343 2608 1473 2666 loannes
1502 2610 1614 2668 Philo-

353 2717 446 2775 ponus
469 2697 651 2766 secretarius,
686 2695 737 2752 sed
761 2695 797 2753 de
820 2694 936 2774 synodo
959 2715 1034 2774 quae
1065 2698 1264 2772 praecesserit,
1299 2694 1335 2752 de
1358 2697 1510 2772 episcopis
1538 2719 1614 2774 quos

352 2784 571 2850 consultaverit,
595 2781 632 2838 de
648 2783 840 2859 inquisitione
857 2783 957 2860 aliqua
973 2785 1050 2840 seria
1066 2801 1152 2859 quam
1178 2783 1336 2840 instituerit
1361 2781 1454 2839 nihil
1482 2787 1612 2842 omnino

352 2870 485 2946 legimns.
521 2869 615 2926 Immo
638 2871 736 2946 potius
758 2868 921 2926 identidem
946 2869 1095 2927 llonorius
1118 2870 1258 2946 explicito
1282 2879 1371 2931 notat,
1395 2872 1612 2946 quaestionem

353 2958 532 3034 propositam
554 2955 700 3034 „synodos
724 2977 783 3014 non
805 2957 1056 3025 examinatisse·,
1080 2958 1158 3016 circa
1181 2956 1261 3014 illam
1283 2955 1445 3036 ‚synodica
1471 2956 1608 3015 iudicia·

354 3043 436 3101 nulla
458 3041 561 3100 haberi
574 3039 625 3119 ²⁰)-

458 3129 516 3188 Sed
541 3150 635 3207 neque
652 3128 813 3207 quidquam
830 3131 862 3186 in
879 3127 991 3187 duabus
1007 3129 1148 3207 epistolis,
1172 3129 1249 3208 quod
1273 3131 1396 3188 alterum
1420 3130 1610 3188 elementum

352 3215 535 3275 delinitionis
558 3227 644 3287 esset,
668 3236 719 3294 per
741 3215 859 3273 modum
885 3216 986 3294 legis
1011 3217 1059 3274 vel
1077 3219 1226 3294 praecepti
1243 3219 1357 3294 proprie
1381 3216 1453 3274 dicti
1478 3219 1609 3296 eiusque

353 3303 563 3371 irrevocabilis,
586 3315 677 3360 totam
693 3302 781 3360 simul
803 3304 959 3362 ecclesiam
981 3303 1103 3380 ligantis
1128 3303 1309 3382 praeseribit.
1335 3304 1420 3361 lavat
1451 3303 1502 3360 hic
1519 3323 1611 3382 quos-

353 3390 421 3447 dam
445 3401 544 3448 textus
566 3411 602 3448 ex
621 3390 747 3468 epistola
762 3390 919 3466 Agatho
931 3411 950 3447 n
960 3392 992 3448 is
1015 3392 1136 3468 eiusque
1148 3389 1255 3469 synodi
1269 3391 1379 3458 afferre,
1404 3402 1435 3447 at
1449 3409 1610 3468 appareat

353 3497 519 3554 quanam
543 3477 679 3553 lingua
700 3487 770 3534 tuuc
787 3477 912 3534 Romani
939 3477 1092 3554 pontifices
1115 3488 1273 3547 uterentur,
1296 3497 1361 3535 curn
1384 3477 1500 3555 aliquid
1527 3482 1608 3536 serio

352 3565 512 3622 terminare
535 3573 564 3622 et
587 3561 820 3622 irrevocabiliter
843 3563 967 3621 delinire
991 3560 1126 3622 tellent²
1146 3563 1163 3634 l.
1192 3564 1379 3636 „Eximenda
1403 3563 1539 3642 proinde,
1568 3568 1610 3622 sic
1699 3599 1700 3644 3

352 3653 395 3709 ait
406 3651 535 3727 Agatho,
558 3671 592 3709 ac
609 3650 730 3708 summis
752 3649 907 3708 conatibus
923 3671 988 3709 cum
1002 3651 1059 3709 Dei
1082 3651 1229 3730 praesidio
1253 3650 1407 3710 liberanda
1430 3661 1474 3708 est
1499 3667 1605 3710 sancta

352 3739 410 3796 Dei
428 3738 554 3796 ecclesia
575 3737 814 3796 christianissimi
838 3740 930 3795 uestri
952 3739 1069 3816 imperii
1092 3737 1129 3796 de
1152 3738 1256 3796 talium
1278 3738 1427 3796 doctorum
1452 3739 1604 3818 erroribus

351 3835 380 3882 et
403 3825 608 3900 evangelicam
632 3823 812 3881 orthodoxae
835 3824 937 3882 fidei
962 3825 1176 3893 rectitudinem,
1200 3846 1275 3904 quae
1298 3825 1421 3884 lundata
1444 3837 1488 3883 est
1513 3847 1603 3904 super

349 3911 464 3968 firmam
489 3921 601 3987 pettam
625 3911 711 3968 liuius
734 3908 814 3968 beati
836 3911 918 3968 Petri
943 3912 1150 3990 Apostolorum
1174 3915 1315 3991 principie
1339 3914 1489 3972 ecclesiae.
1523 3934 1600 3991 quae

349 3999 413 4055 eius
428 3999 525 4073 grat-ia
539 4007 567 4054 et
584 3996 731 4073 praesidio
747 3997 784 4055 ab
800 3999 880 4055 omui
900 4019 996 4056 errore
1020 3997 1135 4058 illibata
1159 4015 1318 4078 permanet,
1342 4003 1467 4058 omnis
1494 4021 1600 4077 prac-

352 4084 482 4142 sulnm
508 4104 686 4142 nanterus
710 4104 751 4142 ac
774 4084 1032 4156 sacerdotum,
1065 4087 1167 4144 cleri
1191 4107 1232 4144 ac
1254 4087 1495 4166 pophlorum‚
1528 4108 1599 4144 uua·

352 4173 473 4230 nimiter
509 4170 547 4228 ad
581 4170 757 4249 placendum
792 4172 856 4229 Deo
895 4175 1144 4251 animamque
1182 4171 1425 4240 salvandam,
1464 4175 1599 4231 veritatis

349 4258 506 4316 formulam
530 4258 708 4335 apostolicae
731 4257 900 4316 traditionis
925 4258 1076 4318 nobiscum
1099 4261 1288 4318 confiteretur
1310 4271 1339 4318 et
1363 4259 1531 4338 praedicet*
1547 4255 1598 4327 ²²1.

350 4347 391 4403 lut
407 4348 437 4403 in
454 4345 579 4424 epistola
595 4347 658 4403 eius
675 4345 819 4424 synodica
835 4348 877 4402 sic
893 4347 1016 4422 legitur:
1045 4347 1247 4424 Quicumque
1271 4347 1395 4425 proinde
1414 4345 1599 4406 sacerdotum

403 4585 437 4651 ²⁰)
456 4586 507 4651 Ep.
527 4587 548 4637 l.
568 4584 645 4637 circa
663 4585 801 4637 medium.

403 4656 437 4721 ²¹)
457 4655 496 4708 ct.
516 4655 606 4707 etiam
625 4655 715 4707 verba
734 4653 898 4722 Caelestini,
917 4671 982 4724 pag.
1002 4655 1044 4709 59.

403 4724 437 4781 Ν)
457 4724 585 4790 Manui,
604 4724 661 4790 Xl.‚
680 4722 740 4776 278.
