3450 5342
677 436 722 446 -
746 405 804 461 let
828 433 873 444 ...,

139 596 241 664 iacet,
263 611 367 651 revera
389 590 426 649 ab
449 592 501 650 illo
523 602 640 649 auctore
663 593 833 669 scriptasit
856 611 949 650 necne
966 587 1017 668 95).
1055 590 1180 650 lirisar
1211 613 1281 651 vero
1294 587 1345 670 ⁹⁶),
1370 603 1401 651 ut

140 682 215 738 iam
237 679 376 751 diximus,
410 680 461 756 qui
483 677 575 736 verba
597 676 851 736 condemnationis
883 698 942 738 non
966 687 1056 757 putat,
1091 681 1154 737 sine
1177 679 1328 752 violentia,
1364 679 1401 738 de

141 767 272 825 haeresi
305 767 410 824 latiore
433 775 548 824 tantum
571 785 659 823 seusu
688 785 774 843 posse
795 764 934 841 intelligi,
968 765 1157 843 epistolarum
1182 767 1399 844 geuuiuitatem

143 855 289 924 sustinet,
324 854 356 910 in
379 853 504 910 concilio
526 872 596 909 vero
619 871 678 909 non
700 871 827 910 errorem
850 851 920 910 facti
945 851 1083 924 admittit,
1117 853 1170 912 sed
1193 852 1399 912 difficultatem

145 961 191 999 ex
228 961 263 998 eo
286 940 382 1018 potius
413 939 509 1008 solvit,
543 936 624 1016 quod
653 938 812 996 anathema
841 957 860 996 a
889 938 1014 996 concilio
1045 939 1137 1000 latum
1175 949 1327 998 tantum
1364 943 1401 997 in

147 1046 271 1099 sensu,
302 1024 344 1084 ad
372 1046 472 1104 quem
505 1045 523 1082 a
552 1025 670 1083 Leone
692 1025 732 1085 ll.
756 1027 958 1084 restrictum
993 1028 1048 1096 sit,
1075 1027 1229 1086 valorem
1263 1025 1402 1085 habeat.

262 1113 348 1188 Quae
370 1113 518 1171 sententia
539 1110 656 1170 robur
687 1131 745 1169 non
769 1111 967 1190 spernendum
991 1115 1023 1171 iu
1046 1132 1080 1170 eo
1104 1112 1201 1186 habet,
1225 1111 1303 1192 quod
1327 1115 1401 1171 sicut

148 1199 237 1259 idem
261 1209 362 1258 auctor
383 1199 494 1257 ibidem
517 1197 654 1269 ostendit,
676 1212 762 1256 vetus
784 1201 814 1256 in
838 1197 991 1257 occidente
1007 1207 1069 1257 erat
1085 1203 1240 1270 sententia,
1264 1198 1402 1268 Graecos,
1476 1253 1480 1266 ,

149 1286 186 1345 id
212 1297 258 1345 est
279 1295 378 1364 patres
400 1286 520 1344 concilii
542 1286 627 1356 sexti,
658 1284 837 1343 acerbiorem
860 1287 891 1343 in
915 1286 1079 1344 Houorium
1108 1307 1231 1366 eamque
1262 1289 1402 1345 iniustam

149 1374 261 1432 tulisse
283 1375 471 1443 sententiam,
493 1392 617 1450 eamque
640 1393 658 1429 a
679 1372 780 1430 Leone
803 1372 843 1429 ll.
867 1373 978 1431 solum
1002 1374 1036 1431 iu
1060 1393 1165 1432 sensu
1189 1373 1399 1431 modificato
1426 1439 1427 1444 ἵ

151 1480 236 1519 esse
269 1458 508 1538 approbatam.
546 1459 677 1517 Leonem
700 1459 740 1516 ll.
763 1461 859 1536 ipsum
883 1479 1000 1517 sensum
1023 1459 1222 1518 anathematis
1245 1462 1277 1518 in
1301 1460 1403 1518 Hono-

151 1549 233 1606 rium
256 1547 311 1604 lati
332 1567 403 1604 vere
426 1545 618 1615 modificasse,
641 1554 722 1604 tenet
743 1547 833 1603 etiam
856 1545 968 1604 Funk
985 1540 1037 1625 ⁹⁷).
1072 1547 1160 1606 Patet
1175 1567 1245 1605 vero
1276 1549 1307 1605 in
1331 1547 1402 1604 hac

154 1635 308 1692 sententia
330 1635 496 1692 necessario
519 1631 734 1690 admittendum
750 1652 823 1702 esse,
846 1641 944 1710 patres
967 1633 1087 1692 concilii
1103 1636 1179 1692 sexti
1201 1655 1302 1712 perse
1326 1631 1402 1692 solos

154 1730 290 1798 sumptos
312 1722 391 1778 circa
413 1721 578 1778 ilouorium
601 1721 633 1776 in
650 1717 759 1777 iudicio
782 1717 903 1776 ferendo
926 1722 1097 1796 graviter
1127 1740 1272 1790 errasse,
1300 1740 1402 1778 veram

154 1816 257 1866 autem
280 1816 310 1865 et
332 1807 495 1884 legitimam
518 1827 583 1864 csse
605 1816 719 1863 tantum
742 1825 808 1863 eam
831 1805 1107 1876 condemnationem
1132 1807 1266 1877 llonorii,
1290 1809 1321 1864 in
1344 1827 1403 1884 qua

155 1915 225 1952 cum
249 1894 368 1952 concilii
392 1913 511 1971 corpore
535 1903 623 1970 caput
645 1894 708 1950 eius
730 1893 904 1962 consentiat,
927 1891 1052 1971 ideoque
1076 1903 1225 1972 tamquam
1249 1913 1349 1952 veram
1374 1903 1402 1951 et
1451 1962 1456 1973 Ι

157 1979 349 2040 infallibilem
383 1981 509 2038 Honorii
545 1977 821 2037 condemnationem
854 1987 968 2038 tantum
1003 2001 1067 2039 eam
1102 1979 1282 2039 considerari
1311 2000 1405 2058 posse,

158 2087 236 2146 quae
265 2087 319 2146 per
340 2066 450 2125 Leonis
473 2067 513 2124 ll.
536 2064 776 2144 approbationem
808 2065 897 2124 robur
919 2065 1087 2126 obtinuerit.
1132 2065 1231 2143 Quare
1254 2087 1318 2126 cum
1345 2067 1406 2124 Ho—

159 2156 237 2213 uorii
261 2153 469 2212 condemnatio
500 2175 518 2211 a
540 2154 641 2211 Leone
665 2153 704 2210 ll.
727 2161 841 2210 tantum
864 2151 902 2210 de
926 2153 1041 2212 haeresi
1064 2154 1167 2212 latiore
1191 2173 1279 2212 seusu
1302 2154 1406 2212 confir-

159 2253 242 2299 mata
263 2243 309 2308 sit,
332 2243 420 2299 etiam
445 2243 476 2298 in
500 2240 555 2297 hac
578 2242 734 2310 sententia,
757 2248 788 2297 ut
811 2241 871 2297 iam
887 2239 1024 2312 diximus,
1049 2239 1216 2311 dicendum,
1242 2241 1405 2299 Honorium

159 2350 178 2386 a
200 2328 325 2386 concilio
358 2319 545 2386 oecumenico
579 2326 742 2404 legitimo
779 2347 846 2384 non
884 2347 947 2386 esse
971 2327 1007 2386 de
1038 2327 1153 2386 haeresi
1177 2331 1293 2406 proprie
1328 2325 1407 2386 dicta

162 2414 343 2473 damnatum.

272 2503 321 2562 50.
348 2501 413 2558 lam
443 2501 468 2556 si
492 2500 579 2577 culpa
600 2501 632 2557 in
655 2499 789 2557 Honorio
812 2521 830 2556 a
852 2501 977 2558 concilio
1006 2499 1160 2558 vindicata
1190 2521 1248 2558 nun
1277 2500 1408 2558 haeresis

89 2599 94 2606 '
163 2588 226 2660 luit,
248 2586 301 2646 sed
323 2597 438 2645 tantum
462 2587 546 2644 favor
568 2586 683 2644 haeresi
706 2587 872 2663 praestitus,
903 2585 1064 2644 videndum
1088 2597 1140 2656 est,
1171 2589 1210 2644 in
1242 2607 1408 2664 quonam

163 2676 345 2753 praecise
378 2673 608 2750 culpabilis
631 2671 708 2729 ille
731 2671 847 2730 favor
870 2675 1118 2731 constiterit.
1151 2675 1185 2731 lu
1208 2693 1298 2730 unum
1323 2672 1408 2731 colli-

165 2759 261 2838 gendo
293 2760 392 2828 verba,
427 2758 532 2838 quibus
566 2760 628 2817 Leo
653 2759 690 2816 ll.
725 2758 802 2816 hanc
836 2760 952 2837 culpam
987 2760 1151 2818 accuratius
1186 2759 1407 2830 circumscribit,

164 2848 298 2905 videmus
331 2868 398 2906 eum
423 2846 555 2904 Honorio
578 2847 652 2903 vitio
670 2855 793 2916 vertere,
825 2848 857 2903 in
880 2846 1006 2923 epistola
1036 2845 1153 2923 quidem
1190 2847 1407 2905 confirmatoria

165 2934 202 2992 ad
235 2936 450 3013 imperatorem,
485 2933 564 3011 quod
597 2933 748 2992 Honorius
782 2932 877 3003 ,lianc
909 2933 1101 3010 apostolicam
1136 2934 1291 2992 ecclesiam
1326 2955 1345 2991 n
1359 2955 1375 2991 o
1388 2954 1407 2992 n

165 3021 341 3100 apostolicae
374 3020 543 3079 traditionis
581 3019 716 3077 doctrina
750 3018 900 3089 lustravit,
933 3018 985 3077 sed
1024 3020 1146 3097 profana
1177 3019 1407 3098 proditioue

166 3108 382 3166 immaculatam
396 3107 592 3166 maculari
616 3126 660 3184 pe
673 3126 720 3163 rm
733 3106 801 3163 isit
826 3107 1092 3186 (παρεχώρησε)“;
1114 3106 1221 3164 deinde
1238 3109 1269 3165 in
1282 3108 1406 3185 epistola

167 3193 202 3252 ad
224 3197 376 3272 episcopos
399 3195 572 3273 Hispaniae,
608 3195 677 3271 quia
712 3192 877 3264 ,flammam
901 3193 1043 3251 haeretici
1076 3192 1223 3270 dogmatis
1255 3215 1343 3266 nou,
1379 3202 1410 3250 ut

167 3281 262 3340 decuit
285 3281 475 3360 apostolicam
497 3282 712 3348 auctoritatem,
751 3281 1045 3357 incipientem
1073 3282 1311 3348 exstinxit,
1347 3279 1409 3337 sed

168 3366 419 3444 negligendo
447 3369 680 3439 confovit“;
708 3365 830 3424 taudem
853 3370 884 3425 in
908 3368 1033 3446 epistola
1058 3367 1094 3425 ad
1119 3387 1217 3443 regem
1243 3368 1408 3442 Ervigium,

169 3456 234 3532 quia
260 3455 497 3528 ,immaculatam
519 3454 698 3532 apostolicae
721 3452 890 3511 traditionis
912 3455 1053 3532 regulam,
1087 3475 1174 3532 quam
1199 3475 1216 3510 a
1239 3452 1410 3531 praedeces-

169 3539 278 3600 soribus
311 3543 371 3600 suis
405 3543 526 3619 accepit,
569 3540 762 3598 maculari
798 3543 1057 3599 consensit-‘⁶
1097 3539 1247 3600 Addenda
1281 3549 1325 3598 est
1360 3540 1409 3597 hio

170 3628 333 3707 explicatio,
361 3648 437 3706 qaae
460 3631 491 3685 in
515 3627 574 3685 lib
588 3649 629 3685 ro
652 3627 780 3686 diurn
793 3649 817 3699 o,
851 3630 884 3686 in
907 3627 1088 3707 professione
1115 3626 1184 3685 fidei
1209 3629 1408 3686 Romanorum

170 3715 337 3794 pontificum
378 3714 510 3787 habetur,
544 3714 594 3772 ubi
623 3715 757 3772 Honorio
791 3715 951 3772 anathema
982 3715 1096 3786 dicitur,
1131 3716 1201 3792 quia
1238 3716 1409 3792 ,pravis

170 3822 303 3860 eorum
338 3800 660 3860 assertionibus
691 3801 909 3860 fomentum
944 3801 1183 3879 impendit.“

272 3887 384 3948 Omnes
417 3889 474 3946 bau
507 3890 697 3965 assertiones,
728 3896 760 3945 ut
793 3908 831 3944 ex
865 3909 924 3946 uua
957 3898 1039 3967 parte
1073 3907 1185 3946 inarum
1221 3887 1409 3945 favorem

170 3974 280 4032 haeresi
302 3977 484 4053 praestitum,
508 3996 566 4033 non
590 3975 736 4032 haeresim
758 3977 853 4052 ipsam
880 3975 1057 4052 significant,
1088 3978 1130 4033 ita
1157 3995 1221 4032 cam
1247 3976 1411 4032 accuratius

161 4063 199 4118 in
220 4062 487 4139 negligentia
510 4063 635 4120 Honorii
659 4071 813 4140 reponunt,
835 4082 895 4140 qua
917 4065 1061 4120 omisit
1092 4061 1131 4120 id
1154 4061 1292 4130 facere,
1317 4059 1411 4139 quod

171 4149 331 4206 inillis
365 4151 686 4206 circumstantiis
721 4149 854 4206 lacere
889 4148 1045 4209 debuit.
1079 4148 1167 4226 Quod
1190 4158 1288 4206 autem
1312 4147 1410 4206 facere

172 4234 266 4293 debuit
300 4242 329 4292 et
352 4256 411 4293 non
434 4237 512 4306 fecit,
546 4256 623 4292 non
654 4235 708 4292 luit
731 4233 851 4312 aliquod
874 4235 1011 4304 officium,
1040 4236 1117 4314 quod
1154 4237 1211 4312 ipsi
1242 4247 1273 4294 ut
1297 4235 1412 4292 bomini

172 4323 332 4399 privato
365 4321 562 4393 incumbebat,
596 4321 648 4378 sed
682 4331 714 4379 ut
747 4320 874 4399 publico,
909 4336 940 4380 ut
967 4326 1076 4400 pastori
1112 4331 1140 4380 et
1175 4319 1286 4380 doctori
1322 4324 1411 4379 totius

172 4408 316 4467 ecclesiae.
346 4408 445 4484 Quare
468 4429 527 4467 non
550 4419 628 4466 recte
651 4407 791 4466 videntur
813 4408 902 4486 loqui,
938 4411 988 4486 qui
1012 4409 1177 4468 llouorium
1200 4417 1232 4466 ut
1255 4427 1408 4486 personum

215 4558 250 4664 :l
268 4558 694 4697 irenaeum-‚a

215 4697 237 4732 ⁹⁷
268 4699 624 4767 liircbengeschichtliche
642 4699 877 4768 abhandlungen
898 4701 916 4751 l.
936 4699 1110 4758 Paderbom‚
1131 4697 1198 4750 1897
1218 4714 1242 4764 p.
1263 4696 1323 4749 114.
