3450 5342
845 372 887 385 -
914 346 972 399 lilii
997 374 1039 383 -

319 525 481 581 facultates
506 524 735 595 cognoscitivae
759 524 790 579 in
815 540 873 579 sua
898 524 1031 579 naturali
1057 523 1236 593 operatione
1261 538 1322 577 non
1350 522 1575 592 impediuntur

318 596 442 662 (inorbo
461 594 510 649 vel
523 592 636 663 quavis
655 593 884 661 abnormitate),
903 592 1054 665 quamdiu
1074 592 1167 647 etiam
1187 592 1342 649 obiectum
1363 591 1573 649 facultatibus

319 663 542 734 cognoscitivis
570 661 806 732 proportionata
837 668 868 717 et
893 678 950 733 per
976 663 1076 717 media
1100 662 1140 717 ab
1165 660 1233 731 ipsa
1259 666 1371 717 natura
1396 663 1471 717 data
1499 678 1574 717 sese

320 734 506 800 manifestat,
537 732 693 787 obiectum
713 732 889 788 formaliter
908 732 967 788 tale
986 737 1042 799 est,
1073 731 1164 814 quale
1183 732 1383 803 cognoscitur
1401 731 1420 786 i.
1439 747 1467 786 e„
1487 732 1575 787 iuter

319 802 431 858 obiecti
455 801 622 885 qualitates
646 800 878 871 (perfectionesl
901 807 1059 857 eteorum
1079 816 1109 855 in
1129 802 1233 855 anima
1259 801 1573 871 rapraeseutationes

322 888 416 927 vera
444 872 670 927 similitudo
698 869 885 941 imaginis
913 872 1034 926 adest.
1067 871 1136 926 Hoc
1158 876 1207 925 est
1232 870 1432 940 praecipuum
1456 871 1573 925 funda-

320 950 458 997 mentum
480 940 665 1010 cognitionis
684 940 847 1006 humanae,
868 940 950 1009 quod
970 940 1148 1011 philosophi
1169 939 1344 996 scholastici
1363 939 1570 995 Aristotelem

318 1012 416 1066 secuti
436 1012 583 1065 tenebant
602 1016 632 1064 et
651 1014 764 1065 tenent.

423 1080 471 1135 Ex
499 1081 556 1135 hac
583 1079 710 1145 ratione,
743 1094 891 1133 concessa
920 1078 1056 1135 auctoris
1087 1078 1247 1145 sententia,
1282 1077 1495 1135 sensationein
1529 1096 1571 1135 ne

317 1149 477 1206 minimam
502 1149 629 1219 quidem
656 1148 891 1203 similitudinem
919 1148 1034 1203 habere
1058 1164 1127 1202 cum
1148 1154 1217 1203 actu
1237 1148 1367 1271 ρὴζείοο
1386 1153 1416 1205 et
1437 1150 1570 1219 physio

317 1218 425 1289 logico,
456 1235 514 1288 ope
533 1234 668 1289 quorum
689 1218 843 1273 obiectum
866 1232 898 1273 se
918 1217 1039 1273 animae
1060 1217 1237 1273 manifestat
1267 1220 1276 1283 l
1302 1233 1337 1271 os
1358 1220 1439 1273 enim
1461 1232 1569 1289 neque

317 1295 539 1358 repraesentat,
570 1303 671 1357 neque
698 1287 878 1357 cognoscit),
910 1286 1036 1343 concedi
1056 1302 1117 1341 non
1139 1292 1250 1356 potest,
1269 1302 1336 1342 eain
1359 1303 1421 1341 non
1442 1288 1567 1343 habere

316 1374 423 1413 reram
445 1357 677 1413 similitudinem
698 1373 767 1411 cuin
789 1372 847 1412 suo
866 1356 995 1420 obiecto,
1014 1356 1098 1427 quod
1120 1372 1229 1411 revera
1248 1362 1475 1427 repraesentat.

421 1426 628 1482 Difficultates
653 1434 762 1481 contra
786 1426 865 1480 hanc
891 1426 1075 1481 seutentiam
1102 1426 1195 1481 affert
1220 1431 1329 1481 auctor
1352 1425 1445 1481 duas:
1483 1427 1513 1481 1⁰
1533 1426 1567 1482 Si

316 1496 356 1557 id,
387 1497 471 1566 qnod
492 1496 610 1551 nostris
630 1493 862 1551 sensationibus
882 1496 1030 1562 colorum,
1063 1511 1212 1551 sonorum
1233 1502 1288 1551 etc.
1311 1502 1399 1551 extra
1419 1511 1480 1551 nos
1502 1512 1568 1551 res-

316 1566 441 1635 pondet,
461 1582 523 1620 non
542 1566 573 1619 iii
593 1572 680 1620 motu
699 1566 884 1620 consisteret
904 1564 958 1619 sed
979 1566 1103 1621 adesset
1121 1564 1204 1621 inter
1223 1566 1431 1620 sensationein
1445 1572 1479 1620 et
1494 1566 1565 1621 eius

315 1650 442 1690 cansam
470 1634 640 1690 similitudo
665 1634 821 1703 imaginis,
840 1650 902 1689 non
917 1641 1047 1703 possent
1060 1633 1207 1704 explicari
1228 1634 1325 1689 multa
1345 1634 1566 1702 phaenomena

317 1704 455 1775 physica,
475 1711 509 1759 ut
527 1720 551 1759 e.
566 1722 595 1774 g.
616 1704 829 1759 interferentia
848 1703 935 1767 lucis,
956 1704 1023 1759 soni
1043 1711 1098 1759 etc.
1119 1706 1290 1773 lp.14.15.).
1308 1705 1340 1758 2⁰
1359 1704 1565 1759 sensationes

316 1774 377 1829 sibi
403 1774 519 1829 similes
545 1780 651 1829 essent
681 1774 835 1842 imagines
861 1773 1053 1829 obiectorum
1088 1772 1147 1828 sibi
1180 1773 1380 1829 dissimilium
1410 1774 1566 1833 (sensatio

314 1843 391 1898 lucis
410 1846 519 1909 oritur,
538 1842 665 1913 quando
684 1844 793 1898 oculus
815 1843 996 1912 percutitur,
1018 1842 1065 1899 vel
1086 1858 1203 1899 nervus
1224 1849 1355 1903 secatur,
1376 1843 1424 1898 vel
1439 1842 1471 1897 ri
1487 1844 1564 1899 elec

314 1915 390 1968 trica
409 1915 570 1974 irritatur).

419 1983 594 2038 Difficultas
606 1981 708 2051 prinia
719 1982 782 2035 vim
795 1982 888 2035 habet
901 1988 1009 2036 contra
1020 1982 1181 2047 theoriam,
1194 1997 1274 2053 quae
1286 1988 1424 2046 vocatur,
1438 1997 1564 2037 emana-

314 2052 408 2107 tionis
424 2052 512 2113 (lncis
528 2059 604 2117 etet,
620 2051 735 2107 nullain
757 2066 833 2105 vero
844 2051 907 2106 vim
929 2051 1022 2106 habet
1041 2057 1149 2106 contra
1165 2052 1350 2107 sententiam
1370 2052 1564 2107 neo-schola·

314 2121 423 2177 sticaiii
443 2128 645 2187 asserentem,
664 2119 829 2191 qualitates
850 2120 1015 2175 sensibiles
1036 2120 1129 2175 simul
1143 2136 1212 2175 cuni
1230 2129 1326 2185 uiotu,
1345 2120 1563 2189 dependenter

312 2191 410 2255 abeo,
430 2192 727 2271 proportionateque
746 2205 815 2245 cuni
835 2206 872 2244 eo
891 2190 921 2244 in
941 2189 1127 2259 corporibus
1147 2189 1231 2257 oriri,
1251 2189 1387 2258 interire,
1407 2204 1563 2249 crescere.

312 2260 500 2314 decrescere.
537 2260 584 2314 An
609 2259 679 2318 fieri
705 2257 821 2329 nequit,
850 2264 883 2315 ut
903 2260 942 2313 ab
962 2260 1068 2314 eadem
1096 2275 1189 2315 causa
1215 2260 1257 2325 lvi
1279 2260 1430 2326 inotrice),
1458 2274 1560 2330 aqua

313 2337 417 2383 niotus
437 2329 542 2384 localis
561 2330 593 2384 in
614 2329 753 2384 subiecto
773 2336 903 2383 extenso
930 2328 1123 2397 producitur.
1157 2328 1250 2385 simul
1270 2336 1300 2383 et
1319 2328 1561 2399 proportionata

311 2414 381 2453 cuin
400 2405 485 2452 motu
499 2398 557 2453 alia
570 2399 703 2468 qualitas
721 2398 879 2453 sensibilis
899 2398 1100 2478 producatur,
1120 2405 1280 2469 angeatur,
1302 2398 1471 2465 minuatur,
1492 2414 1516 2453 e.
1532 2414 1561 2467 g.

312 2467 366 2523 lux
385 2467 416 2523 in
437 2467 597 2537 particulis
616 2467 763 2532 carbonii,
784 2483 882 2522 sonus
902 2483 933 2521 in
952 2466 1046 2522 aare?

417 2538 560 2592 Secunda
587 2536 757 2592 difficultas
791 2538 904 2607 probat
939 2537 1075 2606 quidem,
1111 2538 1246 2593 medium
1282 2544 1457 2596 externum.
1495 2552 1559 2617 quo

313 2606 508 2662 sensationes
540 2607 682 2675 proxime
716 2605 900 2671 excitantur,
929 2621 998 2661 esse
1029 2613 1147 2662 motum
1179 2607 1274 2677 (quod
1306 2606 1338 2663 in
1371 2607 1558 2661 scholastica

315 2678 468 2731 sententia
492 2691 554 2730 non
580 2677 735 2746 negatur),
763 2677 872 2745 probat
901 2675 993 2730 etiam
1021 2677 1215 2731 sensationes
1241 2675 1316 2730 oriri
1342 2691 1437 2746 posse
1463 2676 1554 2731 etiam

312 2751 395 2811 tunc,
414 2746 537 2813 quando
551 2746 716 2815 physicum
738 2744 884 2809 inedium,
904 2761 967 2815 quo
981 2745 1067 2815 ipsae
1086 2745 1262 2801 excitantur
1283 2749 1411 2811 (motus)
1433 2744 1556 2800 aliunde

313 2814 461 2938 plrocedit,
480 2830 574 2884 quam
595 2816 634 2869 ab
653 2813 732 2884 ipsis
751 2814 956 2884 qualitatibus
974 2814 1185 2871 sensibilibus
1206 2816 1287 2879 Quid
1302 2815 1375 2871 inde
1390 2814 1555 2885 sequitur?

346 2900 381 2938 oc
402 2890 521 2938 tantum
541 2900 577 2939 ex
596 2900 632 2939 eo
647 2891 728 2938 recte
743 2885 893 2954 sequitur,
908 2899 1025 2953 posse
1053 2899 1342 2955 nonnumquam
1362 2899 1433 2939 esse
1452 2899 1556 2939 sensa-

312 2952 421 3019 tiones
446 2969 526 3023 qnae
551 2953 740 3009 obiectivum
773 2954 911 3007 valorem
941 2969 1004 3008 non
1032 2952 1148 3009 liabent
1177 2954 1225 3009 vel
1256 2953 1373 3023 quibus
1399 2954 1553 3008 obiectum

312 3022 413 3077 simile
431 3038 494 3077 non
514 3023 692 3092 respondet.
713 3023 753 3077 Et
774 3038 883 3077 revera
904 3038 996 3102 saepe
1016 3023 1171 3078 obiectum
1193 3023 1427 3078 sensationibus
1455 3022 1556 3077 simile

311 3108 374 3147 non
394 3092 482 3147 adest
502 3095 538 3158 (e.
557 3109 586 3162 g.
612 3092 643 3146 in
669 3092 750 3147 febri
775 3099 806 3147 et
830 3092 867 3146 al.
887 3096 930 3161 c),
958 3107 990 3147 in
1017 3092 1122 3147 inultis
1152 3094 1277 3148 casibus
1306 3108 1368 3147 non
1394 3096 1443 3147 cst
1467 3093 1554 3147 facile

311 3162 504 3232 dignoscere,
518 3168 621 3216 utrum
638 3161 783 3229 inedium,
794 3178 857 3231 quo
869 3161 1064 3216 sensationes
1078 3161 1253 3218 excitantur
1263 3163 1302 3217 ab
1312 3161 1390 3231 ipsis
1400 3162 1555 3231 qualitati·

311 3232 371 3287 bus
398 3230 601 3286 sensibilibus
621 3246 660 3287 an
688 3232 727 3286 ab
747 3231 805 3285 alia
829 3246 923 3286 causa
943 3232 1091 3300 procedat
1118 3237 1149 3287 et
1167 3237 1395 3312 consequenter
1424 3239 1555 3286 nonest

309 3301 398 3357 facile
417 3301 613 3370 dionoseere,
637 3308 743 3355 utrum
770 3299 925 3355 obiectum
953 3300 1186 3355 sensationibus
1212 3301 1312 3356 simile
1337 3316 1448 3356 revera
1473 3301 1554 3356 adsit

310 3386 415 3427 necne.
470 3387 490 3425 x
515 3386 552 3425 eo
578 3386 653 3426 vero
681 3370 766 3425 nullo
793 3370 886 3424 inodo
912 3369 1062 3439 sequitur,
1092 3370 1286 3426 sensationes
1311 3385 1484 3440 numquam
1504 3386 1554 3425 ex·

310 3442 446 3510 primere
464 3440 619 3495 obiectum
641 3440 701 3494 sibi
720 3454 794 3494 vere
814 3438 914 3494 simile
928 3440 1008 3507 quod
1024 3445 1182 3509 tamquam
1203 3440 1410 3495 ordinaria
1437 3455 1553 3495 causa

311 3526 370 3579 ope
390 3516 495 3564 motus
515 3509 601 3578 ipsas
620 3510 740 3564 excitet.
759 3508 806 3563 hd
826 3509 884 3563 hoo
903 3510 1193 3579 agnoscendum
1214 3510 1297 3579 cogit
1312 3526 1369 3563 nos
1383 3510 1463 3564 ratio
1483 3508 1553 3565 noe·

308 3580 369 3634 tica
387 3610 421 3618 —
445 3578 608 3633 facultates
633 3578 870 3649 cognoscitivas,
898 3578 1047 3648 quamdiu
1073 3577 1104 3633 in
1125 3594 1182 3634 sua
1201 3579 1334 3634 naturali
1362 3578 1552 3648 perfectione

308 3664 372 3703 non
391 3648 607 3715 impediuntur
625 3655 655 3704 et
673 3647 824 3719 quamdiu
843 3648 883 3702 ab
902 3647 1032 3702 obiectis
1052 3649 1111 3703 sub
1131 3647 1300 3703 ordinariis
1313 3664 1331 3704 a
1344 3654 1457 3703 natura
1469 3648 1552 3703 datis

309 3716 541 3772 conditionibus
581 3718 838 3783 determinantur,
885 3732 1012 3771 veraces
1058 3732 1135 3782 esse,
1180 3718 1369 3773 obiectivum
1411 3718 1550 3773 valorem

309 3785 556 3856 cognoscitivum
577 3787 701 3854 habere,
714 3788 745 3842 id
760 3786 943 3856 exprimere,
962 3786 1047 3867 quod
1061 3802 1171 3843 revera
1186 3792 1271 3843 extra
1284 3802 1337 3843 eas
1351 3786 1411 3843 tale
1426 3786 1550 3855 (simile)

308 3863 364 3911 est.
386 3854 470 3909 Haec
495 3856 574 3910 ratio
600 3856 724 3911 maximi
750 3863 798 3911 est
825 3860 982 3923 momenti,
1013 3870 1083 3911 nain
1113 3861 1234 3912 tantuin
1254 3857 1286 3911 in
1307 3856 1358 3911 illa
1377 3856 1552 3913 obiectivus

308 3925 398 3979 valor
408 3924 591 3993 cognitionis
604 3941 666 3980 non
678 3926 778 3981 solum
792 3926 968 3993 sensitivae,
981 3926 1035 3981 sed
1047 3924 1139 3981 etiam
1151 3925 1355 3982 intellectivae
1365 3926 1552 3997 cognitionis

307 3994 444 4049 firmiter
463 4000 542 4049 stare
562 4000 674 4077 potest.

413 4064 456 4118 De
481 4064 683 4119 ulterioribus
703 4063 872 4119 sensitivae
892 4063 1079 4134 cognitionis
1105 4063 1227 4119 actibus
1252 4063 1431 4133 complures
1452 4070 1552 4120 rectas

308 4133 478 4188 sententias
504 4134 614 4189 adfert.
640 4134 787 4204 Loquens
806 4134 845 4189 de
864 4132 1187 4202 repraesentationum
1213 4132 1428 4201 associatione,
1452 4135 1551 4205 legem

306 4203 550 4272 propinquitatis
587 4203 656 4271 (loci
693 4209 723 4258 et
760 4204 923 4273 temporis)
967 4208 997 4257 et
1034 4201 1247 4258 similitudinis
1285 4202 1346 4271 (vel
1386 4203 1552 4260 contrarie·

306 4271 391 4340 tatis)
419 4272 552 4327 adducit.
589 4273 771 4328 Memoriam
800 4271 910 4327 definit
941 4272 1118 4327 facultatem
1151 4272 1359 4328 conservandi
1387 4274 1420 4328 in
1449 4274 1551 4329 anima

306 4342 610 4411 repraesentationes
630 4342 752 4398 habitas
772 4342 962 4411 easdemque
980 4346 1054 4410 (non
1068 4357 1200 4397 numero
1221 4342 1356 4411 easdem,
1377 4345 1432 4399 sed
1448 4342 1552 4398 simili·

306 4410 425 4480 tudine)
454 4412 612 4480 posterius
641 4411 870 4481 reproducendi
900 4414 942 4481 (p.
960 4412 1034 4479 ¹58).
1062 4410 1261 4466 Phantasiain
1292 4412 1402 4467 definit
1431 4411 1550 4467 animae

306 4480 505 4545 activitatein‚
516 4497 578 4551 qua
588 4496 647 4551 per
657 4481 761 4536 varias
772 4480 961 4536 mutationes
972 4486 1002 4535 et
1012 4480 1258 4536 combinationes
1269 4496 1286 4535 a
1310 4482 1548 4550 prehensionum

308 4565 407 4605 novas
428 4550 732 4630 repraesentationes
758 4550 829 4605 facit
848 4556 993 4620 recteque
1012 4549 1242 4617 animadvertit,
1271 4496 1468 4620 phantasiam
1488 4566 1549 4605 non

307 4635 401 4688 posse
421 4619 593 4690 quidquam
619 4620 761 4676 absolute
781 4619 854 4675 nori
881 4619 1005 4675 addere.
1025 4620 1079 4674 sed
1101 4620 1201 4674 solum
1222 4618 1339 4690 aliquid
1359 4621 1502 4676 omittere
1520 4628 1549 4675 et
