3450 5342
912 394 1108 448 -sro-

387 587 486 664 quitur
509 581 668 660 descriptio
691 581 879 662 presbpaerii,
902 581 1034 660 capellae
1057 601 1079 639 s.
1104 581 1260 640 l'enceslai
1284 591 1313 638 et
1337 582 1429 638 altae
1459 581 1569 637 turris.
1589 599 1646 654 qs.»

385 691 493 748 genere
523 668 652 728 Gothico
682 679 831 727 exstructa
854 681 931 739 suut,
954 671 986 728 iu
1008 669 1068 726 fine
1090 669 1188 745 agitur
1210 666 1248 725 de
1270 669 1375 746 paucis
1411 667 1490 724 illis
1516 666 1644 743 ops-riis«.

385 777 461 836 quae
484 777 558 818 saec.
583 755 802 816 xrs-xlx.
826 754 930 814 addita
952 768 1020 814 sunt
1044 755 1214 832 (oratorium
1239 755 1363 831 regium.
1386 754 1519 812 chorus
1535 770 1643 810 canas·

387 843 442 904 bus
464 843 628 902 destinatas
651 856 680 900 et
703 841 778 900 duae
802 843 955 920 capellae).

490 945 540 1006 ld
570 947 794 1005 architecturam
827 949 975 1026 pertinent
1006 948 1097 1004 etiam
1126 945 1237 1003 multae
1267 966 1284 1002 e
1308 943 1478 1023 lapidibus
1515 946 1643 1022 sculpta.

387 1037 466 1094 intus
489 1035 620 1112 lorisque
649 1033 792 1092 ecclesiae
822 1034 983 1092 collocatae
1014 1034 1137 1110 figurae,
1168 1033 1247 1090 inter
1268 1051 1341 1110 quas
1366 1031 1641 1090 celeberrima

387 1133 425 1182 ct
448 1123 561 1201 quasi
585 1123 703 1178 unica
726 1123 756 1179 in
780 1135 863 1178 arte
891 1124 1021 1180 series
1051 1119 1125 1177 illa
1154 1119 1490 1177 architectorum
1518 1135 1557 1177 et
1580 1120 1641 1175 fre

388 1210 573 1276 datorum,
604 1227 679 1286 quae
703 1209 733 1266 in
756 1209 870 1286 porticu
892 1211 1041 1286 superiore
1065 1205 1241 1286 presbyterii
1265 1208 1466 1284 conspicitur.

489 1313 648 1370 Praeterea
680 1310 764 1370 nobis
787 1331 856 1390 prae
886 1311 979 1370 oculis
1009 1325 1157 1388 ponuntur
1189 1320 1304 1368 veteres
1337 1309 1638 1386 delineationem

388 1399 444 1458 hac
467 1397 591 1456 basilica
618 1399 722 1466 sactae,
752 1397 860 1456 deinde
892 1397 1046 1474 signacula
1075 1399 1279 1474 magistrorum
1311 1396 1475 1475 lapidibus
1502 1399 1640 1474 insculpta

388 1497 417 1544 et
440 1485 666 1544 architecturam
690 1505 922 1544 commemorans
946 1486 1106 1563 inscriptio.

496 1591 577 1649 lnler
600 1601 698 1648 cetera
721 1611 736 1648 e
761 1589 910 1668 lapidibus
940 1588 1086 1648 fabricata
1107 1607 1197 1666 opera
1218 1589 1396 1665 praeprimis
1430 1607 1641 1647 enumerantur

386 1677 639 1754 sepulcralia
674 1679 895 1756 principum
930 1696 1139 1754 regumque
1174 1674 1486 1734 Bohemicorum
1527 1695 1638 1732 manu

385 1773 523 1832 menta,
548 1785 606 1822 non
629 1765 721 1822 solum
752 1774 900 1822 vetustate
933 1762 1111 1832 veneranda,
1142 1760 1195 1819 sed
1225 1763 1315 1818 ctiam
1347 1764 1424 1819 artis
1460 1764 1637 1841 perfessione

385 1853 543 1928 conspicua
578 1863 607 1908 et
637 1853 720 1928 quasi
752 1849 900 1929 quoddam
938 1870 1089 1909 musaeum
1120 1850 1346 1922 constituentia3
1371 1869 1559 1927 ,sequuntur
1590 1849 1639 1905 alia

386 1937 522 1997 funebria
552 1949 742 1996 monumenta
769 1949 797 1995 et
820 1937 992 2016 epitaphia3
1016 1940 1047 1995 in
1077 1937 1136 1994 line
1166 1933 1373 1993 deseribuntur
1405 1957 1544 1995 mensae
1576 1957 1637 1994 noe

386 2025 531 2084 nullorum
568 2024 703 2082 altarium
741 2035 769 2082 et
800 2037 898 2082 statua
931 2045 952 2082 s.
983 2023 1140 2082 l'enoeslai
1174 2020 1302 2080 Gothico
1330 2043 1447 2099 genere
1484 2023 1639 2082 elaborata
1673 2060 1675 2103 ;

387 2113 468 2170 Inter
491 2121 664 2170 ornamenta
687 2132 703 2168 e
728 2111 808 2188 ligno
832 2111 946 2189 sculpta
968 2113 1057 2170 etiam
1074 2109 1217 2168 nonnulla
1230 2129 1319 2186 opera
1334 2111 1487 2169 eminent.

493 2216 576 2273 Inter
614 2217 756 2293 parietum
798 2217 927 2294 picturas
960 2217 1054 2294 primo
1088 2215 1152 2272 loco
1185 2212 1323 2292 ponenda
1360 2226 1407 2272 est
1443 2215 1635 2273 celeberrima
1673 2228 1675 2243 ⁸

385 2305 598 2378 imaginum
623 2304 751 2360 series
774 2304 814 2360 in
838 2302 996 2380 capella
1019 2323 1041 2360 s.
1058 2300 1459 2378 l'cnceslaipassionem
1479 2302 1635 2362 salvatori-

384 2389 536 2448 illustrans
575 2409 747 2467 opusque
790 2392 982 2446 musivum
1010 2391 1080 2447 olim
1115 2390 1147 2446 in
1182 2397 1307 2445 externa
1346 2388 1424 2446 facie
1469 2389 1634 2468 pmedirtae

388 2477 520 2554 capellae
544 2478 684 2537 «existens.
714 2475 936 2533 Pulcherrimae
959 2488 1027 2534 sunt
1049 2479 1149 2534 icones
1171 2471 1316 2553 quaedam
1339 2477 1371 2533 in
1394 2476 1486 2551 ligno
1515 2477 1564 2534 rel
1587 2475 1636 2532 tela

387 2561 530 2641 depictae,
555 2565 631 2620 inter
646 2583 719 2640 quas
735 2564 892 2640 praecipue
911 2561 1059 2620 habentur
1080 2561 1224 2640 quaedam
1242 2559 1387 2620 l'craieon
1412 2583 1486 2621 eum
1512 2565 1635 2642 primnis

384 2653 468 2728 regni
492 2649 645 2708 Bohemici
667 2663 695 2708 et
719 2651 816 2726 imago
834 2671 855 2710 s.
874 2649 971 2707 Lucae
988 2650 1044 2710 Er.
1061 2669 1079 2707 a
1094 2651 1247 2708 notissimo
1270 2650 1381 2724 pictore
1406 2649 1542 2709 hlabuse
1558 2653 1634 2708 sacra

495 2753 611 2812 lleinde
634 2753 839 2811 describuntur
862 2774 951 2833 opera
973 2776 1010 2813 ex
1034 2766 1156 2832 argento
1179 2765 1207 2812 et
1223 2775 1291 2814 aere
1313 2754 1473 2826 confecta3
1500 2758 1629 2832 antipen-

385 2841 443 2912 dia,
473 2851 595 2912 statuae,
629 2861 737 2911 cruces,
767 2841 883 2909 calices,
918 2841 1081 2919 sepulerum
1113 2841 1280 2900 aloannia
1311 2841 1385 2918 Nep.
1410 2861 1482 2898 cum
1508 2841 1633 2920 plurihm

386 2930 491 2986 statuis
522 2937 614 2985 lotum
646 2948 684 2986 ex
707 2939 829 3004 argento
863 2928 1030 2998 conflatum,
1060 2927 1193 2986 cancelli.
1224 2927 1393 2987 Nonnullae
1421 2948 1479 2986 acu
1505 2929 1632 3007 depietae

384 3014 461 3072 telae
485 3017 637 3092 expositae
661 3017 757 3092 operis
781 3017 881 3081 nostri,
899 3017 939 3072 nti
956 3023 1045 3092 patet,
1061 3017 1211 3092 sapienter
1232 3015 1377 3094 dispositi,
1402 3015 1498 3073 linem
1516 3017 1631 3074 faciunt.

492 3119 634 3194 Magnum
675 3121 800 3196 pretium
835 3120 1028 3177 scientificum
1061 3119 1147 3179 huius
1181 3120 1339 3178 voluminis
1378 3118 1527 3178 fundatur
1555 3141 1630 3198 prae

383 3207 486 3285 primis
510 3208 542 3263 in
565 3205 739 3264 exrrheranti
764 3226 885 3263 numero
909 3207 1097 3285 elegantique
1119 3207 1300 3285 perfectione
1321 3206 1422 3264 verbis
1445 3208 1630 3286 interposita·

383 3313 446 3350 rum
478 3294 649 3369 imaginum,
682 3313 756 3370 quae
790 3313 847 3350 non
879 3313 931 3370 per
960 3296 1144 3352 occasionem
1175 3293 1279 3365 factae,
1310 3293 1362 3351 scd
1392 3296 1630 3372 percomplens

384 3400 477 3438 annes
496 3378 534 3438 ad
550 3378 582 3436 id
598 3390 788 3457 praeparatae
809 3390 884 3438 sunt.
901 3380 984 3450 l'ars,
997 3400 1072 3458 quae
1084 3379 1123 3438 ad
1137 3380 1361 3438 architecturam
1377 3392 1503 3458 spectat
1520 3382 1630 3439 ulrerior

383 3475 428 3524 est
451 3485 538 3544 quam
564 3466 623 3537 illa,
647 3465 764 3544 quade
789 3468 909 3543 picturis
942 3469 1104 3546 statuisque
1127 3470 1232 3545 agitur.
1265 3466 1444 3536 Dolcndum‚
1469 3468 1553 3546 quod
1577 3487 1627 3526 non

383 3574 485 3612 omnes
508 3555 717 3630 inscriptiones
749 3553 934 3630 (praesertim
958 3554 1006 3630 fig.
1034 3557 1093 3612 105
1116 3563 1146 3612 et
1169 3552 1245 3632 355)
1267 3556 1462 3633 transcriptae
1486 3568 1558 3614 sunt
1579 3575 1627 3612 ner

383 3641 467 3699 valor
499 3643 632 3698 internus
655 3640 818 3717 aliquorum
852 3652 1107 3699 monumentorum
1137 3644 1301 3700 accuratius
1330 3642 1520 3720 explanatus.
1543 3645 1625 3720 Spera

384 3727 454 3800 fore,
485 3738 516 3785 ut
540 3729 571 3784 in
595 3729 729 3804 sequenti
763 3725 894 3784 editione
924 3730 1009 3805 copia
1032 3727 1117 3786 detur
1147 3728 1338 3806 scriptoribus
1364 3750 1426 3786 rem
1448 3729 1568 3806 plenius
1588 3746 1624 3785 ar·

383 3835 439 3892 que
463 3817 608 3892 copiosius
632 3811 842 3892 perscribendi.

489 3919 524 3975 ln
548 3919 629 3976 calce
657 3919 816 3977 voluminis
845 3928 909 3996 post
937 3919 1073 3996 opificum
1104 3917 1232 3978 indicem
1266 3933 1488 3997 conspectus
1520 3923 1620 3977 etiam

384 4005 684 4081 iconographicns
717 4003 871 4063 addendus
898 4019 961 4063 erat
987 4015 1018 4064 et
1044 4017 1210 4065 sanctorum
1239 4019 1269 4064 et
1297 4007 1501 4064 historicarum
1535 4027 1621 4085 perso

382 4109 485 4148 narum
504 4089 541 4170 (c.
557 4111 600 4167 gr.
619 4092 717 4149 Caroli
734 4093 796 4159 lt',
820 4094 902 4150 cuius
918 4095 1015 4170 image
1029 4096 1146 4171 saepius
1158 4092 1295 4169 occurrit)
1307 4094 1452 4169 imagines
1467 4097 1620 4170 continens¹

485 4191 630 4244 Nonnulla
656 4193 693 4246 ad
723 4194 795 4246 haec
822 4195 951 4247 breviter
978 4197 1122 4248 nummus.
1148 4195 1176 4246 Ρ.
1204 4194 1337 4246 ‘23910co
1362 4195 1483 4259 „Portus
1511 4195 1619 4246 ,llenns'v

381 4261 538 4328 legendum
558 4265 604 4314 est
622 4263 741 4328 „Portus
760 4263 887 4316 Naonis“
906 4266 952 4331 l·
970 4265 1138 4318 Pordenone
1157 4264 1186 4316 in
1204 4263 1392 4316 Foroiuliensi
1412 4263 1580 4326 comitatui:
1596 4264 1618 4315 ln

381 4329 485 4382 eadem
505 4331 613 4400 pagina
632 4332 782 4399 inscriptio
802 4333 1002 4398 „Salinarum“
1022 4334 1195 4400 explicanda
1213 4337 1276 4386 erat
1293 4333 1331 4398 (τ
1348 4333 1619 4402 Salakamrnergutt:

382 4399 430 4467 lig.
450 4398 501 4451 357
521 4399 618 4469 imago
637 4417 660 4454 s.
680 4403 796 4455 loannis
814 4403 906 4456 clavis
919 4403 1008 4456 allisa
1020 4403 1115 4470 quoad
1129 4404 1236 4468 stylum
1255 4403 1395 4470 posterior
1413 4403 1532 4456 videtin
1544 4417 1617 4469 «quan

378 4469 576 4536 pulcherrima
594 4475 775 4538 ornamenta,
794 4471 842 4541 lig.
861 4471 921 4525 382.
941 4473 1025 4526 deest
1043 4476 1230 4526 stemmatum
1248 4473 1422 4540 explanatio.

486 4568 646 4646 Marburgi.
1188 4573 1239 4629 Dr.
1264 4569 1357 4651 Asty.
1380 4567 1580 4650 Sleyendt’l‘.

1673 2592 1675 2637 l
