3450 5342
666 413 860 469 -159-

236 601 303 658 Hac
328 613 425 658 autern
449 599 646 659 hodierna
669 600 806 660 vocabuli
828 601 960 660 haeresis
976 601 1193 680 significatione
1217 603 1378 679 supposita,

129 685 256 745 evidens
278 697 330 757 est,
363 688 526 746 llouorium
550 688 663 746 nullo
685 687 793 746 modo
816 688 1063 746 haereticum
1086 687 1219 760 fuisse,
1252 708 1312 746 uon
1335 707 1380 746 ao-

130 774 192 832 lnm
216 795 277 832 non
299 773 461 844 formalem,
483 795 586 833 verum
610 795 653 832 ne
676 776 925 834 materialem
948 775 1076 854 quidem.
1098 775 1138 834 Ut
1153 776 1233 833 euim
1257 776 1379 852 possi-

129 860 229 919 bilis
263 864 302 920 sit
324 861 463 931 haeresis,
497 863 588 919 etiam
609 881 709 920 mere
739 862 967 930 materialis
990 883 1041 920 seu
1063 859 1218 932 obiectiva,
1242 881 1377 920 necessa·

130 949 208 1006 rium
230 961 275 1006 est
298 958 330 1005 ut
351 950 471 1019 veritas,
504 947 541 1006 de
564 969 623 1026 qua
645 950 750 1025 agitur,
777 951 898 1007 sitiam
922 948 967 1008 ab
1001 949 1179 1008 ecclesia
1200 950 1308 1006 clare
1332 947 1378 1006 ad

132 1033 370 1093 credendum
395 1034 578 1093 omuibus
600 1038 813 1114 proposita.
833 1038 928 1114 Atqui
944 1045 1059 1094 tantum
1082 1035 1173 1106 abest,
1211 1045 1243 1094 ut
1266 1038 1377 1094 veritas

130 1121 168 1178 de
192 1120 305 1180 duabus
328 1125 359 1180 iu
383 1122 502 1180 Christo
535 1120 738 1180 voluntatibus
771 1133 832 1180 tum
856 1125 996 1202 temporis
1019 1125 1078 1180 iam
1102 1123 1189 1180 fuerit
1212 1123 1290 1181 clere
1313 1143 1378 1200 pro-

131 1211 236 1286 posita,
260 1220 291 1266 ut
313 1210 376 1287 ipse
399 1208 559 1277 Honorius,
588 1219 621 1266 ut
643 1207 772 1268 vidimus
795 1219 920 1286 neget,
955 1211 1157 1288 quaestionem
1185 1207 1222 1266 de
1245 1229 1305 1267 una
1327 1209 1376 1268 vel

131 1294 245 1354 duabus
278 1295 481 1354 voluntatibus
522 1315 609 1354 esse
644 1316 808 1375 unquam
842 1295 1065 1354 studiosius
1099 1297 1377 1368 examinatam,

131 1383 252 1441 multo
275 1385 404 1441 minus
427 1382 469 1440 ab
503 1383 682 1442 ecclesia
704 1382 929 1443 definitam.
962 1383 1029 1456 ,sd
1052 1383 1198 1441 haeresim
1222 1386 1378 1441 materi-

131 1470 229 1528 alem
253 1471 418 1547 requiritur,
442 1472 484 1527 sic
507 1466 716 1547 Gonmlezttj,
743 1471 821 1548 quod
844 1472 910 1548 quis
934 1480 1023 1547 neget
1045 1472 1208 1540 veritatem,
1232 1489 1307 1548 (quae
1332 1473 1375 1528 in-

130 1575 271 1615 concusse
294 1566 340 1614 est
361 1555 398 1614 de
421 1556 479 1614 fide
502 1556 581 1635 apud
603 1577 705 1616 omnes
728 1556 861 1615 doctores
885 1557 1054 1628 catholicos,
1089 1559 1161 1635 quin
1184 1557 1309 1616 ecclesia
1332 1569 1375 1615 to·

130 1643 204 1702 leret
226 1645 400 1722 oppositum.
423 1641 551 1719 Quando
566 1655 664 1702 autem
676 1643 826 1702 Honorius
849 1645 974 1722 scripsit,
998 1664 1056 1702 non
1079 1653 1142 1702 erat
1165 1646 1206 1702 ita
1221 1643 1376 1722 explorata

131 1730 184 1788 illa
206 1733 316 1788 veritas
339 1729 376 1789 de
400 1729 510 1808 duplici
523 1729 636 1788 Christi
652 1730 812 1789 voluntate.
835 1751 911 1809 quae
935 1740 1036 1810 postea
1059 1729 1183 1789 definita
1205 1741 1250 1788 est
1272 1739 1375 1790 contra

129 1817 347 1876 Monotheletas
370 1819 401 1876 in
423 1827 509 1876 sexta
530 1816 644 1896 synodo
666 1817 825 1894 generali.“
852 1819 948 1895 Igitur
970 1820 1059 1876 etiam
1083 1819 1258 1890 narrasset,
1281 1837 1374 1876 erras·
1434 1858 1448 1884 ·,

131 1917 174 1962 set
196 1915 312 1962 tantum
335 1907 366 1962 in
388 1924 432 1974 eo,
459 1903 555 1982 ,quod
578 1924 637 1962 non
658 1913 722 1961 erat
752 1903 848 1963 adhuc
863 1925 1003 1982 expresse
1020 1903 1182 1975 definitum,
1206 1924 1261 1962 nec
1276 1903 1373 1963 adhuc

132 1993 203 2048 satis
226 1991 388 2059 constabat,
411 2011 450 2049 an
473 2002 550 2050 esset
573 1990 610 2049 de
633 1990 717 2049 fidc.“

216 2079 322 2156 Neque
345 2081 442 2156 excipi
465 2088 569 2157 potest,
592 2077 647 2137 sub
669 2087 812 2156 respectu,
835 2076 949 2155 dequo
973 2079 1076 2154 agitur,
1100 2077 1265 2136 Romanum
1282 2078 1378 2154 ponti-

133 2165 216 2222 ticem
240 2186 313 2224 non
337 2185 424 2224 esse
447 2164 623 2224 eiusdem
646 2164 901 2224 conditionis
926 2183 967 2222 ac
990 2164 1194 2242 simplices
1217 2163 1377 2238 fideles,

132 2263 163 2310 ut
185 2273 202 2309 a
225 2273 282 2330 qno
305 2251 439 2310 definitio
469 2251 699 2330 dependeat.
734 2251 893 2330 Dependet
916 2253 1016 2328 utique
1040 2249 1077 2309 ab
1101 2253 1173 2329 ipso,
1196 2263 1226 2310 et
1249 2251 1323 2322 ideo,
1345 2259 1378 2310 ut

132 2337 281 2397 (leoninae
316 2341 413 2415 gratia
442 2359 542 2397 casum
576 2341 607 2398 in
630 2341 772 2398 extremis
805 2341 866 2398 suis
894 2340 1114 2416 consequentiis
1148 2337 1376 2412 consideremus,

131 2424 271 2502 quamdiu
305 2424 423 2504 quidem
458 2446 505 2484 res
535 2425 666 2484 nondum
687 2439 733 2486 est
754 2426 886 2496 delinita,
925 2425 962 2484 ab
986 2428 1051 2503 ipso
1073 2423 1190 2502 pendet,
1228 2435 1324 2484 utrum
1347 2428 1372 2484 si

131 2514 286 2571 veritatem
309 2513 399 2571 talem
423 2523 519 2589 negat,
553 2515 592 2571 sit
614 2513 780 2572 haereticus
810 2533 912 2572 necne.
959 2512 1007 2570 Ab
1031 2515 1094 2570 eius
1117 2515 1197 2570 enim
1222 2513 1372 2571 voluntate

130 2598 247 2678 pendet,
282 2611 406 2658 utrum
429 2599 608 2658 definire
637 2601 741 2658 velit
763 2621 910 2674 necne3
943 2619 1033 2678 quare
1057 2601 1082 2658 si
1106 2619 1165 2656 non
1188 2597 1300 2670 definit,
1324 2600 1372 2658 vel

129 2689 245 2746 etiamsi
267 2686 379 2758 definit,
402 2689 435 2746 in
449 2695 581 2767 tempore
603 2697 703 2746 tamen
718 2686 922 2746 definitionem
939 2689 1033 2764 ipsam
1056 2684 1259 2764 praecedente,
1282 2687 1372 2744 etiam

130 2776 192 2852 ipse
214 2775 365 2833 Romanus
387 2774 531 2853 pontifex,
554 2777 579 2833 si
602 2776 758 2832 veritatem
781 2774 863 2831 illam
888 2783 984 2850 negat,
1008 2793 1067 2832 non
1091 2774 1247 2830 committit
1269 2772 1372 2832 haere-

130 2863 196 2935 sim3
220 2859 393 2920 definitione
415 2882 486 2920 vero
508 2861 602 2920 semel
621 2861 744 2940 prolata,
770 2881 865 2939 usque
889 2863 951 2938 ipse
976 2861 1125 2918 Romanus
1155 2858 1290 2936 pontifex
1313 2858 1372 2917 ullo

128 2947 214 3006 modo
237 2948 382 3027 impedire
405 2957 509 3026 potest,
532 2951 696 3027 quominus,
719 2949 744 3006 si
767 2949 924 3006 veritatem
948 2967 966 3004 a
988 2949 1084 3023 seipso
1108 2945 1260 3004 delinitam
1284 2955 1372 3022 neget

131 3035 296 3094 haereticus
329 3057 364 3094 eo
388 3038 451 3114 ipso
475 3035 584 3094 evadat
617 3055 677 3093 non
699 3054 782 3092 secus
815 3044 904 3112 atque
935 3035 1033 3112 quivis
1066 3031 1207 3091 fidelium.
1252 3033 1376 3112 Atqui

133 3121 282 3181 Honorius
305 3125 509 3200 quaestionem
542 3142 669 3200 neque
692 3119 910 3180 definitam
942 3123 1015 3178 iam
1039 3121 1215 3189 invenit,
1250 3139 1376 3198 neque

133 3211 217 3287 ipse
251 3229 329 3268 earn
363 3209 578 3268 definivit.
612 3229 681 3286 ergo
704 3207 887 3286 impossibile
911 3207 974 3273 fuit,
1008 3216 1048 3279 ut,
1072 3208 1226 3266 veritatem
1251 3204 1374 3264 duarum

131 3297 315 3355 voluntatum
350 3299 381 3355 in
412 3297 532 3355 Christo
555 3294 701 3374 negando,
729 3296 884 3366 haeresim,
919 3297 1008 3352 etiam
1043 3291 1226 3352 materialem
1260 3302 1374 3351 tantum

132 3386 334 3442 committeret.

132 3568 156 3634 Ι
160 3568 194 3634 V.
219 3569 418 3635 Honorius
441 3588 602 3635 errorem
625 3568 954 3635 Monothclcticom
978 3565 1214 3632 nullomodo
1238 3565 1375 3632 docuit.

235 3715 284 3771 ⁶20.
310 3712 370 3772 sed
393 3735 461 3771 num
485 3714 589 3771 saltem
612 3715 768 3770 veritatem
799 3711 959 3770 duarum
991 3713 1029 3768 in
1053 3709 1218 3768 Christo
1241 3709 1376 3767 volun·

131 3808 250 3857 tatum
286 3802 342 3858 etsi
374 3811 443 3859 tunc
473 3802 613 3878 temporis
640 3798 771 3856 nondum
804 3798 956 3856 definitam
981 3818 1084 3856 revera
1107 3792 1251 3872 negavit?
1295 3797 1374 3854 Num

131 3886 243 3956 saltem,
266 3887 511 3966 quodSuarezius
535 3885 671 3945 concedit
693 3887 724 3944 in
747 3887 881 3943 liomano
905 3885 1049 3942 Pontifice
1073 3885 1189 3942 facilius
1213 3903 1299 3960 posse
1323 3881 1374 3940 ad-

132 3969 270 4051 mittiM),
305 3977 370 4032 sine
392 3975 455 4034 nlla
476 3975 669 4043 contumacia,
703 3993 747 4029 ex
783 3992 888 4030 mera
921 3974 1156 4047 ignorantia
1189 3972 1269 4028 circa
1302 3967 1375 4027 diras

131 4061 161 4116 in
185 4059 304 4118 Christo
327 4063 495 4120 voluntates
517 4058 652 4118 erravit?
675 4059 724 4116 En
747 4059 841 4116 altera
864 4061 998 4137 quaestio
1021 4058 1206 4116 subsidiaria.

234 4151 284 4205 21.
315 4149 577 4206 Affirmative
599 4144 779 4224 respondent
801 4149 957 4224 scriptores
981 4143 1135 4203 orthodoxi
1159 4145 1291 4222 superius
1315 4143 1376 4201 lau-

131 4231 200 4290 dati.
217 4235 247 4292 ll
257 4257 272 4292 e
282 4235 368 4305 lale,
384 4235 521 4315 adquam
537 4233 734 4310 Glagolev
750 4253 781 4290 se
797 4253 956 4310 provocare
968 4253 1052 4310 posse
1065 4241 1155 4309 putat,
1170 4251 1189 4289 u
1199 4252 1243 4289 no
1260 4231 1322 4288 loco
1332 4225 1375 4308 ³⁴)

130 4323 280 4380 existimat
321 4323 550 4402 explicationem
591 4319 781 4399 epistolarum
815 4321 941 4378 Honorii
977 4340 995 4376 a
1026 4320 1137 4380 Ioanne
1177 4319 1227 4388 ll',
1262 4319 1374 4378 Ioanne

132 4407 295 4486 l'hilopono
318 4421 346 4467 et
364 4411 495 4468 llaximo
517 4409 625 4479 datam,
649 4427 725 4485 qnae
741 4407 908 4465 Honorium
931 4405 967 4464 ab
991 4409 1071 4464 omni
1094 4425 1190 4464 errore
1213 4405 1374 4463 theoretico

176 4577 202 4611 dxl

177 4580 213 4748 pl
232 4579 374 4714 hiphil
397 4649 433 4700 (ιο
453 4648 519 4732 aas,
538 4648 776 4715 ascensuum.
795 4646 836 4698 11.

189 4716 212 4782 ¹)
232 4718 593 4773 Konzrnen-Geschrchtet
610 4719 656 4771 ill
675 4734 701 4784 p.
723 4717 780 4769 171.
