3450 5342
907 421 945 430 —
976 389 1099 445 1711-

377 599 473 647 mana,
497 591 526 636 at
549 579 678 656 loquitur
701 581 790 636 etiam
813 577 851 636 tle
874 575 986 648 divina,
1015 598 1081 638 cum
1104 578 1261 636 humanam
1291 579 1438 649 ‚omnino
1472 577 1621 634 subiecta

375 666 520 724 voluntati
555 665 694 723 divinae‘
732 665 813 722 dicit.
848 665 914 724 Huc
949 674 1069 742 spectat.
1103 683 1169 724 cum
1203 664 1411 734 Ballerini,
1455 664 1622 722 1000011110

376 773 510 831 pergens,
534 755 583 821 ait,
607 771 715 829 negare
738 751 905 810 Honorium
928 751 1109 811 voluntatem
1133 752 1292 810 humanam
1316 750 1448 809 divinae
1466 771 1623 830 repugnan-

375 852 445 908 tem,
468 859 525 917 quo
549 837 613 917 i'pso
647 838 783 897 concedit
816 859 882 897 eum
915 839 1062 896 affirmare
1085 838 1268 898 voluntatem
1303 838 1476 896 humanam
1514 837 1622 895 1111100

376 929 496 986 omnino
519 927 690 984 subiectam.
713 926 857 984 Similiter
880 925 985 984 Palma
1008 925 1178 984 immediate
1200 935 1270 984 ante
1285 923 1380 983 verba
1404 945 1447 982 ex
1474 928 1542 1002 ipso
1565 925 1623 982 alle·

376 1024 447 1090 gata
469 1013 542 1071 baec
577 1012 682 1072 babet:
710 1034 787 1084 ,una
808 1011 952 1089 (bumana
975 1033 1013 1072 sc.
1038 1009 1195 1092 voluntas),
1229 1031 1304 1091 quae
1328 1025 1546 1072 consentanea
1567 1033 1624 1068 101.»

377 1119 499 1178 corsqne
533 1099 655 1158 divinae
688 1103 753 1158 sit·
793 1101 859 1158 Huc
882 1099 977 1158 altera
1009 1100 1176 1178 explicatio,
1199 1119 1288 1178 quam
1312 1099 1624 1158 Schneemaur

349 1190 465 1265 *priori
489 1186 661 1245 immediate
684 1186 808 1245 subicit:
835 1196 903 1257 ,aut
926 1207 995 1245 vero
1018 1182 1098 1264 loqui
1121 1186 1215 1244 voluit
1237 1185 1275 1246 de
1304 1189 1424 1244 unitate
1452 1187 1572 1244 morali.
1592 1187 1622 1242 dr

376 1275 581 1332 conformitate
615 1274 776 1332 voluntatis
811 1273 957 1332 humanae
991 1294 1056 1332 curn
1091 1273 1243 1332 voluntate
1277 1273 1404 1330 divina²
1447 1295 1512 1352 qno
1547 1293 1622 1330 senso

377 1364 456 1439 ipeos
479 1363 568 1418 etiam
591 1360 770 1418 orthodoxos
794 1359 954 1438 aliquando
977 1360 1013 1418 de
1037 1381 1096 1419 una
1119 1363 1149 1418 iu
1173 1360 1291 1418 Christo
1315 1361 1480 1418 voluntate
1499 1361 1580 1438 loqui
1595 1381 1625 1414 vr

378 1447 503 1514 llavide,
525 1448 745 1525 archiepiscopo
770 1448 917 1504 1110100110
939 1447 1036 1506 refert.
1058 1445 1194 1506 'l'audem
1219 1447 1271 1504 De
1295 1450 1381 1507 San.
1407 1447 1563 1505 solvendo
1584 1447 1625 1502 eb

376 1538 518 1592 iectiones
541 1534 596 1594 sibi
621 1535 722 1595 lactas.
756 1535 829 1592 baec
852 1533 948 1592 addit:
980 1535 1079 1604 ,Esto
1102 1579 1108 1592 .
1133 1581 1139 1594 .
1163 1581 1169 1592 .
1194 1555 1248 1592 nec
1270 1533 1416 1611 possibile
1444 1537 1497 1594 sit.
1514 1539 1626 1592 attentis

377 1641 464 1699 scopo
500 1621 624 1680 Honorii
647 1635 677 1678 et
699 1631 839 1679 contextu
873 1631 991 1688 remoto,
1026 1622 1217 1699 propositioni
1249 1621 1290 1679 illi
1316 1667 1322 1678 .
1347 1667 1353 1678 .
1379 1667 1386 1678 .
1413 1622 1514 1680 alium
1550 1621 1626 1678 subl}

376 1729 502 1774 sensum,
524 1729 613 1786 quam
635 1729 715 1766 enm:
740 1707 821 1766 l'na
842 1719 888 1764 est
904 1707 1040 1766 voluntas
1065 1707 1185 1766 Domini
1202 1709 1300 1766 Nostri
1317 1711 1450 1785 spectati
1471 1707 1626 1767 secundnm

377 1794 511 1853 ambas
533 1815 601 1853 suas
617 1808 753 1853 naturas:
778 1795 971 1852 nibilominus
995 1807 1102 1866 tamen,
1126 1798 1195 1874 quia
1219 1815 1277 1854 non
1301 1797 1402 1852 minus
1426 1817 1470 1852 ex
1497 1813 1629 1854 00010111

378 1884 511 1960 proximo
533 1902 621 1958 quarn
645 1903 682 1940 rx
706 1892 847 1940 contextu
871 1892 981 1940 remoto
1003 1892 1116 1960 oportet
1144 1881 1333 1940 determinari
1358 1903 1490 1940 sensum
1516 1883 1629 1940 alienia

378 1971 594 2048 propositionis,
617 1968 775 2026 dicendum
800 1971 882 2035 foret,
907 1969 1070 2027 Honorium
1109 1989 1181 2027 non
1218 1989 1283 2028 esse
1307 1968 1441 2026 locutum
1471 1969 1512 2026 tle
1539 1970 1630 2026 volnu-

378 2066 447 2125 tate‚
482 2076 557 2133 quae
581 2057 619 2112 sit
642 2075 701 2113 una
723 2057 836 2113 unitate
866 2057 1026 2125 numeri,
1050 2054 1101 2114 sed
1125 2055 1278 2114 dumtaxat
1302 2054 1338 2112 de
1363 2056 1541 2114 voluntate.
1567 2077 1630 2134 qua

378 2146 416 2200 sit
439 2163 498 2200 una
521 2144 634 2200 unitate
665 2140 915 2200 concordiae.
961 2141 1020 2218 Qui
1051 2163 1121 2200 sane
1155 2163 1258 2200 sensus
1291 2135 1351 2200 non
1381 2154 1430 2200 est
1457 2144 1580 2202 alienus
1602 2143 1629 2198 ab

377 2233 456 2288 omni
489 2249 541 2287 usu
575 2228 723 2306 loquendi.
760 2230 837 2287 Nam
869 2229 938 2286 licet
974 2230 1098 2306 plurium
1124 2229 1275 2288 hominurn
1299 2231 1357 2286 sint
1381 2229 1492 2306 plures
1519 2253 1629 2288 numero

376 2317 553 2386 voluntates,
576 2315 675 2374 dicere
697 2327 795 2374 tamen
812 2316 947 2386 solemus,
971 2315 1089 2394 quando
1111 2337 1209 2374 eornm
1233 2316 1403 2374 voluntates
1439 2317 1621 2376 concorden·

376 2425 476 2462 eorum
498 2425 562 2460 esse
586 2423 673 2460 unam
697 2403 887 2461 voluntatem.
912 2403 1024 2462 Contra
1039 2403 1149 2461 deuno
1178 2403 1305 2474 homine,
1329 2405 1378 2480 qui
1406 2405 1549 2462 incertus
1574 2405 1629 2462 110·-

375 2502 436 2548 tuat
460 2493 537 2548 inter
559 2493 701 2567 opposita,
724 2488 783 2547 dici
806 2490 888 2558 solet,
912 2509 977 2548 eum
1001 2489 1110 2548 habere
1132 2489 1205 2548 duas
1228 2490 1415 2548 voluntates·¹
1437 2486 1498 2561 ⁵²).

482 2579 531 2634 33.
557 2577 665 2634 Veram
688 2597 815 2646 causam,
845 2597 896 2634 cur
919 2577 951 2634 hi
974 2591 1105 2634 auctores
1128 2577 1227 2654 aliquo
1256 2575 1342 2634 modo
1365 2578 1449 2634 inter
1476 2579 1536 2637 has
1568 2579 1629 2634 dua<

375 2663 601 2722 disiunctionem
630 2664 773 2722 l'oluntas
796 2664 919 2742 physice
943 2684 1001 2722 una
1017 2684 1055 2722 an
1078 2663 1227 2722 moraliter
1250 2683 1316 2735 una,
1339 2663 1488 2722 voluntas
1516 2687 1575 2724 uua
1593 2665 1628 2719 di-

376 2753 512 2808 vinitatis
535 2771 574 2808 an
597 2751 790 2808 humanitatis
814 2770 852 2807 an
876 2752 1035 2828 utriusque,
1060 2752 1203 2829 ancipites
1227 2751 1376 2816 haereant,
1403 2753 1581 2830 assignavit
1604 2755 1626 2807 in

376 2857 462 2895 aureo
486 2859 537 2895 sno
560 2837 698 2915 opusculo
732 2836 988 2914 lleinerding,
1027 2857 1092 2896 curn
1123 2847 1229 2906 monet,
1264 2847 1396 2895 auctores
1422 2838 1627 2917 0110000110-

374 2926 476 3001 primis
499 2925 655 3000 llollinger
681 2936 709 2982 et
735 2924 849 2993 Helela,
874 2945 1102 3002 supponere,
1136 2945 1201 2982 cum
1225 2925 1389 3000 Sergius
1417 2925 1623 2984 Monothelrts

375 3009 412 3067 de
435 3010 586 3068 voluntate
610 3012 733 3089 physice
756 3032 815 3070 uua
838 3011 950 3069 locutus
973 3013 1018 3076 sit,
1048 3011 1273 3080 Hortarium,
1296 3021 1396 3088 utpote
1423 3013 1484 3088 ipsi
1514 3035 1626 3091 respon·

374 3096 502 3167 dentem,
526 3101 692 3156 necessario
726 3101 843 3156 etiam
875 3097 912 3154 de
935 3098 1086 3156 voluntate
1109 3098 1232 3177 physice
1255 3118 1313 3155 una
1336 3097 1418 3174 loqui
1443 3097 1624 3158 desereres

376 3182 435 3243 sed
459 3183 533 3242 heu!
568 3198 659 3263 quot.
689 3199 725 3242 et
748 3193 893 3262 quanta
920 3185 1048 3262 logice
1072 3195 1107 3242 et
1132 3186 1341 3244 moraliter
1364 3183 1567 3245 debemus
1590 3219 1625 3227 -

374 3286 411 3329 et
435 3293 507 3329 uon
530 3273 709 3330 facimus!
736 3271 1003 3329 llemonstraudum
1029 3283 1106 3330 esset
1122 3293 1160 3329 ex
1177 3285 1274 3331 mente
1293 3272 1428 3339 Honorii,
1453 3274 1625 3350 sophistici.-

374 3361 470 3436 n'ergii
493 3359 730 3435 suggestionibus
753 3374 782 3417 et
808 3359 881 3417 forte
905 3357 1000 3416 adbuc
1024 3361 1119 3434 magis
1144 3361 1268 3417 versutis
1285 3359 1543 3437 explicationibus
1561 3365 1624 3418 eius.

374 3449 424 3524 qui
449 3447 544 3522 Sergii
568 3447 723 3523 epistolam
746 3449 772 3502 ci
797 3445 981 3528 apportabat,
1005 3445 1129 3522 decepti,
1154 3467 1213 3504 nou
1236 3448 1331 3523 potius
1366 3447 1563 3505 moralem
1599 3449 1623 3502 in

374 3534 493 3592 Christo
515 3533 701 3592 voluntat-um
723 3536 867 3591 unitatem
891 3535 922 3590 in
945 3534 1074 3610 periculo
1099 3543 1245 3590 versatam
1268 3551 1339 3593 esse.
1366 3531 1432 3589 Hoc
1456 3547 1563 3592 autern
1587 3557 1623 3590 n·-

375 3641 445 3679 vera
467 3632 596 3678 mentem
619 3623 682 3678 eius
706 3639 942 3697 praeoccupasse,
965 3620 1081 3678 litterae
1101 3621 1164 3676 eius
1180 3629 1259 3676 totae
1281 3631 1408 3698 quantae
1433 3619 1577 3696 produnt.
1599 3639 1622 3672 ‹··

373 3711 546 3766 secretarius
570 3710 633 3766 eius
656 3708 783 3767 loannes
806 3706 998 3783 l'lrilopunus
1013 3705 1121 3764 diserte
1146 3715 1276 3764 testatur.

478 3797 525 3858 At,
549 3794 660 3852 dixeris
683 3814 749 3850 curn
772 3793 912 3870 pluribus,
936 3813 1033 3851 nonne
1068 3791 1276 3852 absurdum
1302 3793 1411 3855 luisset,
1437 3795 1467 3850 iu
1497 3795 1614 3852 Christo

325 3954 329 3963 .
374 3902 501 3958 pugnam
527 3884 604 3938 inter
628 3882 793 3938 voluntates
817 3880 914 3957 plures
938 3901 1108 3958 supponere,
1132 3891 1161 3938 et
1185 3879 1329 3957 quomodo
1353 3889 1422 3936 tune
1445 3883 1546 3956 potitit
1567 3881 1619 3936 llo·

373 3970 471 4024 norius
492 3977 602 4043 putare,
626 3970 668 4023 sic
685 3987 860 4044 quemquam
886 3969 1001 4031 sentire,
1025 3987 1089 4024 cum
1114 3975 1175 4025 tota
1200 3967 1464 4025 blonotheletarnnr
1491 3967 1619 4024 baensi-

373 4055 469 4131 potius
492 4056 523 4110 in
547 4054 723 4112 affirmanda
738 4075 796 4113 una
821 4055 982 4132 physica
1005 4075 1097 4131 eaque
1120 4052 1260 4111 divina
1282 4049 1432 4111 sioluntate
1449 4055 1480 4109 in
1501 4053 1617 4112 Christo

371 4143 556 4198 consisteret!
596 4141 777 4218 llespondeo,
801 4141 891 4199 fuisse
914 4141 1056 4205 homines,
1080 4143 1128 4218 qui
1153 4161 1240 4198 unam
1265 4140 1417 4218 physicam
1443 4143 1473 4196 in
1501 4141 1616 4198 Christo

372 4228 554 4284 voluntatem
585 4227 786 4291 ‹lebrnrlerent
820 4231 929 4306 quique
960 4249 990 4284 se
1013 4227 1067 4285 sub
1091 4227 1356 4285 Monotlreletarum
1386 4228 1506 4284 nomine
1531 4243 1616 4304 pertr-

372 4317 484 4372 naciter
512 4314 549 4371 ab
573 4316 698 4372 ecclesia
720 4327 918 4388 segregarent,
952 4315 1005 4372 1101·
1030 4335 1082 4372 nes
1107 4312 1194 4372 hodie
1217 4315 1325 4391 optime
1349 4314 1457 4370 scimus
1491 4327 1521 4371 et
1547 4317 1615 4370 1010·

371 4403 430 4459 iam
452 4422 554 4459 versus
571 4403 659 4458 linem
673 4402 798 4459 Honorii
822 4403 910 4458 etiam
927 4403 958 4458 in
975 4400 1126 4458 occidente
1143 4411 1243 4458 notum
1259 4413 1329 4472 erat,
1353 4401 1480 4457 maxime
1499 4415 1611 4478 proptr-r

371 4487 550 4546 indefessam
575 4489 733 4566 Sophronii
757 4508 884 4566 operam.
925 4489 964 4544 At
987 4487 1105 4565 quando
1129 4489 1253 4564 primam
1277 4487 1380 4564 Sergii.
1414 4487 1545 4544 bominis
1571 4507 1615 4542 ra·

418 4649 454 4777 sd)
474 4642 679 4774 iipiiriigllzur
699 4711 856 4763 Honorius·
876 4711 934 4761 und
956 4710 1177 4777 Liberiuslrage,
1196 4709 1333 4776 transtra,
1353 4707 1427 4760 leae.
