3450 5342
844 456 885 463 -
913 422 971 477 lto
998 456 1038 463 -

314 614 340 671 ai
362 612 498 671 Nicaeua
527 610 565 669 ds
588 610 734 669 Paschate
768 608 913 669 discussio
940 608 1087 689 duplicem
1112 610 1246 688 inprimis
1282 608 1359 667 haud
1382 610 1573 686 respexisset

312 700 436 779 praxim,
460 697 794 775 Quartodecimanorum
818 696 966 761 videlicet.
990 698 1040 775 qui
1066 730 1103 739 -
1123 694 1291 775 posthabiti
1315 694 1484 753 dominicae
1508 693 1572 751 diei

313 784 549 845 consideratione
560 817 604 827 -
615 782 653 842 ad
668 783 950 862 quartamdecimam
963 794 1077 841 tantum
1099 782 1199 841 lunam
1215 785 1246 840 in
1262 782 1417 841 Paschatis
1433 780 1575 839 celebra-

313 875 393 931 tione
416 870 618 941 attendebant,
655 880 685 928 et
706 872 914 938 Romanorum,
946 870 1217 929 Alexandrinorum
1250 880 1481 947 ceterorumque
1511 871 1576 946 qui

312 956 566 1039 posthabita
596 957 987 1036 quartaedecimae
1023 957 1150 1015 lunae
1182 955 1574 1025 consideratione¹

314 1044 353 1105 ad
376 1044 555 1104 dominicam
577 1054 692 1103 tantum
716 1043 922 1103 hebdomadae
946 1042 1026 1103 diem
1050 1042 1251 1103 attendebant.

425 1157 473 1217 Ne
494 1157 634 1216 lectorem
656 1156 817 1235 defatigem
841 1166 1015 1234 argumenta
1035 1154 1186 1234 adaugens
1208 1154 1247 1214 de
1269 1176 1301 1213 re
1323 1153 1460 1213 omuibus
1487 1174 1574 1213 com·

315 1248 408 1325 perta,
437 1244 526 1303 finem
550 1264 657 1323 ponam
687 1244 756 1302 huic
777 1244 868 1323 capiti
892 1242 983 1301 verba
1006 1243 1136 1303 referens
1160 1240 1485 1319 constantinopolitani
1511 1240 1574 1299 Pa-

315 1331 463 1391 triarchas
485 1332 607 1390 loannis
623 1331 775 1389 Scolastici
792 1330 1035 1409 praedecessoris,
1059 1332 1153 1388 sancti
1177 1326 1316 1387 videlicet
1338 1328 1453 1407 Euty
1467 1329 1517 1385 ch
1532 1330 1543 1385 i
1556 1332 1575 1386 'a

317 1418 355 1477 In
388 1438 439 1477 auo
468 1417 513 1476 de
543 1417 743 1475 Paschate
776 1429 814 1475 et
847 1428 1105 1475 sacrosancta
1127 1416 1387 1474 Eucharistia
1410 1434 1571 1473 sermone:

323 1504 534 1579 „Ecclesia
565 1506 614 1574 ait,
645 1503 994 1583 quartaedecimae
1019 1523 1169 1583 quoqne
1193 1502 1274 1560 diei
1299 1522 1576 1561 commemora·

318 1594 464 1650 tionem
496 1590 597 1650 facit
630 1593 667 1649 in
689 1610 828 1669 magna
862 1591 981 1649 Feria
1005 1592 1150 1670 quinta.
1174 1635 1180 1649 .
1204 1635 1241 1647 ..
1275 1589 1573 1647 Perfectionem

317 1699 419 1747 vero,
453 1680 614 1758 mystici
645 1678 740 1737 festi
775 1698 817 1735 ac
844 1676 1150 1756 plenitudinem
1185 1678 1224 1735 in
1258 1686 1400 1735 sancta
1434 1676 1575 1733 lleaur-

318 1767 499 1824 rectione
533 1757 782 1832 consummat,
816 1784 913 1843 quae
947 1766 1174 1843 incipiente
1205 1762 1478 1821 sextadecima
1508 1761 1574 1820 die

318 1863 356 1910 et
374 1851 587 1911 Dominica
609 1852 683 1909 ianr
707 1852 886 1910 intrante
910 1852 1090 1928 contigit.
1113 1849 1239 1925 Quare
1262 1851 1380 1907 ctiam
1399 1849 1573 1907 Nicaeni

319 1940 457 1998 Patres
480 1937 686 1998 nonnullis
709 1938 909 1996 Ecclesiis
933 1956 1045 1995 secus
1069 1935 1291 2013 agentibus,
1325 1935 1382 2015 (gr.
1404 1939 1498 1996 τινῶν
1519 1940 1575 2015 τῆς

315 2023 501 2106 Ἐκκλησίας
522 2030 614 2087 τοῦτο
635 2024 681 2105 μὴ
702 2024 889 2101 ποιούνιων)
912 2034 1210 2103 praeceperunt,
1233 2034 1272 2082 ut
1295 2042 1423 2083 omnes
1446 2023 1574 2083 simul

320 2107 1575 2191 prouttunceratiub'ervatorisResurrectione,sextadecima

320 2195 1574 2277 dieinceptaquaeetDominicaerat,sollemnitatemagerent.

321 2284 727 2363 couperfectumiam
751 2296 1029 2363 peractumque
1054 2284 1170 2342 linem
1194 2292 1508 2342 consecutam..
1533 2328 1540 2339 .
1565 2328 1571 2338 .

321 2370 714 2430 Alexandrinorum
746 2381 888 2430 autem
919 2370 1140 2429 Ecclesiae
1174 2380 1229 2429 etc.
1260 2373 1574 2448 scripserunt:

324 2458 612 2530 „Nuntiamus
654 2457 782 2516 vobis
826 2457 874 2515 de
912 2457 1029 2516 lacti
1078 2460 1199 2516 circa
1235 2458 1574 2515 sanctissimum

319 2544 492 2603 Pascha
523 2544 773 2610 concordii.
804 2544 1180 2621 qnial'cstrarum
1206 2563 1383 2622 precum
1411 2544 1575 2602 merito

319 2630 415 2689 haec
438 2650 591 2711 quoqne
614 2642 839 2710 parerectc
862 2630 1204 2698 suitcoust'ituta,
1223 2640 1265 2689 ut
1284 2629 1574 2690 cunctiOrien-

319 2718 438 2776 tales
461 2717 640 2790 fratres,
663 2720 735 2797 qui
758 2716 1197 2777 auteacumludaeis
1221 2714 1571 2796 (μετὰτῶνἸουδαὶων)

320 2804 494 2863 Pascha
530 2803 832 2875 celebrabant,
863 2802 1028 2863 abhinc
1059 2824 1254 2863 consona
1279 2804 1483 2862 Romanis
1512 2823 1571 2861 vo-

321 2890 470 2969 bisque
507 2902 547 2949 et
584 2890 707 2950 nobis
738 2890 942 2956 omnibus.
977 2893 1043 2970 qui
1073 2889 1288 2949 abinitio
1316 2888 1572 2949 sicPascha

320 2976 662 3037 observavimus
700 2976 759 3056 [die
792 2977 934 3035 videlicet
965 2976 1133 3055 dominica]‚
1165 2976 1382 3037 uobiscum
1414 2977 1569 3035 tacturi

321 3058 486 3145 aunt“.⁶)
510 3064 603 3143 (Patr.
625 3084 667 3142 gr.
690 3064 736 3123 ed.
758 3064 870 3141 Migne.
893 3074 913 3121 t.
937 3067 986 3135 86,
1008 3084 1037 3142 p.
1062 3060 1167 3143 2395).

327 3235 332 3242 ,
432 3176 561 3235 Veniam
584 3198 662 3235 nunc
686 3176 724 3235 ad
748 3178 835 3235 huius
858 3178 964 3255 capitis
987 3178 1213 3235 conclusionem.
1243 3175 1350 3236 Nullus
1373 3175 1567 3236 Orientalium

320 3282 451 3324 asserere
474 3263 595 3322 auderet
624 3274 685 3322 tum
708 3262 874 3321 Romanam
907 3273 969 3322 tum
992 3263 1229 3322 Alexandrinam
1253 3262 1419 3323 Ecclesiam
1442 3263 1564 3323 Nicaeni

322 3349 448 3409 (loncihi
465 3360 595 3409 mentem
618 3350 864 3409 circaPaechatis
888 3353 1091 3428 quaestionem
1104 3352 1256 3427 ignorasse
1279 3360 1330 3408 aut
1349 3351 1432 3428 parvi
1457 3349 1567 3408 fecisse.

319 3436 430 3515 Liquet
452 3457 523 3495 vero
546 3436 583 3495 ab
607 3436 668 3496 illis
691 3439 782 3496 etiam
803 3445 871 3514 post
895 3436 1069 3507 Concilium,
1105 3458 1183 3497 anuo
1207 3436 1320 3495 scilicet
1344 3437 1416 3505 333,
1455 3436 1568 3495 Pascha

322 3524 355 3581 in
385 3526 452 3603 ipsa
480 3523 701 3603 quartadecima
734 3524 824 3582 lunae
857 3522 906 3581 die
937 3523 1114 3582 celebratam
1146 3524 1249 3597 fuisse3
1283 3523 1354 3581 hinc
1387 3524 1446 3581 nisi
1477 3526 1568 3602 ipsum

322 3609 523 3669 Athanasium
545 3610 687 3669 damnare
705 3610 807 3678 velint,
831 3611 881 3687 qui
900 3612 1087 3687 ipsissimam,
1110 3609 1147 3667 de
1171 3631 1229 3688 que
1249 3612 1372 3687 agimus,
1396 3609 1568 3669 locutionem

322 3697 355 3753 in
390 3699 449 3754 suis
495 3699 612 3775 scriptia
642 3698 802 3775 usurpavit,
847 3695 996 3755 fateantur
1032 3704 1154 3775 oportet,
1199 3694 1284 3775 qnod,
1319 3698 1436 3775 praxim
1470 3696 1568 3755 Indae·

323 3801 405 3839 orum
438 3780 615 3853 damnando,
646 3784 771 3841 Nicaeni
794 3783 900 3841 Patres
934 3804 993 3842 non
1028 3783 1191 3862 simplicem
1219 3783 1383 3842 Christiani
1417 3782 1568 3842 Paschatis

323 3886 389 3925 cnm
422 3867 543 3926 Iudaico
577 3870 725 3928 Paschate
760 3872 988 3928 conventionem
1020 3868 1205 3941 damnarunt,
1243 3868 1295 3929 sed
1328 3872 1447 3948 praxim
1482 3869 1566 3939 illam

325 3952 437 4011 scilicet
454 3952 796 4029 Quartodecimanorum,
819 3959 878 4032 qua
893 3956 1011 4015 Pascha
1027 3956 1262 4015 Christianorum
1286 3976 1345 4014 non
1368 3958 1401 4014 in
1424 3955 1565 4015 dominici

326 4047 449 4110 tantum,
473 4039 572 4099 sedin
595 4063 778 4122 quacumque
793 4040 997 4101 hebdomadae
1019 4043 1067 4101 die
1091 4064 1156 4101 cum
1174 4043 1243 4103 luni
1266 4042 1490 4123 quartadecima
1506 4062 1568 4101 con-

326 4127 458 4183 venienti
491 4126 633 4187 celebrari
663 4128 813 4207 pergebat.
853 4130 920 4187 Hoc
957 4140 986 4187 et
1024 4130 1079 4188 hoc
1114 4140 1228 4189 tantum
1265 4128 1415 4206 significat
1450 4131 1568 4189 locutio:

321 4211 601 4273 Paschacum
624 4215 817 4275 ludaeis.
1506 4220 1508 4225 ’

327 4339 534 4351 ——-—-—

389 4413 411 4478 Ι)
429 4414 474 4468 lle
492 4431 548 4469 nou
567 4416 638 4471 latet
656 4422 784 4471 recenter
801 4415 969 4471 affirmatum
989 4432 1068 4472 esse:
1087 4424 1188 4486 quarto
1207 4418 1329 4482 saeculo,
1349 4417 1565 4485 praesertin

428 4500 514 4538 vero
541 4485 575 4537 in
600 4485 759 4541 Nicaeno
784 4486 957 4553 Concilio,
986 4487 1088 4540 nullam
1114 4486 1232 4555 amplius
1256 4487 1291 4541 de
1313 4485 1566 4551 Quartodecimanis

428 4553 515 4607 tuisse
527 4555 730 4622 quaestionem.
749 4556 821 4610 Aliis
832 4556 1038 4624 praetermissis
1050 4557 1230 4624 argumentis,
1250 4571 1317 4625 prae
1330 4556 1420 4611 oculis
1439 4556 1566 4611 habemus

428 4620 643 4746 affirptrattionem
670 4624 976 4694 constantinopolitani
1002 4625 1182 4681 Patriarchee
1200 4625 1272 4681 sexti
1301 4626 1415 4681 saeculi.
1448 4625 1565 4693 seligere

430 4707 486 4760 opo
514 4708 552 4747 e.
