3450 5342
860 435 900 444 -
924 407 986 458 :ital
1011 434 1050 443 —

335 593 623 656 commentationum,
660 591 752 648 altera
787 591 853 648 huic
888 593 1000 668 corpori
1036 592 1240 668 praemittitur,
1279 589 1508 668 philosophica
1542 586 1584 644 ‚de

336 681 436 736 anima
460 676 626 736 brammin‘
647 676 816 754 disputatio.
840 677 900 734 llic
922 679 985 754 ipse
1002 657 1044 740 S..
1068 677 1159 735 multa
1176 697 1252 755 quac
1274 677 1335 734 lrac
1359 676 1407 734 de
1435 695 1470 732 re
1494 677 1587 750 scripta

336 778 403 824 suut
428 776 632 844 perscmtatus,
655 765 717 837 ugit
740 763 776 821 de
800 767 900 822 anima
923 785 975 822 seo
998 765 1344 840 formaorganismornm
1371 778 1408 820 et
1436 762 1479 819 de
1503 781 1588 818 sem

334 853 413 910 tione
437 849 585 908 brutorum
609 863 638 908 et
662 849 698 907 de
722 850 873 908 intellectu
896 849 1063 910 eorundem.

438 935 571 994 miserae
594 937 663 994 illac
679 940 941 996 commentationes
956 953 1024 996 snut
1040 957 1178 1013 magnam
1202 952 1314 1013 partem
1338 957 1358 994 e
1390 937 1433 996 B.
1461 935 1590 992 Altum

336 1025 396 1081 Iler
421 1023 512 1100 l'ogel
538 1021 595 1080 uud
628 1025 690 1082 scin
721 1023 831 1092 beben,
863 1025 914 1102 qui
944 1027 1053 1102 optime
1081 1026 1144 1099 agit
1170 1022 1208 1080 de
1237 1025 1424 1100 cognitione
1461 1025 1509 1081 tin
1532 1019 1591 1076 nidr-

334 1109 478 1186 eligeudo.
503 1108 634 1166 hostibus
657 1109 805 1184 fugiendis
828 1109 906 1175 ctel,
929 1108 966 1168 de
982 1122 1069 1169 cantu
1092 1125 1122 1168 ct
1145 1125 1258 1168 vocatu.
1281 1110 1319 1166 de
1343 1130 1465 1168 amore
1489 1112 1592 1165 avium:

335 1199 416 1254 euius
441 1195 507 1253 libri
531 1215 618 1274 saepe
642 1195 713 1254 editi
738 1200 920 1275 praestantia
946 1208 1016 1255 nota
1044 1209 1097 1258 est,
1129 1197 1213 1272 Quae
1235 1197 1292 1256 liic,
1324 1199 1482 1254 novitate
1507 1215 1592 1251 reram

334 1283 503 1345 laetissima.
545 1297 738 1360 exponuntur.
777 1283 954 1362 persuadent
989 1283 1133 1354 omnibns,
1163 1286 1212 1360 qni
1243 1283 1282 1340 ad
1313 1287 1472 1342 veritatis
1509 1282 1593 1338 lncern

334 1371 431 1428 oculos
462 1391 520 1428 uon
550 1368 698 1430 claudunt.
733 1369 920 1448 Quapropter
949 1389 1127 1448 magnopere
1156 1369 1401 1428 commendanda
1439 1385 1516 1428 sunt
1549 1372 1594 1424 irn-

334 1458 437 1534 primis
465 1458 536 1512 viris
566 1455 667 1516 doctis.
702 1459 751 1534 qni
776 1455 844 1514 hinc
874 1459 906 1514 in
934 1457 1112 1536 babylonica
1142 1457 1195 1514 illa
1223 1455 1475 1534 perturbatione,
1513 1475 1592 1532 quan

337 1543 549 1600 llaruiuismus
582 1543 731 1600 excitavit.
764 1542 889 1602 iucunde
922 1543 959 1602 de
991 1543 1212 1621 quaestionibus
1242 1546 1489 1621 antiquissimis,
1526 1561 1592 1620 qna·

334 1641 448 1706 tempus
472 1628 525 1686 boc
550 1629 683 1706 postulat.
707 1632 899 1690 instruantur.
931 1629 1016 1706 Quae
1047 1631 1149 1688 Altum
1176 1629 1260 1688 docet
1285 1633 1337 1687 vix
1361 1651 1515 1710 unquam
1539 1650 1593 1686 ror·

333 1719 472 1792 rigentur.
496 1714 598 1772 saltem
623 1719 645 1772 si
670 1731 757 1792 capm
781 1719 821 1774 rei
845 1716 1073 1786 consideremus,
1096 1731 1124 1774 et
1148 1716 1281 1775 absolute
1304 1738 1376 1775 vera
1406 1737 1498 1776 sunt.

439 1802 509 1858 Alia
534 1801 638 1859 bansta
666 1813 733 1860 sunt
765 1823 780 1860 e
813 1803 1021 1862 Wasmaun
1053 1806 1082 1862 S.
1104 1804 1143 1867 J..
1183 1804 1428 1879 l'ergleicbeude
1467 1801 1591 1863 Studien

335 1887 406 1946 tiber
428 1887 480 1946 des
504 1887 697 1946 sceleratas
720 1887 773 1946 der
798 1891 939 1948 Ameisen
962 1889 1021 1948 und
1045 1889 1098 1950 der
1119 1890 1250 1949 boberen
1271 1892 1374 1950 'l'iere:
1411 1891 1472 1949 nbi
1500 1893 1592 1966 agitor

335 1973 371 2032 de
395 1975 501 2032 militia
524 1987 552 2032 et
577 1975 771 2034 architectura
799 1977 993 2036 tbrmicarum.
1024 1978 1178 2037 Formicae
1210 1977 1386 2056 modoque
1413 1999 1453 2036 se
1479 1992 1592 2055 gerum.

335 2080 552 2139 nonnumquam
584 2081 636 2120 uos
666 2061 903 2140 obstupefaciant
926 2067 976 2131 ita,
1010 2076 1040 2122 ut
1063 2064 1147 2122 multi
1179 2076 1208 2122 et
1238 2064 1317 2123 docti
1353 2067 1413 2121 viri
1457 2063 1588 2123 revelant

334 2162 505 2225 spernentes
535 2146 649 2226 decepti
674 2153 741 2216 siut,
765 2163 792 2206 et
818 2162 847 2208 ut
871 2149 909 2208 ad
940 2171 1000 2208 rcrn
1024 2153 1088 2208 sinc
1118 2151 1269 2210 intellectu
1299 2151 1462 2210 brutorum
1497 2150 1588 2226 expli·

333 2233 457 2292 eandam
482 2255 589 2308 magua
605 2239 767 2312 sagacitate
791 2237 949 2314 multisque
972 2239 1182 2314 experimentis
1206 2236 1284 2296 haud
1300 2258 1368 2296 raro
1391 2259 1475 2316 opus
1493 2239 1587 2295 fuerit.

334 2321 369 2378 E.
385 2321 549 2378 ll'asruauu
572 2325 722 2397 egregium
739 2343 769 2379 sc
793 2325 824 2380 iu
848 2344 899 2380 sno
922 2345 1030 2399 genero
1055 2325 1190 2384 Roscium
1214 2327 1375 2402 praestitit:
1399 2347 1468 2384 non
1493 2326 1584 2384 solnm

335 2407 422 2464 facile
446 2411 658 2485 acquiescimus
682 2412 734 2471 eis,
758 2429 833 2486 (quae
856 2409 937 2476 dicit,
957 2409 1009 2468 sed
1032 2431 1068 2468 ea
1090 2413 1178 2469 etiam
1202 2411 1396 2470 admirationi
1421 2430 1508 2470 suut.
1533 2411 1589 2468 Er·

337 2494 504 2570 plicatiouis
539 2495 721 2573 simplicitas,
763 2495 890 2565 claritas,
924 2499 1119 2575 perspicuitas
1157 2500 1271 2556 animos
1309 2499 1465 2576 percellit:
1504 2497 1586 2556 simul

337 2579 522 2638 subridentes
538 2579 670 2640 dolemus
686 2585 848 2640 sententias
865 2595 1064 2661 praematuras
1081 2605 1188 2645 eorum.
1205 2588 1254 2663 qui
1274 2585 1380 2643 bestiis
1397 2587 1585 2644 intellectum

335 2665 474 2725 tribuunt.

444 2752 556 2812 Ultima
572 2759 818 2814 corrrmcutatioue
831 2777 848 2814 a
865 2757 895 2813 bl
905 2759 913 2812 i
923 2777 938 2813 c
949 2755 1010 2814 lrel
1021 2760 1049 2814 is
1065 2760 1231 2836 conscripta
1242 2760 1403 2836 inquiritur
1413 2762 1448 2818 in
1465 2779 1582 2817 causam

335 2839 538 2897 similitudinis
569 2843 646 2898 iuter
673 2844 789 2900 simiam
813 2842 951 2912 (bestiam
974 2843 1104 2902 hominis
1135 2845 1329 2919 simillimam)
1361 2861 1393 2903 et
1417 2847 1580 2905 hominem:

336 2927 360 2982 si
384 2927 461 2982 cuim
493 2927 652 3004 explicatio
681 2931 744 2986 eius
767 2927 855 2986 obvia
890 2931 917 3006 (e
947 2932 1215 3008 consanguinitate)
1246 2934 1373 2997 reicitur,
1401 2937 1431 2990 si
1468 2948 1582 2992 tenerur

335 3013 436 3069 simias
459 3033 517 3072 nou
539 3034 608 3071 casu
631 3025 708 3073 ortas
732 3015 783 3072 sed
800 3029 913 3074 creatas
936 3037 1000 3074 esse
1024 3037 1042 3074 a
1065 3017 1137 3087 Deo,
1160 3018 1220 3076 alia
1235 3022 1395 3097 requiritur
1412 3023 1579 3099 explicatio

335 3119 421 3176 quam
440 3098 582 3170 lliclrelis,
598 3101 714 3164 consilii
730 3101 824 3160 divini
841 3105 873 3160 in
897 3103 983 3160 rebus
997 3106 1103 3162 creatis
1120 3105 1284 3164 indefessus
1306 3119 1464 3173 scrutator,
1482 3109 1578 3185 paneis

336 3187 480 3264 proponit,
505 3187 590 3244 alteri
613 3199 690 3244 certe
715 3189 946 3265 praelereudam.

443 3275 562 3350 Optime
593 3273 664 3331 baec
695 3276 788 3332 electa
819 3287 894 3347 sunt,
918 3279 973 3334 otsi
997 3276 1057 3333 alia
1079 3298 1194 3356 quoqne
1218 3277 1255 3358 (c.
1285 3301 1313 3356 g.
1335 3299 1352 3336 e
1374 3279 1487 3340 Fabre„
1512 3285 1577 3336 Son-

336 3361 434 3416 vcuirs
457 3359 716 3438 cutomologiques,
747 3385 761 3418 e
787 3362 1008 3439 Kuiclreubcrg,
1039 3363 1101 3422 Der
1130 3365 1222 3423 Hand
1251 3366 1310 3423 und
1339 3368 1404 3424 sein
1432 3365 1576 3425 l'erstand

336 3445 405 3517 etc.)
430 3445 499 3502 addi
524 3459 686 3524 potueruut.
714 3449 749 3504 lu
774 3459 903 3525 praestat
926 3463 1005 3508 certe
1021 3454 1121 3528 capita
1142 3455 1255 3530 optima
1274 3453 1384 3511 selecta
1408 3474 1576 3532 proponere.

336 3551 410 3609 quae
446 3533 528 3589 multi
566 3534 665 3591 lecturi
702 3545 776 3592 suut.
819 3557 907 3613 quam
943 3539 1072 3614 integros
1107 3537 1197 3597 libros
1230 3541 1389 3598 transferre
1425 3562 1443 3598 a
1480 3544 1576 3620 paucis

336 3617 484 3694 legendos.

446 3707 552 3774 liestat,
577 3718 607 3764 ut
630 3705 666 3764 de
690 3709 741 3777 eis,
772 3729 846 3785 quae
872 3689 904 3770 S
929 3712 992 3788 ipsc
1015 3713 1138 3788 scripsit,
1162 3714 1331 3770 referamus.
1355 3713 1510 3772 Decernur
1532 3717 1573 3772 bie

334 3793 496 3857 ecclesiam,
531 3814 596 3850 cum
627 3796 658 3851 in
690 3795 813 3852 coneilio
840 3796 1001 3855 l'ieuneusi
1033 3797 1168 3857 definiret
1199 3802 1328 3857 animam
1358 3820 1423 3857 ease
1453 3801 1573 3859 formam

335 3881 470 3956 corporis.
502 3901 559 3937 nou
589 3883 723 3938 astruxisse
754 3883 961 3942 scholasticam
993 3885 1155 3944 doctrinam
1187 3884 1224 3943 de
1256 3886 1350 3944 forma
1379 3886 1574 3946 substantiali.

335 3985 456 4042 corpora
479 3987 542 4022 esse
566 3969 724 4024 constituta
753 3989 769 4025 c
793 3973 918 4028 materia
950 3975 1044 4048 prima
1067 3986 1096 4029 ct
1126 3973 1220 4030 forma
1242 3972 1447 4039 substantiali;
1483 3994 1575 4054 neque

334 4050 425 4109 ullam
449 4053 625 4108 seutentiam
649 4053 685 4110 de
710 4055 803 4113 forma
819 4078 855 4114 ex
872 4059 923 4123 eis,
936 4078 1011 4136 quae
1034 4072 1104 4117 tunc
1123 4062 1201 4118 inter
1215 4059 1406 4118 scholasticos
1423 4061 1571 4125 florebant,

334 4135 519 4213 approbasse.
553 4137 714 4198 llefiuitum
746 4163 809 4200 esse
837 4144 931 4201 solum
954 4147 1084 4203 animam
1116 4147 1290 4205 rationalem
1313 4167 1383 4205 vere
1406 4167 1441 4204 ac
1463 4168 1518 4225 per
1540 4169 1574 4218 se,

335 4225 353 4278 i.
377 4243 402 4282 e.
426 4225 554 4281 essentia
576 4245 628 4283 sua
652 4241 681 4285 et
705 4249 763 4287 uon
790 4250 843 4307 pcr
866 4219 1011 4302 accidens,
1043 4253 1107 4290 esse
1131 4233 1253 4291 formam
1282 4237 1411 4312 corporis
1435 4235 1573 4294 bomani:

336 4307 413 4366 unde
447 4310 540 4368 solum
564 4310 595 4369 id
618 4313 696 4371 claro
724 4336 758 4372 ac
788 4315 982 4375 determinate
1005 4322 1144 4396 seqnitur,
1178 4320 1327 4378 hominem
1355 4343 1394 4378 ex
1424 4324 1527 4380 anima
1548 4338 1573 4380 et

335 4415 453 4472 corpore
477 4401 669 4475 compositum
693 4421 757 4458 esse
780 4421 870 4460 uuum
893 4406 1007 4463 unitate
1030 4408 1195 4473 eutitativa,
1223 4410 1352 4465 animam
1375 4428 1440 4466 esse
1464 4421 1572 4486 partem

334 4483 423 4539 totius
446 4503 568 4562 eamque
591 4487 795 4563 complentem,
819 4487 1075 4561 determinantem,
1099 4513 1157 4550 non
1180 4493 1408 4552 determinatam
1430 4495 1571 4556 tlormam.

335 4588 393 4625 nou
416 4571 590 4646 materiam).
615 4592 737 4651 eamque
761 4571 838 4656 (sive
861 4576 1083 4655 reduplicative,
1108 4581 1170 4637 sire
1193 4579 1392 4657 specificative
1416 4595 1572 4659 sumptamt

335 4656 528 4732 complentem
553 4677 656 4735 corpus
680 4661 710 4740 (i.
739 4681 762 4722 e.
788 4672 899 4740 partem
928 4664 1120 4734 materialem,
1151 4666 1338 4744 corporalem.
1370 4688 1429 4724 uon
1459 4670 1571 4745 spiritu-
