3450 5342
892 447 934 459 ·—
958 417 1020 471 atto
1045 447 1087 458 -

363 609 462 666 antea
495 605 673 666 commissa
707 601 815 666 denuo
848 603 1090 668 confiterentur.
1114 639 1156 649 —
1178 603 1304 668 blentio
1332 601 1447 666 facta
1471 609 1525 665 ost
1545 607 1623 666 suan

363 691 459 752 huius
483 691 538 766 rei,
560 689 648 769 qood
671 691 703 752 in
721 691 929 771 processibus
945 691 1243 756 matrimonialibus
1261 693 1387 754 etiam
1417 689 1483 753 ubi
1502 690 1554 753 lex
1574 690 1623 752 in·

363 775 498 840 dentina
521 776 729 857 promulgata
751 785 801 842 est
824 779 1075 842 matrimonium
1089 786 1301 842 contractum
1327 795 1472 840 coram
1497 777 1623 839 orientah

363 863 507 944 parocho
530 881 660 941 semper
684 863 823 928 habetor
846 864 991 928 validum
1016 883 1081 930 nnn
1105 867 1215 929 minus
1237 883 1351 946 quam
1382 864 1419 927 si
1447 883 1565 928 coram
1584 884 1626 944 pa·

363 950 463 1014 rocho
487 949 683 1014 occidentali
708 952 844 1016 ineatur.

468 1036 524 1100 His
546 1037 644 1100 rebus
669 1041 835 1119 perpensis
851 1047 885 1102 et
902 1041 958 1115 eis,
980 1057 1066 1120 quae
1089 1039 1273 1120 placebant,
1296 1038 1470 1102 decretis
1486 1040 1627 1102 eonstitc·

363 1132 433 1186 tum
456 1130 506 1186 est
518 1123 691 1203 collegium
703 1125 816 1188 decem
837 1127 981 1188 virorum
1006 1126 1087 1204 (ilii.
1109 1125 1170 1190 Di).
1194 1126 1427 1204 Palmieri,
1457 1126 1625 1190 Leonin„

363 1209 557 1288 Koradid,
606 1211 764 1290 Grirec,
806 1209 999 1290 Parmam
1037 1213 1222 1291 Njaradi,
1261 1213 1439 1292 Urban,
1483 1212 1624 1291 Stojan
1672 1286 1674 1299 ι

363 1279 555 1378 Spaldak,
580 1297 775 1376 Wernert,
806 1301 861 1380 qoi
884 1299 925 1362 de
949 1300 1048 1364 ruodo
1071 1300 1203 1365 decreta
1223 1300 1453 1380 exsequendi
1481 1300 1625 1364 delibem
1672 1302 1674 1346 ὲ

361 1390 434 1446 rent
456 1394 488 1448 et
512 1387 595 1450 inter
618 1403 653 1448 se
685 1403 798 1449 curam
834 1385 1066 1450 distribuerent
1099 1387 1214 1450 eadem
1245 1387 1289 1450 ad
1315 1387 1501 1454 effectum
1525 1386 1625 1469 peniu-
1672 1452 1673 1461 ,

362 1470 465 1548 cendi,
500 1471 539 1534 de
563 1472 735 1536 ronatibos
759 1473 826 1536 sois
851 1474 1001 1552 proximo
1031 1476 1207 1537 conventui
1231 1511 1272 1518 —
1296 1485 1378 1555 post
1410 1475 1514 1538 duos
1536 1494 1624 1536 anns
1672 1500 1673 1513 ¹

363 1557 577 1621 habendo-
602 1561 762 1622 rationem
787 1559 951 1624 reddituri.
1672 1608 1673 1647 Ξ

470 1645 630 1710 Postero
653 1646 704 1709 die
717 1647 781 1723 (27.
798 1645 867 1726 lul.)
879 1646 1181 1711 Excellentissimos
1193 1647 1420 1726 metropolita
1438 1648 1623 1712 Andreas
1672 1666 1674 1715 ζ

361 1731 512 1796 sollemni
538 1735 599 1796 rito
631 1733 903 1798 tirason-stanno
927 1737 1018 1812 (com
1045 1734 1175 1798 duobus
1199 1735 1426 1814 presbyteris)
1463 1737 1623 1812 liturgiam
1672 1745 1674 1806 ζ

360 1818 546 1884 celebravit.
577 1819 648 1896 Qua
679 1819 770 1882 linita
798 1820 931 1884 brevem
962 1825 1151 1886 contionem
1183 1821 1225 1885 ad
1247 1833 1493 1902 congregatos
1522 1841 1621 1886 coram
1672 1811 1674 1920 J

361 1905 455 1968 altari
480 1907 587 1970 socios
609 1914 790 1970 conventos
815 1908 937 1971 habuit.
959 1907 1114 1987 Magnum
1138 1908 1293 1986 gaudium
1322 1927 1437 1973 suom
1466 1912 1620 1991 expresse
1672 1921 1674 2005 j

360 2002 392 2056 et
417 1992 481 2056 Deo
512 1994 654 2073 ipsisque
686 1996 782 2057 sociis
801 1996 923 2073 gratias
955 1997 1028 2074 egil,
1058 1997 1146 2074 quod
1176 2005 1365 2059 conventus
1395 2000 1621 2078 prosperrime
1672 2016 1674 2079 p

361 2082 525 2144 suecessit.
556 2083 638 2144 Cum
669 2099 709 2144 ea
732 2083 773 2144 sit
795 2081 925 2145 divinae
952 2084 1193 2162 cooperationis
1222 2084 1316 2158 rotie,
1344 2094 1472 2148 utres
1501 2104 1620 2164 parcas
1672 2126 1674 2153 ε

362 2167 480 2245 quibos
496 2167 666 2230 hominurn
684 2170 737 2248 pia
761 2169 920 2232 industria
945 2187 1003 2248 par
1018 2179 1077 2249 est,
1101 2169 1199 2233 modo
1215 2179 1331 2232 sancte
1357 2178 1394 2234 et
1410 2171 1620 2235 concorditer
1672 2156 1674 2188 ¹

361 2261 509 2335 agantur,
545 2253 667 2316 auxilio
699 2274 759 2319 son
783 2254 918 2320 mirifice
942 2255 1060 2335 foveat,
1093 2265 1130 2319 ut
1152 2275 1291 2333 magnae
1323 2258 1497 2338 evadant,
1523 2259 1617 2322 lkom
1672 2252 1673 2339 f

360 2340 476 2416 studia
501 2341 638 2418 labores,
657 2343 800 2406 iacturas
824 2345 970 2423 ipsorum
989 2343 1073 2408 bene
1095 2345 1284 2406 iuvaturum
1308 2363 1387 2408 esse
1413 2356 1526 2427 atique
1551 2345 1617 2409 elle-
1672 2345 1674 2426 ξ

359 2437 498 2504 ctorom,
524 2438 558 2490 ot
581 2427 669 2490 Siari
693 2447 810 2492 omnes
833 2448 899 2493 uno
922 2429 1041 2494 Christi
1063 2432 1139 2494 ovili
1163 2429 1514 2509 comprehendantur.
1539 2432 1617 2508 ‹Jon-

360 2522 492 2594 propter
514 2513 555 2576 ad
573 2533 706 2594 precum
730 2527 761 2580 et
778 2534 897 2597 operae
914 2516 1140 2581 assiduitatem
1164 2519 1314 2580 hortatus
1337 2530 1402 2580 est.
1430 2520 1518 2583 Post
1544 2523 1615 2581 linea

360 2602 482 2680 hymno
510 2601 571 2664 »Te
597 2601 715 2664 beorn«
751 2603 816 2665 Deo
840 2605 964 2682 gratiae
987 2614 1081 2668 actae
1104 2613 1190 2668 sunt.
1672 2615 1674 2631 '

468 2705 554 2768 liora
582 2716 700 2768 octava
723 2715 946 2772 convenerunt
970 2709 1015 2770 ilii
1039 2707 1151 2772 decem
1183 2711 1251 2784 viri,
1273 2728 1293 2770 a
1316 2722 1497 2774 conventu
1524 2727 1612 2773 exse
1672 2712 1674 2782 Ξ

358 2791 495 2870 quendis
530 2793 668 2856 decretis
698 2793 846 2874 delegati,
876 2815 953 2858 cum
983 2795 1265 2860 Excellentissimn
1300 2795 1466 2860 Praeside
1504 2809 1540 2861 et
1572 2799 1610 2859 iis.

357 2878 476 2955 quibos
500 2881 656 2943 interesse
675 2879 832 2960 placebat,
855 2884 898 2946 ad
913 2881 1161 2947 deliberandum
1176 2884 1217 2946 de
1240 2883 1378 2961 singolis
1395 2885 1507 2948 rebus
1528 2887 1609 2946 iusso

358 2975 539 3029 (reinventus
562 2964 749 3030 efficiendis.

467 3051 611 3116 l'lnnsilin
635 3053 745 3118 habito
770 3055 798 3132 ii,
821 3074 962 3136 quorum
984 3057 1146 3136 intererat,
1169 3056 1211 3118 ad
1233 3075 1281 3131 ea,
1305 3075 1392 3137 quae
1418 3057 1606 3121 Velehradii

357 3139 492 3202 visenda
516 3149 600 3218 sunt,
624 3141 712 3204 docti
737 3151 869 3205 suntet
892 3142 1138 3223 unumquidque
1153 3151 1324 3207 ostensum
1340 3154 1400 3208 est
1428 3143 1509 3220 Quo
1527 3143 1607 3207 farto

357 3229 436 3292 socii
461 3227 688 3291 discesserunt.

466 3314 489 3376 l:
513 3315 704 3378 decretis
727 3335 746 3377 a
769 3325 931 3380 conventu
959 3319 1045 3394 haec,
1065 3335 1141 3379 cum
1165 3317 1263 3380 latios
1288 3328 1400 3397 patere
1420 3317 1605 3381 videantur.

360 3401 545 3466 exscribere
569 3401 647 3466 utile
670 3402 840 3465 duximus:

468 3509 491 3569 1.
518 3505 561 3569 lie
581 3507 734 3568 omnibus
756 3507 1004 3586 quaestionibus
1019 3510 1239 3573 controversis
1262 3509 1521 3588 componendae
1533 3517 1603 3572 sunt

355 3611 456 3672 (quam
487 3594 754 3656 accuratissimae
785 3600 818 3658 et
847 3593 1064 3658 solidissimae
1093 3596 1391 3660 commentationes
1422 3615 1486 3675 pro
1516 3595 1604 3660 ›Sla-

357 3697 473 3744 uorum
497 3680 625 3743 ,Litteris
648 3679 870 3757 theologicis«

464 3791 491 3848 2.
515 3785 578 3867 Ipsi
602 3785 785 3852 orientales
808 3785 950 3865 theologi
974 3786 1108 3866 rogandi
1132 3796 1252 3850 sunta
1275 3795 1450 3862 conventu,
1477 3797 1516 3850 ut
1530 3807 1602 3868 pro-
1672 3862 1674 3879 Ι

355 3875 461 3953 priam
485 3874 669 3938 doctrinam
693 3873 786 3939 nobis
810 3875 841 3936 in
866 3875 990 3937 eisdem
1013 3876 1259 3938 commentariis
1281 3883 1461 3954 exponant.

462 3975 490 4038 3.
522 3977 632 4040 Libelli
657 3981 741 4043 inter
771 3976 998 4042 occidentales
1029 3987 1250 4060 propagentur
1281 3978 1321 4042 de
1352 3982 1600 4058 opportunitate
1672 3988 1674 3993 ’

353 4071 386 4124 et
411 4065 604 4126 necessitate
629 4067 757 4128 unionis
773 4067 900 4128 ratione
916 4074 1102 4128 nostrorum
1120 4074 1305 4145 temporum
1324 4065 1438 4129 habita
1454 4077 1598 4146 agentes.

461 4169 490 4228 4.
510 4165 686 4230 Vertantor
709 4171 740 4231 in
765 4169 892 4250 linguas
919 4167 1066 4234 Slavicas
1096 4178 1128 4234 et
1150 4171 1182 4232 in
1208 4170 1357 4233 Latinam
1385 4171 1461 4233 iibri
1484 4169 1597 4236 Orien·
1672 4204 1674 4223 ι

352 4252 469 4314 talium
487 4252 526 4316 de
542 4254 676 4318 historia
697 4257 854 4322 eeclesiae
871 4275 986 4322 eorum
1001 4268 1035 4322 et
1057 4257 1096 4320 de
1116 4260 1186 4321 eius
1209 4268 1295 4321 stato
1314 4259 1413 4320 huius
1429 4259 1596 4338 temporis
1672 4261 1674 4311 ἕ

353 4340 431 4401 item
463 4338 542 4420 libri,
573 4345 628 4422 qui
660 4343 702 4406 ad
725 4347 885 4408 maiorem
906 4346 1171 4408 aestimationem
1201 4344 1418 4408 Orientalium
1447 4343 1595 4409 conterre
1672 4393 1674 4414 ,

354 4426 489 4506 possint
1672 4426 1674 4480 Ὺ

374 4579 375 4584 ,
460 4515 489 4578 5.
513 4513 547 4578 ln
570 4516 706 4595 singulis
729 4519 847 4597 linguis
870 4519 1047 4582 Slavorum
1065 4517 1326 4582 Occidentalium
1348 4517 1492 4582 edantur
1507 4535 1592 4581 com-
1672 4536 1674 4565 τ

354 4603 514 4680 montorii,
524 4605 607 4751 dsive
625 4607 708 4669 novi.
732 4607 800 4668 sire
818 4625 857 4668 ex
882 4605 955 4668 aliis
971 4606 1212 4669 transmutandi
1231 4605 1273 4668 ad
1292 4606 1423 4668 unionis
1438 4605 1590 4670 desideria
1672 4580 1674 4622 ¹

356 4705 521 4767 propagan
546 4709 574 4753 a.
1672 4700 1674 4713 '
