3450 5342
895 441 1065 496 ,54-

353 629 391 688 ab
414 631 500 687 initio
524 649 639 706 semper
662 629 819 698 intellexit
858 628 1013 686 detorserit
1036 638 1134 686 autem
1157 628 1373 685 iustitutionem
1397 626 1478 684 liuius
1499 646 1581 684 sacra-

353 718 447 774 menti
485 714 523 773 ad
546 716 749 773 auctoritatem
773 713 965 793 praedicandi
988 714 1184 792 evangelium,
1218 714 1380 771 anathema
1402 715 1463 771 sit.“
1507 713 1581 771 Hauc

350 803 628 881 ,interpretationem
653 801 778 860 dicimus
812 804 902 860 etiarn
926 800 1136 860 antecedenter
1158 801 1195 859 ad
1225 800 1455 859 declarationem
1477 800 1583 858 authen·

354 892 443 948 ticam
467 910 505 946 ex
531 890 756 966 ipsocouteirtu
779 888 920 966 postulari
944 909 998 946 nec
1021 891 1179 967 quiequam
1202 891 1230 947 ei
1253 888 1380 946 obstare.
1407 886 1584 946 Concediiiius

356 986 454 1035 autem
482 974 582 1034 verbis
616 974 848 1033 distiiictioribus
873 972 941 1054 (pro
976 974 1074 1051 uobis)
1098 995 1158 1034 rem
1191 976 1318 1053 exprimi
1352 977 1486 1051 potuisse,
1515 973 1585 1031 velut
1669 1041 1679 1064 ο

356 1063 461 1122 saltem
486 1061 544 1120 his:
573 1062 610 1119 do
634 1063 719 1121 vobis
741 1071 917 1140 potestatem
942 1060 1136 1140 (iudicialem)
1159 1060 1328 1121 remittendi
1353 1064 1453 1120 omnia
1472 1068 1586 1140 metata

353 1151 474 1214 Scilicet
506 1148 581 1207 illud
604 1150 726 1228 ἀφιέναι
757 1149 835 1227 apud
859 1150 1000 1207 loannem
1031 1149 1142 1228 duplici
1173 1170 1259 1208 sensu
1289 1148 1513 1225 intelligendum
1531 1148 1586 1213 luit

354 1249 386 1295 ut
418 1237 476 1294 dici
501 1246 618 1314 posset:
646 1237 700 1296 ”riti
723 1259 815 1298 τινων
849 1237 978 1316 ἀφῆτε
1000 1237 1061 1303 rui,-
1096 1237 1256 1316 ἁμαρτίας,
1289 1235 1448 1313 ἀφέωνται
1480 1234 1587 1300 attor:

357 1326 491 1382 remissie
515 1323 675 1381 sacerdotis
700 1323 809 1381 abhinc
840 1324 966 1381 causalis
997 1345 1122 1382 evasura
1151 1334 1181 1381 ct
1211 1323 1346 1380 remissio
1377 1322 1433 1379 liei
1464 1321 1589 1378 formalis.

356 1411 519 1488 Propterea
543 1413 678 1469 assentiri
712 1431 770 1468 uon
801 1431 954 1488 possumus
986 1411 1248 1485 ananovidio
1279 1407 1349 1466 duiii
1381 1410 1442 1466 ait:
1472 1407 1535 1465 Alio
1562 1427 1590 1464 se

356 1519 409 1554 sve
432 1509 462 1555 to
485 1518 540 1554 anu
564 1500 572 1555 i
598 1519 616 1555 u
634 1497 728 1573 jedno
750 1518 842 1564 uziae,
875 1497 957 1555 treba
987 1500 1123 1574 priznati.
1153 1497 1192 1555 da
1222 1494 1377 1572 (iospodin
1408 1497 1468 1569 nije
1497 1514 1591 1570 mogao

353 1585 489 1660 jasnijim
515 1586 523 1639 i
548 1586 786 1661 raagovjctnijim
810 1586 943 1659 rijciima
966 1584 1141 1661 apostolima
1173 1583 1234 1640 dati
1267 1582 1343 1639 vlast
1375 1584 1511 1659 otpuiitati
1539 1583 1592 1656 gri-

352 1670 451 1746 jehe.“
480 1673 529 1727 av.
553 1671 629 1729 salii.
654 1683 673 1730 t.
697 1672 744 1740 ll.‚
768 1692 794 1749 p.
819 1676 868 1729 tc.

466 1761 494 1813 3.
517 1758 549 1815 Μ
563 1779 607 1816 oii
621 1762 799 1817 tanistae
822 1759 910 1835 (sace.
936 1755 990 1836 ΙΙ.)
1014 1756 1211 1814 distinxerunt
1235 1757 1315 1813 inter
1337 1766 1459 1833 peccata
1477 1756 1596 1811 remissi-

356 1845 429 1902 bilia
453 1855 481 1902 et
506 1845 720 1903 irremissibilia
744 1844 918 1921 (homicidii.
943 1843 1136 1913 idololatriae,
1160 1840 1321 1918 adulterii).
1355 1844 1596 1900 Novatianus

357 1931 392 2010 (s.
417 1930 485 2006 ΙΙΙ.)
509 1934 603 2009 primo
627 1935 804 2010 apostasiae,
828 1932 897 1989 dein
921 1934 1021 1990 omnia
1037 1944 1158 2009 peecata
1173 1940 1236 2008 post
1254 1928 1434 2008 baptismum
1450 1930 1596 1987 commissa

356 2017 574 2076 irremissibilia
606 2040 669 2076 esse
700 2021 825 2096 putavit.
855 2020 1078 2076 Noratiaui
1113 2019 1244 2089 (Nicaea.
1281 2015 1315 2094 Ι.)
1346 2018 1472 2074 leviores
1502 2016 1598 2092 culpas

359 2119 458 2163 tamen
509 2108 617 2162 remitti
658 2128 741 2184 prosse
777 2106 958 2165 censebant:
1004 2109 1074 2163 item
1115 2106 1344 2183 Apostolici
1384 2103 1597 2183 (Epiphan,

356 2193 448 2249 llaer.
473 2189 534 2264 61),
573 2196 731 2251 Armeni
765 2192 924 2270 (Beued.
955 2191 1046 2270 ΧΙΙ.)
1077 2194 1300 2250 Pereiiuitatem
1332 2192 1419 2249 liuius
1451 2191 1598 2268 potestatis

358 2281 478 2355 negavit
504 2278 759 2338 ahitelardos
790 2279 901 2356 (damn.
932 2280 968 2337 ab
1000 2280 1137 2338 Innoc.
1167 2280 1228 2355 ΙΙ.)
1259 2283 1288 2338 ὃ.
1319 2279 1599 2336 Βοηεινθιηῐιη

360 2377 390 2422 et
414 2365 466 2422 ulii
492 2366 584 2422 soloni
609 2388 718 2444 poenas
743 2366 780 2425 ab
804 2367 940 2425 Ecclesia
964 2370 1075 2444 ignosci
1094 2365 1240 2425 dicebant.
1255 2367 1538 2425 Protestautes
1553 2362 1598 2419 vel

356 2452 417 2509 illis
440 2451 538 2508 verbis
564 2453 709 2531 baptisma
734 2457 908 2532 promissum
932 2477 995 2511 esse
1019 2454 1129 2518 dicunt,
1158 2454 1206 2510 vel
1230 2454 1323 2512 solum
1346 2461 1522 2531 potestatem
1551 2470 1600 2508 sen

354 2558 460 2596 muniis
483 2540 678 2598 annuntiandi
704 2553 826 2619 peccata
848 2563 911 2598 esse
929 2544 1050 2599 remissa
1074 2542 1168 2598 olleo
1190 2539 1427 2618 independenter
1448 2560 1466 2596 a
1488 2537 1598 2595 formali

358 2626 463 2682 ellectu
487 2631 660 2684 sacramenti
686 2631 895 2705 poeniteutiae,
930 2629 976 2686 rel
1001 2626 1121 2685 concedi
1156 2629 1199 2684 eis
1233 2637 1357 2696 tantum,
1392 2637 1424 2683 ut
1454 2628 1599 2683 remittant

357 2712 459 2788 culpas
483 2723 583 2770 eontra
608 2714 687 2789 leges
712 2717 936 2773 ecclesiasticas.
959 2715 1048 2772 Plura
1072 2713 1126 2771 liae
1150 2713 1186 2770 de
1211 2736 1240 2770 rc
1256 2715 1380 2772 historia
1404 2713 1599 2771 ecclesiastica

354 2798 530 2876 suppeditat.

465 2885 564 2943 l‘nrs
596 2887 634 2943 li·
667 2888 745 2945 l'oee
782 2894 936 2963 peccata*
976 2909 1020 2965 ap.
1054 2888 1203 2945 ¹loannem
1240 2891 1288 2954 tu,
1313 2889 1362 2944 23.
1398 2888 1598 2960 intelliguntur

357 2991 427 3028 vera
450 2983 579 3048 peccata.
604 2995 660 3030 uoii
687 2995 808 3051 poenae.

465 3069 613 3123 Rationes
633 3071 798 3126 dubitandi
818 3081 953 3140 possunt
972 3088 1056 3127 esse:
1136 3056 1139 3067 ¹

465 3142 486 3192 i.
509 3139 599 3194 Certe
620 3142 756 3195 iii'teurrit
775 3157 1010 3210 nonnumquam
1032 3156 1110 3196 usus
1130 3140 1273 3195 vocabuli
1292 3135 1600 3209 peccatip1·0pueuis

360 3210 397 3273 (2.
417 3208 514 3263 Maeli.
528 3212 567 3276 12,
587 3211 643 3278 16).
665 3212 750 3279 Ergo
770 3211 818 3264 liic
837 3227 959 3279 rruoque
979 3212 1065 3267 locus
1086 3211 1194 3265 saltem
1215 3215 1318 3278 potest
1336 3209 1378 3263 ita
1398 3206 1536 3276 intelligi.
1554 3205 1601 3259 In·

359 3291 455 3347 super
477 3278 567 3332 valde
587 3280 738 3334 suadetur
757 3279 848 3333 etiam
872 3280 978 3334 Martii.
1001 3281 1025 3347 9,
1055 3283 1215 3348 apteras,
1240 3294 1302 3332 noti
1323 3284 1448 3347 peccata
1473 3275 1600 3331 remissa

357 3363 441 3415 esse;
462 3349 490 3402 id
511 3347 627 3417 quippe
648 3365 747 3403 nexas
768 3350 920 3402 naturalis
940 3366 1068 3418 poscere
1089 3350 1228 3412 ridetur;
1257 3363 1328 3402 naui
1353 3352 1501 3416 aspectus
1520 3344 1599 3424 aegri

359 3424 441 3471 certe
452 3433 579 3472 movere
597 3419 751 3497 potestati
769 3418 973 3473 remittendas
987 3435 1104 3489 poenas
1118 3416 1339 3488 aegritudinis;
1360 3416 1415 3470 sed
1429 3432 1487 3471 cur
1501 3420 1599 3469 statim

359 3487 398 3540 ad
428 3493 550 3555 peecata
578 3486 762 3541 dimittenda
790 3495 921 3551 moveat,
949 3496 1092 3557 apertum
1120 3504 1193 3543 sane
1213 3502 1275 3541 nori
1295 3492 1351 3540 est.
1382 3485 1469 3555 Ergo
1496 3486 1598 3539 saltem

361 3562 464 3609 certos
486 3561 615 3609 nonest
636 3571 712 3610 usus
732 3557 825 3611 liuius
846 3558 997 3612 vocabuli.

389 3692 419 3703 ..
463 3627 488 3677 2.
509 3625 573 3678 Vox
595 3632 746 3707 »peccata«
772 3641 845 3681 saue
866 3627 895 3707 in
917 3634 1050 3708 utroque
1070 3643 1143 3682 casu
1158 3627 1189 3681 in
1205 3624 1431 3706 liae-sententia
1447 3624 1529 3678 idem
1544 3622 1600 3691 sig·

364 3693 470 3747 nificat
480 3711 486 3757 ;
507 3698 538 3746 at
557 3708 619 3747 iion
635 3697 833 3764 signiticaret,
854 3712 879 3749 sr
895 3713 1021 3765 protare
1035 3698 1115 3751 dieta
1130 3701 1253 3766 peccata
1265 3693 1468 3761 intelligenda
1483 3696 1599 3755 essent;

361 3776 433 3815 iiam
464 3761 579 3816 remitti
609 3763 788 3819 dicerentur·
815 3775 938 3834 peecata
967 3778 996 3821 et
1021 3766 1130 3836 gravia
1156 3771 1186 3820 et
1210 3764 1305 3822 levia:
1335 3763 1462 3817 retineri
1484 3769 1598 3817 tantum

360 3830 479 3899 gravia.
500 3829 544 3885 ct.
564 3832 606 3885 th.
627 3833 694 3897 111.
714 3836 788 3889 dub.
807 3841 831 3889 3.

464 3902 488 3954 3.
510 3899 636 3955 Certum
663 3910 710 3957 est
736 3905 827 3958 etiam
857 3921 919 3971 eos,
949 3921 1084 3975 quorum
1113 3911 1236 3974 peccata
1266 3903 1326 3957 iaiii
1357 3901 1492 3957 remissa
1522 3906 1599 3966 sunt,

359 3978 702 4049 possesacranientuiu
732 3974 939 4043 poenitentiae
960 3975 1133 4045 suscipere;
1162 3973 1245 4043 atqui
1271 3973 1302 4026 in
1321 3972 1366 4026 eis
1395 3979 1521 4040 peccata
1548 3985 1600 4024 nec

360 4044 475 4091 remitti
497 4054 551 4092 aee
572 4041 696 4096 retineri
718 4049 860 4111 ptisstint,
881 4044 935 4098 sed
956 4061 1081 4114 poenae.
1102 4045 1147 4100 Cf.
1167 4046 1209 4099 th.
1229 4043 1279 4109 11.,
1298 4042 1373 4096 dub.
1392 4044 1417 4096 5.

463 4110 487 4161 t.
509 4109 538 4162 si
559 4109 758 4180 intelligenda
784 4119 891 4168 essent
918 4115 1015 4170 verba
1035 4115 1162 4169 Ioannis
1182 4114 1220 4168 de
1243 4111 1440 4167 remittendis
1460 4108 1600 4181 peccatis

356 4175 520 4231 dicendum
552 4185 635 4234 esset
654 4197 747 4249 posse
777 4184 955 4238 sacerdotes
976 4184 1110 4239 retinere
1136 4189 1268 4253 peccata.
1295 4181 1417 4235 etiamsi
1439 4181 1600 4249 poenitens

357 4260 512 4300 summam
535 4247 663 4304 liaberet
682 4251 916 4317 contritioneiu;
945 4270 1034 4309 secus
1054 4254 1135 4308 enim
1158 4253 1258 4308 solurn
1278 4250 1309 4305 id
1323 4255 1408 4304 esset
1421 4247 1599 4313 sacerdotis,

358 4321 393 4394 iit
412 4315 610 4384 dignosceret
630 4328 659 4373 et
679 4321 851 4375 declararet
872 4322 952 4377 sitne
970 4322 1134 4392 poenitens
1154 4327 1354 4392 praeparatus
1374 4334 1487 4384 necne;
1517 4318 1598 4387 atqui

358 4385 389 4438 id
416 4390 571 4464 repugnat
596 4394 660 4441 tuin
690 4390 800 4444 rationi
827 4396 892 4445 tuiri
921 4393 974 4456 eis
1015 4409 1072 4448 uae
1098 4409 1146 4463 ap.
1173 4392 1243 4446 Mat.
1267 4393 1307 4458 12,
1332 4391 1373 4444 31.
1393 4388 1545 4457 leguntur
1562 4387 1598 4440 de

359 4454 603 4509 remissibilitate
622 4457 762 4513 cuiusvis
783 4460 907 4528 peccati,
930 4409 1014 4530 quod
1036 4478 1098 4516 nori
1124 4467 1172 4516 est
1190 4466 1298 4515 eontra
1319 4458 1469 4527 Spiritum
1492 4474 1516 4511 s.

463 4525 486 4576 5.
508 4524 608 4578 Locus
628 4541 675 4595 ap.
688 4528 741 4582 Mt.
762 4531 804 4595 18,
826 4532 866 4583 18.
886 4529 956 4584 huic
975 4531 1042 4585 loeo
1056 4531 1223 4600 parallelus
1236 4530 1275 4584 ad
1289 4542 1448 4583 summum
1467 4527 1600 4582 refertur

359 4590 397 4644 ad
417 4592 626 4648 exclusionem
650 4612 687 4650 ex
707 4597 844 4653 ecclesia.
863 4599 953 4653 Adde
973 4601 1056 4655 cuod
1077 4600 1176 4669 ligare
1194 4616 1212 4655 a
1227 4615 1250 4653 s.
1263 4599 1406 4667 patrinus
1418 4595 1601 4665 intelligitur

359 4658 564 4796 illifdiili.all.
583 4666 826 4787 5poeniteiitiain3
857 4668 894 4721 ci.
919 4669 1073 4734 Amicos,
1103 4667 1147 4725 De
1171 4667 1283 4739 poenit.
1302 4667 1319 4721 Ι.
1340 4670 1363 4732 1,
1383 4681 1412 4719 n.
1434 4668 1475 4720 10.
1498 4666 1543 4722 ci.
1562 4664 1601 4719 th.
1648 4669 1651 4678 '
