3450 5342
870 309 996 363 -ast
1027 339 1050 346 -

340 498 386 558 ad
409 499 700 556 contritionem
724 496 954 574 perfectam,
977 497 1034 554 iam
1049 497 1288 557 iustificantem.
1315 493 1495 570 disponatur
1514 507 1539 548 et
1551 513 1599 547 um

343 595 446 643 ventur
469 598 499 640 er
523 582 690 644 inducatur:
715 583 788 640 boec
811 585 891 640 euim
916 594 958 639 est
977 583 1026 640 illu
1048 585 1157 658 gratia,
1183 601 1270 659 (puae
1296 581 1355 638 tali
1384 579 1494 636 homini
1516 582 1540 635 in
1562 578 1597 634 bis

343 672 574 730 circumstantiis
609 669 645 726 ad
671 669 795 728 salutem
820 671 988 728 necessaria
1010 680 1062 740 est,
1096 680 1127 726 et
1151 669 1337 746 generatim
1363 665 1534 724 credendum
1554 683 1594 723 est,

345 761 439 816 licum
464 778 556 834 usque
580 755 618 813 ad
642 757 777 814 ultimum
801 759 882 814 vitae
905 757 1028 814 halitum
1052 776 1124 830 erga
1149 755 1316 814 bominem
1345 775 1408 812 uon
1431 756 1533 810 iustitia
1552 774 1593 830 pu

345 848 454 910 niente,
489 843 539 902 sed
565 842 766 902 misericordia
790 843 951 901 adiurante
979 845 1021 900 uti
1044 842 1131 915 velle,
1167 855 1199 899 ct
1224 843 1425 900 voluntatem
1450 841 1500 898 llei
1521 841 1592 896 salii·

344 933 438 1002 ficam,
463 951 561 989 reram
587 941 615 988 et
638 933 783 988 sinceram
808 929 901 988 sclam
926 951 991 988 cum
1020 932 1085 1007 ipsa
1107 940 1207 988 morte
1236 931 1336 986 tinem
1362 927 1481 986 babere.
1515 928 1591 983 Deum

342 1039 495 1096 semper
529 1017 566 1074 ad
597 1037 697 1095 preces
731 1015 862 1074 fidelium
895 1008 984 1074 talem
1007 1018 1132 1092 gratiam
1166 1015 1372 1074 inducentem
1406 1013 1443 1072 ad
1466 1017 1592 1072 contritio

342 1105 593 1183 uem'perfectam
619 1105 826 1162 iustificantem
852 1102 1021 1166 concedere,
1045 1123 1155 1178 negare
1180 1125 1245 1162 nou
1280 1116 1328 1161 est
1354 1123 1477 1160 necesse
1497 1115 1522 1158 et
1542 1123 1592 1158 cre

340 1191 410 1251 dere
444 1194 524 1270 pium
556 1205 597 1249 est
631 1203 659 1248 et
692 1211 781 1248 sanae
818 1190 887 1248 fidei
922 1190 959 1248 de
992 1192 1046 1248 liei
1082 1191 1205 1248 infinita
1241 1189 1457 1248 misericordia
1489 1191 1592 1246 omnim

340 1299 509 1358 congruum.
817 1274 821 1286 ⁴

445 1367 576 1426 Omnino
606 1365 665 1422 alia
685 1374 780 1422 autem
806 1375 848 1421 est
874 1366 1015 1441 truncatio,
1047 1383 1114 1420 ιιιιιιι
1140 1365 1173 1421 in
1198 1363 1345 1422 omnibus
1378 1363 1460 1420 bisce
1490 1361 1591 1418 casibus

341 1457 429 1512 etiam
462 1453 582 1512 effectus
605 1451 766 1530 completus
790 1461 817 1508 ιι
843 1451 949 1519 finalis,
983 1450 1108 1508 salvatio
1143 1448 1213 1507 dico
1245 1450 1380 1520 animae,
1413 1452 1508 1528 reipsa
1529 1447 1591 1504 obti-

345 1553 455 1598 neatur.
488 1541 621 1598 lamrero
655 1540 724 1596 licet
758 1539 813 1595 boc
848 1541 879 1596 ιιι
913 1537 1012 1596 multis
1046 1536 1172 1601 casibus,
1208 1557 1290 1615 quae
1326 1539 1382 1594 ilei
1418 1548 1462 1594 est
1492 1536 1591 1593 miseri·

345 1625 454 1696 cordia,
478 1629 610 1706 piissime
634 1625 794 1694 credamus,
819 1637 919 1682 tamen
942 1645 1035 1703 aeirus
1058 1639 1171 1681 certum
1195 1636 1251 1694 est,
1279 1624 1310 1681 id
1335 1624 1375 1682 de
1397 1623 1530 1682 omnibus
1551 1642 1591 1679 ca-

343 1713 424 1772 sibus
445 1713 505 1772 dici
529 1714 610 1772 nullo
634 1713 720 1770 modo
743 1733 835 1790 posse.
884 1712 967 1769 Haec
990 1713 1068 1768 enim
1093 1731 1212 1789 sempor
1236 1725 1284 1768 est
1308 1711 1443 1770 conditio
1467 1711 1591 1768 bominis.

343 1799 396 1859 sub
420 1802 516 1877 gratia
539 1803 635 1878 positi,
671 1798 746 1878 quod
780 1801 871 1876 ipsius
895 1810 939 1856 est
972 1819 1023 1876 per
1045 1799 1290 1876 cooperationem
1315 1819 1400 1856 suam
1424 1798 1513 1855 talem
1533 1816 1591 1872 gra-

340 1891 413 1946 tiam
436 1886 559 1946 reddere
582 1887 740 1945 efficacem.
775 1897 802 1944 st
827 1889 902 1944 sicut
925 1884 1049 1943 durante
1071 1885 1250 1961 longissima
1275 1888 1341 1942 rita
1372 1906 1434 1953 sua,
1469 1905 1524 1942 non
1547 1882 1590 1939 ob·

342 1973 488 2033 stantibus
519 1973 654 2032 omnibus
678 1973 812 2051 precibus
844 1993 895 2051 pro
919 1974 981 2049 ipso
1005 1971 1077 2029 fusis
1100 1992 1283 2030 consensum
1316 1971 1466 2048 denegare
1497 1983 1589 2048 prtest.

342 2064 383 2119 ita
406 2065 496 2119 otiam
520 2064 550 2120 in
575 2061 630 2118 boc
655 2081 789 2138 supremo
809 2069 964 2129 momento,
989 2080 1006 2116 a
1029 2079 1085 2136 quo
1109 2068 1171 2115 tota
1195 2058 1312 2136 pendet
1329 2061 1499 2117 aeternitas.
1520 2058 1589 2113 hunc

343 2169 517 2206 consensum
543 2169 650 2224 negare
675 2159 777 2225 potest.
805 2149 852 2211 At,
877 2146 997 2208 dixeris,
1021 2144 1166 2223 quomodo
1190 2145 1352 2222 probabile
1375 2158 1420 2222 est
1441 2146 1589 2202 homiuem.

342 2237 392 2313 qui
416 2237 597 2294 attritionem
622 2237 679 2292 iarn
697 2233 805 2292 babere
822 2235 1003 2312 supponitur,
1026 2235 1121 2308 gratia
1144 2231 1183 2290 ad
1206 2235 1422 2291 contritionem
1438 2231 1588 2310 perfectam

344 2321 514 2400 impellente
539 2343 597 2380 non
614 2323 671 2380 uti?
698 2325 837 2378 ¹ittunren
862 2319 934 2377 baec
952 2319 1132 2397 possibilitas
1148 2319 1229 2377 nullo
1248 2319 1341 2377 modo
1360 2319 1478 2378 excludi
1494 2334 1588 2396 potest.

343 2409 420 2466 Nam
445 2410 533 2466 etiam
558 2411 671 2486 gratiae
696 2407 733 2466 ad
756 2410 962 2466 contritionem
986 2407 1147 2483 perfectam
1170 2418 1341 2473 merentes,
1366 2410 1420 2465 etsi
1446 2426 1544 2464 omues
1565 2420 1588 2459 ct

344 2495 478 2570 singulae
510 2495 548 2553 ad
572 2496 654 2553 illum
680 2498 814 2553 ellectum
847 2492 1039 2551 obtinendum
1064 2513 1132 2550 rere
1155 2493 1321 2567 sufficiant,
1356 2508 1456 2552 tamen
1480 2509 1587 2570 [runem

343 2603 406 2639 csse
438 2585 563 2640 maiores
595 2583 641 2640 rel
674 2583 809 2640 minores.
855 2581 950 2638 Maior
982 2581 1029 2637 rel
1060 2581 1155 2637 minor
1186 2592 1288 2637 autem
1321 2585 1437 2657 gratiae
1467 2581 1513 2636 ris
1534 2595 1587 2635 tum

342 2667 489 2725 obiective
513 2689 531 2726 a
554 2673 678 2728 veritate
695 2668 748 2727 illa
769 2667 885 2747 pendet,
909 2687 999 2744 <ruam
1022 2669 1117 2744 gratia
1139 2680 1272 2724 mentem
1298 2669 1473 2726 illuminans
1489 2669 1515 2724 ei
1531 2686 1587 2742 pro

342 2757 424 2832 ponit
448 2765 536 2832 ιιιιμιι
568 2755 604 2814 ab
629 2758 755 2834 impulsu
781 2755 948 2822 voluntatis,
984 2758 1035 2833 qui
1058 2775 1109 2832 per
1131 2752 1251 2811 modum
1276 2757 1484 2832 inspirationis
1507 2752 1587 2810 talem

341 2841 589 2900 illuminationem
620 2845 759 2922 sequit-ur,
793 2855 854 2918 tum
886 2840 1050 2900 subiectire
1072 2863 1090 2898 a
1112 2839 1311 2918 dispositione
1339 2841 1485 2900 habituali
1510 2839 1587 2896 huius

343 2927 479 2989 bominis.
525 2931 627 2988 ,Potest
650 2933 729 2988 enim
753 2951 826 2999 esse,
861 2941 892 2986 ut
915 2927 951 2986 de
976 2929 1095 2986 bomine
1119 2939 1230 3004 agatur,
1255 2931 1307 3006 qui
1332 2932 1387 2986 rix
1409 2947 1538 3006 unquam
1559 2927 1585 2981 iu

341 3016 405 3070 vita
428 3033 480 3072 saa
503 3033 520 3071 a
544 3019 665 3076 caritate
691 3018 820 3094 perfecta
843 3036 874 3074 se
897 3019 1009 3073 moveri
1034 3017 1111 3081 sivit,
1134 3013 1213 3072 uude
1236 3036 1303 3073 esse
1327 3027 1434 3094 potest,
1456 3025 1489 3073 nt
1505 3016 1585 3071 etiam

342 3121 419 3158 nunc
443 3103 579 3174 moriens,
614 3107 668 3162 etsi
693 3113 801 3160 terrore
826 3103 934 3161 inferni
957 3105 1142 3162 concutiatur
1165 3101 1213 3158 vel
1236 3106 1329 3162 etiam
1354 3123 1407 3181 spe
1430 3101 1506 3160 coeli
1528 3099 1584 3157 alli-

343 3189 445 3258 ciatur,
468 3200 567 3247 tamen
591 3192 623 3247 in
639 3211 737 3248 amore
756 3191 811 3247 ιιιι
835 3191 974 3268 perlecto,
998 3193 1053 3248 etsi
1076 3209 1150 3257 eum,
1176 3191 1200 3246 si
1225 3211 1330 3248 omues
1354 3193 1435 3247 vires
1457 3199 1585 3247 resumat.

342 3295 451 3353 ponere
480 3279 581 3352 possit,
612 3287 726 3336 tantam
757 3276 961 3334 difficultatem
994 3297 1143 3354 nunquam
1166 3295 1184 3332 a
1206 3298 1238 3334 se
1262 3280 1344 3336 vinci
1369 3277 1487 3337 solitam
1511 3278 1583 3331 inre

342 3365 412 3433 niat,
446 3372 477 3418 ut
507 3360 543 3420 de
575 3365 651 3420 facto
682 3363 718 3422 ad
750 3365 839 3422 talem
863 3376 960 3421 actum
985 3385 1043 3422 nou
1066 3374 1208 3438 assurgat.
1254 3366 1305 3423 erc
1328 3353 1451 3440 quidem
1474 3380 1583 3440 sperare

344 3449 414 3506 licet
445 3449 550 3518 Deum,
586 3471 642 3527 quo
674 3451 868 3510 ferventiores
901 3470 952 3528 pro
985 3451 1038 3508 tali
1069 3451 1187 3508 homine
1218 3471 1322 3528 preces
1354 3451 1524 3516 fundantur,
1555 3467 1584 3502 eo

345 3538 470 3592 maiores
501 3546 529 3592 et
565 3540 820 3596 convenientiores
862 3536 958 3595 eidem
993 3540 1104 3614 gratias
1142 3539 1173 3594 in
1207 3537 1262 3596 hoc
1297 3539 1404 3596 ultimo
1444 3551 1583 3595 momento

344 3621 517 3694 concedere3
540 3634 679 3694 attamen,
703 3627 820 3682 etiamsi
842 3626 956 3698 gratiae
979 3627 1108 3682 maxime
1130 3627 1264 3700 insignes
1288 3627 1358 3697 siut,
1381 3639 1484 3683 manet
1506 3623 1583 3680 homo

345 3729 460 3787 semper
482 3707 565 3778 liber,
589 3713 678 3768 etiam
703 3715 862 3770 maximam
886 3714 1012 3788 gratiam
1035 3722 1131 3790 potest
1153 3710 1201 3768 vel
1224 3714 1348 3770 omniuo
1369 3713 1521 3789 negligere
1542 3706 1583 3763 ιιι

345 3798 387 3854 ιιι
410 3795 595 3872 negligenter
618 3817 648 3854 se
672 3796 709 3854 ad
726 3797 969 3857 consentiendum
987 3819 1112 3870 movere,
1136 3807 1166 3856 ut
1182 3818 1247 3856 eum
1265 3801 1348 3876 prius
1364 3820 1444 3857 mors
1464 3812 1582 3872 occupet.

345 3902 433 3959 quam
457 3882 495 3939 ad
518 3885 722 3942 contritionem
743 3885 903 3963 perfectam
926 3888 1089 3962 perveniat.
1114 3886 1173 3962 Ipsi
1189 3883 1281 3942 Iudae
1304 3887 1336 3942 in
1360 3905 1498 3964 supremo
1512 3884 1582 3939 vitus

346 3977 493 4025 momento
516 3969 584 4028 Iesu
607 3974 801 4029 amantissimi
833 3974 967 4048 magistri
982 3975 1119 4049 gratiam
1150 3971 1278 4030 defuisse
1302 3971 1424 4030 credere
1447 3991 1507 4029 non
1529 3989 1583 4046 pos·

348 4073 455 4124 sumus,
479 4065 508 4110 et
531 4057 625 4130 ipsam
649 4059 738 4114 etiam
762 4059 970 4117 Beatissimam
984 4060 1137 4136 Virginem
1160 4080 1211 4135 pro
1235 4079 1269 4115 eo
1293 4079 1394 4117 orasse
1417 4057 1506 4116 valde
1529 4075 1582 4133 pro

346 4137 445 4196 babile
468 4149 520 4206 est,
544 4149 674 4200 attamen
699 4144 843 4204 Dominus
867 4145 948 4213 dicit,
979 4147 1084 4204 melius
1107 4149 1132 4203 ei
1158 4146 1256 4214 fnisse,
1280 4147 1306 4204 si
1329 4166 1485 4224 nunquam
1508 4154 1582 4201 uatus

346 4235 432 4301 esset,
465 4225 541 4303 quod
565 4229 680 4302 signum
705 4241 845 4304 osteum,
869 4235 983 4308 gratiae
1007 4253 1065 4291 non
1088 4230 1270 4311 cooperando
1294 4233 1422 4291 salutem
1447 4253 1506 4290 non
1528 4250 1580 4286 csse

346 4324 549 4386 consecutum,
585 4318 699 4393 etipse
723 4319 811 4374 etium
836 4317 929 4376 bonus
952 4319 1035 4388 latro,
1069 4340 1136 4378 cum
1158 4319 1241 4376 iuxta
1264 4317 1428 4378 Dominum
1452 4321 1484 4377 in
1507 4336 1581 4375 cruce

346 4397 487 4475 pendens,
520 4403 645 4477 gratiam
677 4405 917 4480 pretiosissimam
949 4404 1132 4478 obtinuisset,
1166 4404 1270 4464 eadem
1293 4406 1370 4465 sicut
1399 4407 1475 4465 latro
1499 4403 1581 4461 malus

347 4505 406 4542 non
429 4489 470 4543 uti
493 4489 643 4564 potuisset.
667 4491 766 4564 Quare
791 4493 864 4548 sicut
887 4511 962 4550 nnus
985 4494 1073 4552 homo
1092 4492 1352 4551 nonobstantibus
1376 4492 1514 4552 omnibus
1528 4511 1581 4548 ora·

347 4571 476 4631 tionibus
491 4595 543 4651 pro
559 4576 622 4652 ipso
640 4576 710 4634 fusis
734 4586 762 4632 ιι
787 4597 844 4634 non
869 4576 1054 4639 obstantibus
1077 4580 1211 4638 omnibus
1234 4582 1339 4656 gratiis
1363 4584 1473 4640 intuitu
1488 4581 1580 4639 harum
