3450 5342
695 453 887 510 -243-

270 637 441 705 Postquam
462 636 500 690 de
519 635 736 705 scriptoribus,
773 638 827 705 qui
846 635 926 690 hanc
945 650 1010 689 rem
1031 639 1269 703 pertractarunt,
1302 638 1412 689 auctor

156 706 320 776 exposuit,
350 720 420 759 mox
438 706 477 759 de
505 705 648 760 instituto
675 720 756 774 resp.
776 704 887 759 ordine
907 704 1098 760 clericorum
1128 702 1319 772 regularium
1361 719 1414 758 au·

161 792 276 846 perum
293 776 399 829 Matris
413 775 467 829 Del
489 774 665 829 scholarum
686 778 809 843 piarum
827 789 844 829 e
864 789 887 829 s.
901 773 1041 896 ‹Iosepho
1058 772 1252 829 Galasanctio
1270 772 1327 827 lun
1352 777 1412 839 ato,

161 860 343 901 sermonem
365 844 508 898 instituit.
530 843 678 898 Eiusdem
693 843 779 898 initia
798 849 891 912 atque
905 842 981 898 divu
995 843 1087 912 gotio,
1107 840 1264 911 imprimis
1279 857 1336 910 per
1350 841 1414 896 Mo·

161 916 295 979 raviam,
312 913 502 978 Bobemiam,
518 913 659 968 Silesiam
675 913 811 968 breviter
823 913 1006 967 innuuntur.
1027 912 1106 966 item
1120 911 1158 966 de
1171 910 1292 965 ordinis
1308 925 1413 980 scopo,

161 984 321 1039 sociorum
342 985 565 1052 aggregatione
584 997 756 1052 eorumque
775 982 890 1037 officiis
909 981 946 1036 tit
966 982 1089 1036 mentio.
1119 979 1311 1046 Scholarum,
1333 995 1413 1061 qnae

158 1055 202 1109 ab
229 1052 361 1107 Ordinis
392 1052 542 1106 membris
567 1052 757 1121 diriguntur,
788 1051 931 1106 tundatio
959 1058 1053 1120 atque
1080 1049 1209 1104 directio
1237 1054 1414 1118 exponitur.

162 1123 298 1178 Demum
326 1122 365 1175 de
393 1121 532 1175 eiusdem
562 1122 683 1175 ordinis
709 1121 847 1190 collegiis
876 1121 908 1175 in
934 1120 1117 1189 regionibus
1146 1121 1264 1174 nostris
1292 1119 1412 1186 erectis,

157 1192 201 1247 -de
230 1192 378 1247 methodo
397 1190 429 1245 in
449 1190 582 1259 singulis
602 1192 757 1246 classibus
777 1196 910 1256 servata,
939 1190 977 1244 de
997 1190 1083 1255 viris,
1108 1189 1162 1259 qui
1182 1189 1220 1243 de
1239 1187 1360 1254 litteris,
1380 1188 1412 1242 in

159 1262 204 1316 lin
231 1278 271 1316 ua
287 1260 451 1315 Bohemica
464 1260 709 1327 conscribendis,
724 1260 841 1329 optime
852 1265 1044 1324 meruerunt,
1065 1258 1204 1313 breviter
1218 1258 1273 1313 sed
1287 1258 1368 1312 clare
1382 1263 1414 1313 et

161 1278 360 1386 suPtieienter
374 1335 532 1384 tractatur.
554 1360 583 1367 -
600 1329 752 1384 Libellum
773 1328 1014 1399 diligentissime
1034 1327 1228 1383 elaboratum
1243 1326 1412 1397 unicuique

156 1416 200 1455 ex
220 1400 327 1455 animo
346 1399 612 1453 commendamus.
1129 1397 1179 1451 Dr.
1200 1395 1230 1451 0.
1249 1396 1375 1464 Kaipar.

269 1561 321 1617 nr.
336 1554 516 1621 Jaroslav
537 1554 574 1620 V.
588 1552 776 1632 nealcae,
801 1555 946 1624 ltuseun
963 1555 1148 1639 biblioty'cb
1166 1552 1412 1622 etaroiitnmti.

156 1647 338 1721 Obsaltuje:
372 1648 463 1725 Popis
493 1645 646 1724 piedmetit
680 1667 699 1703 a
721 1645 836 1703 modelii
868 1645 1039 1704 bibliekeho
1068 1665 1169 1702 musea
1199 1642 1412 1721 spiidevlrem

97 1764 100 1769 ·
155 1755 179 1793 o
201 1734 323 1791 sueceni
346 1732 519 1812 biblicki'ch
543 1732 650 1791 svtitklt
674 1751 692 1789 n
715 1719 798 1790 Zida.
839 1735 967 1790 Stlemi
992 1732 1109 1811 obrazy.
1151 1731 1294 1789 VPraze
1321 1732 1412 1789 1906.

159 1821 249 1879 Cena
272 1821 302 1877 K
316 1822 395 1878 250.
420 1817 603 1900 (llueaeun
620 1815 850 1901 antiquitatum
869 1816 1072 1884 biblicarun.
1096 1819 1248 1876 Continet:
1273 1817 1412 1895 Descrip-

158 1910 274 1966 tionem
298 1928 393 1965 rerum
427 1920 456 1965 et
479 1907 637 1983 figurarum
661 1908 771 1963 musaei
801 1905 901 1963 biblici
926 1927 992 1964 cnm
1016 1904 1188 1983 appendice,
1223 1906 1254 1961 in
1278 1924 1337 1981 que
1359 1903 1409 1960 de·

153 1994 296 2054 scribitur
320 1993 430 2063 modus,
458 2015 515 2071 qno
539 1992 642 2050 Iudaei
666 1992 721 2050 hoc
744 2005 874 2071 tempore
899 1995 973 2051 festa
997 1992 1105 2049 biblica
1128 1989 1286 2049 celebrant.
1334 1989 1409 2048 Cum

153 2080 253 2139 tribus
284 2080 483 2157 imaginibus.)
518 2081 633 2155 Pragac
658 2080 853 2137 Bohcmorum
881 2083 970 2139 lello.
1008 2079 1174 2156 Bibliopolas
1204 2078 1253 2134 Fr.
1287 2061 1410 2135 llivntic.

154 2169 231 2244 Peg.
260 2170 319 2224 lte
345 2170 375 2224 in
400 2165 444 2224 8⁰.
467 2168 600 2225 Pretium
624 2167 657 2224 (¹.
683 2168 762 2224 250.

266 2254 454 2312 Clarissimus
488 2256 612 2331 scriptor
642 2252 798 2330 aliquoties
832 2256 861 2310 in
887 2252 1089 2309 Palaestinam
1121 2253 1266 2330 proiectus
1289 2261 1341 2320 est,
1374 2262 1408 2307 ut

151 2356 348 2416 cognosceret
372 2341 436 2398 loca
459 2339 568 2398 biblica
585 2353 613 2396 et
630 2342 773 2397 rationem
791 2342 871 2398 vitae
888 2339 1049 2397 incolarum
1066 2359 1143 2397 nnnc
1165 2338 1205 2395 ibi
1226 2336 1407 2413 degentium.

152 2427 274 2504 Quibus
298 2431 329 2485 in
361 2426 515 2484 itineribus
546 2428 684 2503 cognovit
716 2427 827 2483 incolas
857 2427 942 2483 huius
966 2427 1105 2504 temporis
1140 2426 1201 2483 iere
1224 2426 1267 2482 sic
1297 2426 1407 2493 vivere,

152 2523 188 2573 ut
211 2517 353 2572 vixerunt.
376 2511 556 2571 habitatores
581 2515 706 2591 pristini.
749 2514 788 2571 l't
811 2523 909 2570 autern
933 2514 1021 2570 etiarn
1046 2512 1105 2582 alii,
1130 2514 1179 2589 qui
1204 2532 1263 2569 non
1286 2523 1408 2588 possunt

154 2610 219 2659 um
244 2602 362 2678 longum
399 2603 454 2657 iter
477 2603 633 2678 suscipere,
668 2611 786 2677 possent
810 2600 888 2658 hunc
922 2599 1040 2657 modum
1067 2597 1190 2656 vivendi
1224 2617 1408 2673 cognoscere,

153 2688 258 2746 attulit
282 2689 410 2763 Pragam
445 2709 481 2744 ex
506 2689 599 2745 Terra
623 2691 733 2744 Sancta
761 2686 867 2744 multas
890 2707 944 2754 res,
980 2686 1053 2743 alias
1077 2688 1108 2743 in
1132 2694 1244 2754 natura,
1280 2684 1354 2741 alias
1378 2685 1407 2741 in

155 2774 262 2859 figuris
285 2786 313 2831 et
336 2774 471 2851 deposuit
494 2796 543 2832 eas
567 2777 597 2831 in
622 2773 732 2840 loculis,
768 2776 815 2851 (lui
841 2774 1033 2830 inveniuntur
1056 2774 1087 2830 in
1111 2771 1233 2829 aedibus
1257 2772 1408 2828 seminarii

156 2860 430 2939 archiepiscopalis.

267 2949 398 3025 Scriptor
419 2946 496 3003 idem
529 2968 630 3003 omncs
654 2967 707 3015 res,
742 2966 814 3022 eluas
836 2946 964 3020 collegit,
995 2930 1150 3022 descripsit
1176 2945 1326 3021 inopere,
1361 2945 1407 3000 cui

156 3035 264 3092 titulus
287 3044 331 3092 est
359 3035 529 3105 ,Musaeum
553 3035 760 3109 antiquitatum
785 3031 989 3092 biblicar·nm“.
1034 3033 1090 3090 Cui
1113 3033 1191 3108 operi
1217 3029 1333 3087 addidit
1357 3050 1408 3107 ap-

156 3120 324 3200 pendicem,
348 3123 379 3177 in
403 3141 460 3197 qua
476 3119 561 3176 docet
584 3118 711 3190 modurn,
734 3140 791 3196 quo
816 3118 918 3177 ludaei
942 3120 988 3176 his
1011 3117 1190 3196 temporibus
1206 3119 1282 3173 festa
1297 3116 1408 3173 biblica

154 3208 320 3266 celebrant.
366 3207 431 3264 Hoc
455 3228 535 3284 opus,
570 3226 748 3283 quamquam
779 3227 854 3263 non·
873 3216 916 3263 est
940 3206 1145 3281 arclracologia
1180 3203 1290 3260 biblica
1320 3224 1408 3261 sensu

157 3298 262 3354 stricto
294 3306 417 3371 sumpta.
452 3304 550 3350 tumen
574 3291 662 3350 valde
693 3295 801 3350 eminet
827 3295 903 3350 inter
933 3296 1041 3370 scripta
1064 3293 1150 3349 huius
1180 3292 1305 3364 generis,
1340 3291 1410 3366 qnia

156 3380 284 3439 exhibet
308 3380 392 3438 nobis
416 3402 459 3450 ea,
494 3400 568 3457 quae
592 3390 692 3436 arrctor
719 3381 781 3455 ipse
806 3379 890 3449 vidit,
925 3381 972 3436 vel
997 3378 1118 3446 audivit,
1155 3377 1201 3434 vel
1226 3397 1243 3433 a
1265 3374 1409 3453 probatis-

157 3470 245 3527 simis
261 3467 451 3545 scriptoribus
467 3480 614 3524 mutuatus
630 3478 683 3522 est.
707 3466 831 3542 chenti
849 3469 948 3523 statim
965 3465 1084 3544 patebit,
1108 3464 1145 3522 ab
1162 3485 1195 3521 co
1212 3464 1408 3538 couscriptum

157 3576 226 3614 esse
250 3575 322 3632 opus
345 3566 406 3612 tum
431 3554 509 3621 utile,
533 3565 594 3611 tum
618 3552 785 3610 iucundum.
820 3555 969 3611 tlmittens
993 3551 1135 3610 nonnulla
1158 3548 1265 3608 menda
1288 3550 1411 3626 impres-

158 3645 236 3702 aeris
262 3653 331 3718 puto
354 3640 541 3716 corrigendos
564 3659 627 3697 esse
651 3639 724 3696 alios
747 3661 867 3708 errores,
892 3662 949 3698 non
973 3656 1072 3696 tamen
1096 3639 1195 3714 magui
1219 3636 1360 3693 momenti
1385 3654 1410 3692 e.

158 3749 188 3807 g.
203 3731 319 3805 scorpio
336 3727 424 3785 habet
441 3738 555 3784 tautum
579 3747 596 3783 u
607 3747 689 3784 num
714 3728 854 3796 aculeum,
872 3725 922 3784 sed
947 3726 1042 3783 ditas
1061 3725 1217 3800 glandulas
1233 3722 1409 3792 virulentas,

158 3836 222 3874 uon
245 3814 395 3873 timcndae
408 3826 474 3872 suut
498 3835 599 3870 omnes
615 3813 832 3891 scolopendrae,
856 3813 907 3870 sed
920 3824 1034 3870 tantum
1058 3810 1267 3889 scolopendrae
1283 3810 1409 3866 maiores

159 3924 186 3961 e.
208 3924 237 3977 g.
261 3899 454 3979 scolopendra
479 3903 642 3957 mansitans.

267 3989 326 4046 His
349 3990 481 4064 cxcoptis
505 4008 606 4043 omnes
631 4008 676 4043 res
700 3999 776 4042 recte
801 3999 828 4042 ct
853 3986 931 4043 clare
956 3985 1120 4063 descriptae
1145 3995 1220 4041 sunt.
1243 3985 1302 4058 Qui
1320 3984 1410 4059 igitur

158 4076 331 4152 intelligere
365 4075 429 4131 vult
464 4094 506 4134 ea.
541 4094 616 4151 (luae
647 4075 810 4149 Scriptores
845 4075 927 4130 Sacri
961 4095 976 4129 e
1011 4075 1075 4129 vita
1105 4071 1267 4128 incolarum
1299 4070 1410 4127 'l'crrac

156 4162 290 4222 Sanctae
313 4161 564 4239 deprompserunt,
589 4160 741 4236 pervolvat
765 4159 842 4216 hunc
866 4159 1007 4215 libellum.

204 4249 351 4308 (amnesi
374 4269 463 4325 prope.
486 4246 630 4304 Pttbram.
719 4248 751 4302 l'.
777 4241 1002 4306 Frarcciscus
1027 4239 1174 4305 Reiecit.
1199 4246 1231 4301 C.
1256 4246 1306 4299 δι’.
1331 4246 1365 4300 lt.

268 4450 441 4519 StSouc'elc:
470 4449 562 4503 Paul
584 4448 797 4516 Fredcricq
825 4465 843 4499 o
863 4447 1045 4501 sicinciclt
1073 4443 1314 4500 verovestne
1340 4443 1414 4496 cin-

158 4520 273 4573 ncsti
296 4520 405 4573 Rima
428 4535 445 4573 a
467 4520 641 4587 Byzance
667 4534 711 4571 na
737 4516 929 4570 literarni
963 4516 1098 4585 relevo]
1127 4511 1278 4569 ntirodti
1305 4510 1413 4566 obra-

159 4590 281 4658 cenyc
294 4589 312 4642 Ιι
333 4605 378 4642 na
402 4589 563 4642 kiest'an
577 4587 661 4641 stvi
688 4588 745 4651 (De.
765 4587 852 4640 Parrli
874 4586 1038 4654 Fredericq
1060 4584 1231 4644 sententiis,
1251 4582 1410 4651 quomodo

160 4658 263 4713 Roma
274 4666 304 4712 et
313 4656 599 4725 Constantinopolis
612 4660 641 4711 in
651 4656 762 4710 litteris
772 4656 958 4724 populorum
968 4655 1005 4708 ad
1017 4654 1197 4722 religionem
1207 4651 1409 4706 christianam

156 4742 387 4782 conversorum
409 4726 633 4795 promovendis
654 4726 814 4785 differant)
835 4727 982 4788 out-ace
1003 4726 1150 4787 otti-oa&
1171 4723 1317 4776 693-696.
