3450 5342
676 403 872 460 -331-

125 583 281 666 (Malacln
307 586 330 653 1,
351 585 405 650 lt).
432 584 472 640 itt
491 585 576 641 Deus
601 586 724 642 anullo
748 590 882 642 assumit
901 586 1099 655 oblationem,
1132 585 1194 642 nisi
1213 601 1230 640 a
1250 585 1317 641 suis
1337 599 1384 640 sa·

126 653 320 709 cerdotibus
345 655 382 720 (ιῑ
400 658 435 722 μὴ
453 659 496 708 διὰ
519 663 570 710 chr
589 659 678 723 tuctur
697 660 797 722 utros).
822 655 871 713 Ita
896 671 934 711 ue
955 670 1074 724 omncs,
1100 655 1154 725 qui
1173 655 1299 712 nornine
1318 653 1385 710 eius

126 723 279 804 offerunt
303 722 425 804 hostias
448 738 506 794 per
523 725 630 780 Iesum
650 724 813 792 christum
837 672 959 781 chiatus
985 729 1029 794 (ἃς
1047 725 1213 795 sectoriam)
1237 724 1255 780 i.
1275 738 1299 780 e.
1342 738 1388 779 er·

127 792 237 847 fectus
254 806 288 846 iu
306 805 392 848 omni
410 791 477 848 loco
496 799 599 850 terrae
617 794 838 851 achristianis
856 794 889 850 in
908 793 1105 850 Eucharistia
1124 793 1215 865 punis
1234 798 1265 849 et
1283 738 1387 850 caiicis

127 864 191 930 (isti
210 866 362 931 αὑχαριατῑα
378 869 424 915 τοῦ
443 867 522 930 deren
543 869 590 918 ναι
606 872 653 918 cos
669 869 814 933 ποτηρίου),
839 879 950 920 omnes
968 863 989 919 ii
1027 864 1108 920 sicut
1132 863 1222 933 prius
1243 863 1327 918 Deus
1347 867 1388 918 te-

130 935 251 1013 statur,
270 929 337 1001 Ipsi
357 935 431 986 sunt
443 932 534 1002 grati.
553 932 684 988 Hostias
703 949 788 1002 vero,
807 933 929 989 uvobis
948 906 1069 990 chiatus
1090 937 1120 989 et
1139 931 1385 988 asacerdotibus

130 1006 264 1082 restris·
284 1000 439 1081 perfectas
467 1004 512 1068 (δι’
529 1007 637 1058 ἐκείνων
660 1007 729 1071 ὑμῶν
755 1008 846 1072 uptus
863 1005 1021 1084 ηιναμάνας),
1052 1002 1136 1058 Deus
1156 1001 1265 1058 reicit·
1306 1001 1385 1058 Cum

131 1069 327 1151 elusanus
354 1069 404 1125 hic
424 1069 591 1146 Malachiae
616 1074 640 1140 1,
665 1076 696 1127 ii
722 1087 757 1128 ac
776 1072 923 1128 sacrificii
947 1071 1101 1128 incruenti
1127 1079 1159 1127 et
1185 1070 1383 1126 sacerdotum

131 1139 340 1195 Iudaicorum
371 1140 558 1196 mentionem
582 1141 683 1209 faciat,
710 1157 774 1197 non
801 1146 849 1198 est
874 1141 1016 1208 dubium,
1043 1141 1121 1212 quin
1144 1140 1184 1196 de
1213 1138 1387 1196 sacerdotio

132 1208 271 1278 proprio
289 1208 445 1278 loquatur.

149 1347 156 1360 υ
207 1347 214 1360 ι
244 1277 321 1360 ⁸⁹5¹..
352 1277 406 1358 uid
430 1278 587 1350 significat
610 1281 679 1348 ipse
697 1296 722 1336 s.
743 1285 824 1336 mart
848 1279 943 1336 rhis:
972 1278 1114 1350 ’purgati
1139 1279 1237 1334 verbo
1263 1277 1386 1332 invoca·

132 1354 234 1402 tionis
254 1346 324 1402 Filii
362 1362 405 1402 ei«
428 1346 518 1416 libb?
540 1348 588 1403 Er
599 1349 732 1405 modolo
757 1364 817 1405 nen
840 1349 1034 1419 ipatrisiico,
1049 1348 1256 1405 utaitanctor
1269 1351 1385 1412 noster,

132 1417 186 1472 his
207 1415 316 1498 uerbis
334 1416 543 1487 designantur
560 1433 714 1487 personae
733 1366 787 1475 gs.
806 1418 968 1474 Trinitatis
987 1419 1149 1474 invocatae
1167 1417 1200 1473 in
1219 1416 1382 1472 collatione

133 1487 298 1556 baptismi.
327 1485 454 1556 Ergone
478 1502 588 1543 omnes
613 1487 761 1559 baptizati
785 1488 877 1544 etiam
904 1487 1033 1558 proprio
1059 1503 1155 1544 sensu
1184 1485 1385 1542 sacerdotes?

133 1555 218 1623 Non,
238 1554 293 1610 sed
312 1569 422 1636 omnes
442 1557 620 1638 sacerdotes
640 1557 748 1628 utique
766 1557 856 1628 prius
877 1557 1034 1639 baptismo
1054 1555 1222 1627 purgandi.

245 1624 392 1679 Doctrina
417 1640 441 1680 s.
459 1626 507 1680 Au
532 1626 627 1681 ustini
652 1627 710 1682 hac
733 1627 766 1682 in
785 1643 819 1682 re
847 1632 895 1682 est
922 1626 1061 1692 indubia,
1087 1641 1102 1682 s
1127 1625 1234 1681 ectatis
1264 1624 1307 1680 De
1327 1623 1384 1684 cir.

134 1694 195 1750 Dei
214 1694 291 1774 locis
309 1694 328 1748 l.
347 1693 382 1759 X,
401 1709 425 1749 c.
444 1696 488 1761 203
507 1641 661 1764 {xvim
687 1698 731 1762 22;
760 1697 778 1751 l.
798 1696 896 1762 xvn,
916 1712 932 1751 o
956 1697 1025 1762 .20;
1045 1695 1064 1750 l.
1115 1695 1183 1761 XII,
1202 1710 1249 1765 cp.
1267 1695 1293 1760 8,
1311 1710 1342 1749 n.
1360 1695 1386 1749 6.

135 1763 306 1844 Familiare
336 1769 385 1818 est
415 1779 440 1818 s.
464 1764 593 1846 doctori,
623 1765 807 1848 dignitatem
840 1713 1064 1822 noeriorum
1099 1763 1290 1834 coniungere
1314 1779 1384 1818 cuni

135 1838 318 1902 sumptione
338 1849 362 1888 s.
374 1833 597 1890 Eucharistiae.
616 1834 676 1899 Qui
692 1840 822 1890 sumunt
833 1835 994 1892 christum
1014 1835 1046 1889 in
1061 1841 1256 1890 sacramento
1267 1831 1384 1897 altaris

136 1902 207 1984 eius
228 1901 436 1984 sacerdotium
451 1903 598 1984 ‚aliquam
617 1904 649 1959 in
668 1910 789 1974 partem
808 1903 972 1974 accipiunt,
997 1907 1154 1973 quatenus
1173 1903 1326 1958 uniuntur
1345 1900 1381 1968 ei,

137 1987 194 2096 3¹¹¹
214 1971 358 2027 sacrificii
383 1976 432 2028 est
449 1976 611 2028 institutor
635 1973 866 2044 invisibilisque
891 1973 1038 2028 continuo
1059 1979 1210 2042 peractor.
1239 1971 1384 2026 Moretur

161 2040 311 2096 ifficultas
330 2057 368 2096 ex
387 2041 454 2096 loco
482 2043 777 2098 commentariorum
798 2059 823 2098 s.
841 2042 1011 2114 Augustini
1036 2042 1067 2098 in
1087 2045 1111 2097 1.
1128 2041 1203 2112 Reg.
1222 2044 1246 2108 2,
1271 2040 1385 2096 27-36.

138 2111 196 2167 Vir
215 2110 271 2192 Ilei
299 2109 368 2166 Heli
387 2111 530 2166 nuntium
557 2112 596 2166 de
620 2113 708 2168 obitu
726 2111 864 2168 filiorum
886 2119 979 2194 utque
999 2110 1203 2167 translatione
1222 2105 1388 2164 sacerdotii

139 2181 179 2236 ad
209 2195 314 2235 virum
344 2181 516 2236 secundum
544 2196 599 2236 cor
627 2181 682 2237 Dei
710 2181 811 2238 affert.
848 2180 1072 2238 Sublimiorem
1102 2193 1229 2236 sensum
1259 2177 1387 2234 deducit

139 2266 164 2305 s.
184 2250 302 2306 doctor.
327 2249 382 2305 Vir
410 2250 582 2305 secundum
602 2265 656 2307 cor
675 2251 730 2306 Dei
749 2251 897 2307 sacerdos
921 2265 1055 2321 magnus
1075 2255 1122 2306 est
1143 2248 1289 2306 Christus
1308 2249 1386 2316 ipse,

139 2319 178 2374 ad
199 2333 292 2389 quein
312 2319 464 2374 translato
480 2320 655 2375 sacerdotio
668 2321 753 2376 renit
772 2321 919 2377 residuus
931 2319 1064 2376 Aaronis
1084 2333 1122 2374 cx
1143 2317 1246 2386 dome,
1275 2322 1386 2386 petens

140 2404 252 2513 genem
274 2404 375 2456 suuni,
395 2389 461 2443 loco
480 2389 572 2444 etiam
593 2390 886 2447 ultimocontentus.
907 2390 967 2447 Ubi
987 2389 1097 2445 hicest
1117 2403 1221 2444 serino
1234 2387 1274 2444 de
1288 2399 1388 2442 sacer·

162 2458 226 2513 otio
245 2458 373 2582 Broprie
391 2457 444 2513 tali
464 2459 604 2514 omnium
625 2459 789 2516 fidelium?

173 2596 179 2609 ι
273 2543 290 2582 e
315 2526 506 2582 Tertulliano
529 2528 591 2583 iam
618 2529 807 2584 montanista
831 2527 924 2583 nobis
949 2543 1012 2582 non
1038 2534 1086 2584 est
1113 2525 1292 2592 difficultas,
1318 2539 1388 2579 cuni

141 2603 232 2652 et1am
253 2597 310 2652 hac
327 2596 359 2651 in
378 2611 413 2652 re
431 2597 593 2654 erraverit.
620 2598 823 2654 ’Exhortatio
840 2598 880 2653 de
900 2597 1055 2652 castitate
1077 2612 1153 2652 vero
1173 2595 1308 2665 pertinet
1327 2593 1387 2649 iani

141 2667 180 2722 ad
200 2665 432 2722 montanistam.

244 2738 269 2790 2.
288 2736 377 2792 Alter
406 2736 493 2792 locus
518 2735 667 2792 classicus
695 2736 735 2791 de
759 2735 934 2792 sacerdotio
960 2733 1115 2804 spirituali
1140 2739 1189 2789 ost
1214 2749 1238 2788 s.
1259 2731 1343 2788 Petri
1363 2734 1388 2786 i.

142 2822 189 2876 ep.
206 2806 231 2874 2,
252 2809 277 2860 5.
295 2807 320 2861 9.
338 2805 508 2861 dastrebor
528 2805 617 2860 docte
642 2806 756 2887 probat
777 2804 861 2862 aliud
887 2819 957 2860 esse
982 2809 1106 2872 ιαρωαὺνη
1131 2802 1215 2858 aliud
1242 2805 1388 2870 ἱεράτευμα.

143 2875 356 2930 Sacerdotium
398 2890 435 2930 ro
458 2876 506 2929 rio
525 2889 621 2930 sensu
640 2889 672 2929 ιιι
692 2875 817 2945 scriptis
837 2873 1017 2944 apostolius
1037 2873 1171 2928 termino
1196 2875 1319 2940 ῑαρωαίννη
1338 2870 1389 2926 de·

145 2945 295 3014 signatur.
315 2943 345 2999 S.
390 2891 481 2999 auius
500 2943 540 2999 ad
560 2943 723 2999 Hebraeos
733 2947 801 3012 7,Ῑὶ
823 2946 864 2998 12.
877 2946 917 2999 14.
927 2945 970 3000 24.
991 2943 1107 2998 Eadem
1134 2939 1313 2996 differentia
1338 2940 1392 2996 ob·

145 3019 290 3070 servatur
316 3013 408 3068 etiam
436 3016 520 3069 inter
545 3019 694 3082 δικαιοσύνη
718 3018 749 3068 et
769 3020 906 3082 tractuum
936 3013 1024 3068 Rom.
1049 3013 1072 3078 3,
1101 3013 1143 3066 25.
1168 3013 1203 3066 26
1231 3015 1390 3080 οιααιοαῡνη,

145 3093 252 3154 postea
269 3087 293 3151 5,
315 3085 347 3140 16
365 3088 501 3152 δικαίωμα.
521 3083 689 3139 Terminus
708 3090 832 3152 hpuotvip
848 3082 1007 3153 significat
1018 3079 1227 3136 sacerdotium
1241 3079 1341 3134 active
1356 3085 1391 3135 ut

147 3154 302 3218 virtutem,
322 3151 499 3208 facultatem
514 3152 738 3216 sanctificandi,
757 3154 835 3209 alter
850 3167 927 3207 vero
938 3151 1092 3206 terminus
1106 3155 1245 3218 tapsitanus
1262 3149 1390 3218 passive

149 3227 260 3279 statum
277 3221 530 3278 sanctificationis
541 3222 698 3292 exprimit.
716 3221 984 3291 Interntrnmque
997 3235 1098 3276 nexus
1113 3217 1247 3275 causalis
1261 3217 1390 3274 obtinet.

151 3292 290 3348 Prininin
316 3291 426 3348 ordine
449 3296 479 3346 et
505 3296 618 3347 natura
636 3296 684 3346 est
704 3291 913 3347 sacerdotium
936 3289 1061 3359 Christi,
1088 3289 1159 3344 dein
1180 3285 1389 3344 sacerdotium

150 3361 371 3418 hierarchicum
386 3361 522 3431 denique
535 3361 743 3416 sacerdotium
757 3377 772 3416 s
795 3360 927 3415 irituale.
948 3358 1026 3416 Ouin
1041 3359 1073 3414 in
1084 3373 1108 3414 s.
1120 3357 1203 3414 Petri
1224 3358 1237 3411 l
1249 3355 1389 3425 epistola,

148 3434 171 3498 2,
189 3435 213 3488 5.
231 3433 249 3487 9
267 3431 390 3502 legatur
409 3435 555 3512 ῐαράαινμα.
574 3430 716 3501 quaestio
736 3378 838 3485 solita
856 3435 914 3484 est.

250 3501 372 3556 Revera
399 3505 490 3555 etiam
519 3501 551 3554 in
571 3499 745 3570 patrologia
762 3514 825 3555 non
844 3497 981 3554 occurrit
1005 3498 1100 3562 locus,
1125 3511 1188 3565 quo
1208 3500 1331 3564 ιαρωαίννη
1351 3495 1390 3551 de

150 3570 341 3642 simplicibus
359 3569 509 3625 fidelihus
528 3569 657 3624 dicatur.

250 3640 280 3696 S.
300 3638 474 3709 Gregorius
493 3639 587 3708 Nyss.
606 3639 648 3693 ita
667 3636 816 3708 loquitur:
848 3642 877 3690 »ὁ
895 3641 924 3690 as
941 3644 988 3704 τῆς
1007 3639 1136 3702 ἀληθινῆς
1155 3639 1293 3702 tiphonem
1313 3636 1393 3700 λαβό-

149 3731 220 3778 μανας
237 3709 449 3778 (λαμβάμανοςὲι
474 3716 522 3762 καὶ
538 3717 575 3776 τῷ
593 3712 703 3778 μεγάλῳ
722 3713 839 3777 ἀρχιαριῑ
861 3711 954 3760 eutiche
983 3707 1108 3770 συντάξας
1132 3707 1203 3770 μένει
1220 3707 1322 3767 πάντως
1345 3709 1393 3756 καὶ

151 3786 223 3847 nicht
246 3784 329 3847 ἱερεὺς
353 3784 391 3844 ag
412 3783 456 3832 τὸν
481 3784 571 3842 αἰῶνα,
596 3783 684 3832 οὐκέτι
703 3779 810 3845 θανάτῳ
834 3780 980 3844 παραμένει
1003 3781 1040 3841 aig
1058 3779 1087 3827 νὸ
1106 3777 1224 3840 διηνεκὲς
1247 3776 1392 3841 saltuem

150 3851 229 3921 (opp.
255 3850 355 3907 Paris.
375 3849 451 3915 1638,
478 3850 541 3916 ta,
560 3863 589 3917 p.
610 3849 682 3916 179).
708 3846 838 3901 Latinus
857 3845 954 3913 (ibid.)
980 3848 1095 3899 textus:
1123 3841 1199 3906 ›Qui
1218 3847 1321 3896 autem
1342 3847 1391 3897 est

150 3920 186 3974 ab
204 3936 240 3975 eo
258 3923 413 3989 acceptus,
438 3917 622 3988 quiveram
649 3915 838 3971 sacrificium
857 3919 914 3970 est.
935 3958 940 3968 .
961 3958 966 3968 .
986 3937 1007 3968 ,ι
1049 3911 1117 3968 Etsi
1142 3911 1214 3982 quis
1244 3915 1273 3966 »d
1298 3915 1327 3964 tt
1344 3918 1392 3978 τῆς

151 3992 275 4056 clatri-ig
300 3993 438 4056 ῑνρανσίννης
464 3989 621 4054 λαβόμεναςι
651 3984 822 4041 transierat
852 3982 928 4047 »Qui
947 3985 1051 4038 autem
1072 3997 1182 4038 rerum
1202 3979 1391 4036 sacrificium

150 4057 318 4127 assumpsit
332 4101 337 4114 .
351 4081 379 4113 .‹
399 4057 533 4126 ideoque
545 4071 608 4111 non
622 4055 738 4110 referat
756 4055 795 4109 ad
808 4052 968 4110 Christum
981 4051 1150 4107 Dominum
1171 4050 1250 4105 sicut
1261 4049 1392 4106 Latinus

150 4129 300 4198 interpres
320 4127 401 4194 fecit,
421 4126 475 4182 vix
515 4131 598 4181 otest
617 4125 698 4180 seria
716 4139 786 4180 esse
805 4123 986 4178 difficultas.

249 4196 426 4267 Scriptores
439 4142 646 4262 ecelesiastici,
665 4195 705 4250 ab
715 4198 842 4250 auctore
856 4192 909 4248 illo
923 4189 1131 4246 sacerdotium
1144 4203 1309 4244 comiiiune
1323 4203 1393 4258 pro·

151 4273 304 4390 pugnante
314 4264 405 4333 allati,
426 4271 565 4334 ίιρααιυμα
582 4265 648 4320 fere
662 4279 725 4389 8ιο
743 4262 845 4333 gratia
857 4261 914 4316 Dei
927 4267 957 4316 et
971 4261 1126 4330 pendente
1145 4275 1162 4315 a
1177 4257 1391 4324 sacramentis,

171 4337 268 4392 abent.
288 4336 440 4402 Origenes
459 4335 614 4390 affirmat:
646 4359 656 4380 .·
691 4347 779 4388 mnes
804 4331 889 4387 uncti
909 4330 1054 4386 unctione
1084 4328 1181 4384 sancti
1201 4327 1389 4394 chrismatis,

151 4406 323 4461 sacerdotes
342 4404 414 4460 facti
434 4411 517 4474 sunt,
536 4404 616 4458 sicut
636 4418 651 4457 s
681 4402 793 4457 Petrus
813 4445 818 4456 .
839 4442 846 4456 .
864 4425 889 4456 ,α
914 4400 992 4466 (Bib.
1011 4399 1020 4454 i
1041 4399 1185 4471 srjatoot.
1205 4397 1251 4453 ud.
1272 4412 1291 4451 o
1310 4395 1394 4450 susi.

152 4475 268 4547 er'asi,
288 4480 343 4531 str.
356 4476 481 4542 41-42).
514 4473 577 4528 »Tu
595 4472 627 4528 in
642 4472 768 4527 lavacro
789 4469 1016 4550 baptismatis«,
1037 4468 1080 4524 ita
1098 4467 1238 4591 lorluitur
1257 4481 1280 4522 s.
1296 4465 1394 4533 Chry·

153 4549 305 4600 sostomus
328 4543 444 4613 »factus
464 4558 498 4598 es
512 4558 576 4611 rex,
596 4543 743 4598 sacerdos
757 4546 787 4596 et
823 4539 1133 4610 rophetu·(1b.str.f
1153 4542 1171 4604 l.
1194 4536 1393 4592 »Sacerdotes

152 4614 260 4670 veteris
280 4612 484 4681 testamenti«,
503 4612 606 4682 inquit
625 4627 650 4666 s.
669 4610 776 4676 Gyrill.
795 4557 880 4665 Klein.
903 4613 1008 4664 »erant
1020 4605 1219 4688 sanctificati,
1239 4619 1322 4686 aqua
1337 4603 1391 4659 loti

151 4689 178 4740 et
193 4684 260 4739 oleo
279 4684 364 4739 uncti
383 4725 390 4739 .
409 4725 415 4737 .
435 4727 441 4739 .
462 4683 510 4737 lta
528 4688 559 4736 et
577 4697 635 4736 nos
654 4679 925 4750 praesanctificati,
946 4681 1047 4748 gratia
1066 4675 1204 4744 desuper
1221 4678 1332 4742 ornati,
1353 4672 1392 4728 ad

154 4753 369 4824 perfectionem
392 4752 586 4822 spiritualem
607 4749 706 4806 uncti«
728 4751 797 4820 (str.
816 4751 871 4817 47.)
