3450 5342
731 403 900 456 ..41-

192 587 348 646 adiunctus
371 608 478 664 magno
500 589 674 668 euchologio
696 589 792 648 editus
816 592 903 650 simul
919 611 984 650 cum
996 595 1110 650 (lraeca
1126 591 1263 666 originali
1281 591 1429 668 hircosque

191 677 292 752 ignoto
325 688 440 734 etcum
472 679 691 736 commentariis
721 677 850 739 editoris.
881 678 1022 748 Odessus,
1048 679 1129 737 1872
1154 677 1364 752 (Ncmokanon
1388 679 1433 754 pri

192 761 312 820 bol‘sorn
345 761 488 822 ambrrtkt.
520 763 661 843 iadannyj
693 766 807 822 vmdste
836 787 851 822 s
880 765 1044 842 gradeskim
1077 763 1290 844 podlinuikom.
1322 763 1359 822 do
1389 761 1436 838 sib

192 867 245 926 por
274 850 488 927 uciavestnym,
512 853 521 906 i
552 873 566 908 s
593 849 822 928 objaanenijami
850 851 998 928 iadatelja.
1029 852 1152 919 Odessu,
1187 853 1289 928 1⁸72.)
1323 851 1438 910 'taxus

192 933 322 993 Graecus
334 935 431 994 liuius
449 940 660 996 nomoeanouis
676 937 864 997 inscribitur:
889 936 1007 1018 Νομοκ
1019 939 1086 998 iustu
1109 939 1192 1020 ἔχων
1214 939 1346 1004 mivone:
1367 938 1435 998 ’κατ’

192 1021 426 1100 increpuissent»
456 1023 555 1101 ἁγίων
584 1023 768 1086 ἀποστόλων
790 1026 843 1086 καὶ
871 1030 926 1086 τοῦ
948 1024 1087 1104 μεγάλου
1114 1023 1275 1086 Βασιλείου
1298 1025 1349 1084 καὶ
1374 1029 1436 1084 τῶν

191 1108 344 1170 συνόδων.
380 1113 406 1167 Α
441 1110 631 1168 celeberrimo
668 1111 866 1190 byzantologo
900 1111 1044 1170 Zacharia
1077 1111 1114 1170 de
1151 1111 1331 1190 Iringentbal
1364 1111 1434 1187 (Die

191 1195 396 1253 'Handbtlchor
417 1197 470 1254 des
493 1197 669 1274 geistliebeu
695 1199 803 1256 lla-elus
833 1219 885 1258 aus
908 1197 966 1257 den
990 1199 1092 1258 Zeiten
1115 1198 1167 1256 des
1190 1197 1433 1275 untergcbenden

193 1282 440 1361 byzantinisclren
464 1285 579 1342 lieiclrs.
612 1289 653 1342 St.
676 1285 854 1362 Petersburg
881 1287 976 1362 1881)
999 1285 1169 1343 inscribitur
1199 1287 1317 1344 nomina
1348 1287 1435 1364 primi

191 1369 314 1427 editoris
338 1391 442 1448 nempe
468 1372 609 1429 Parieti.

297 1457 331 1514 ln
354 1460 449 1534 prima
479 1457 608 1516 editione
639 1462 848 1518 nomocanonis
879 1479 905 1516 a.
931 1461 1011 1516 tut-2
1045 1457 1180 1516 utebatur
1203 1459 1317 1515 l’avlov
1348 1461 1434 1516 unico

191 1545 389 1622 manuscripto
412 1543 535 1607 liraoco,
570 1567 656 1623 spuunt
687 1557 837 1604 assecutus
867 1557 930 1604 erat
964 1543 1095 1603 (ldessae
1130 1545 1167 1602 ab
1201 1544 1435 1604 archimandrita

194 1629 227 1686 Ε.
253 1629 393 1688 l’ulisma.
426 1635 464 1688 A.
503 1635 581 1689 ltili?
617 1631 773 1690 subsecuta
805 1646 850 1690 est
884 1631 1012 1690 secunda
1046 1631 1137 1689 editio
1171 1631 1302 1690 eiusdem
1338 1636 1433 1710 operis

192 1716 392 1789 (blosseviaet,
416 1721 446 1775 iu
462 1740 521 1796 qua
536 1740 604 1776 usus
619 1732 663 1776 ost
680 1731 795 1796 praeter
810 1719 893 1778 illum
915 1719 1009 1776 tribus
1032 1717 1245 1797 antiquioribus
1269 1729 1297 1776 et
1321 1717 1433 1776 duribus

192 1804 402 1862 recentioribus
434 1808 650 1882 manuscriptis.
684 1805 767 1863 Nihil
803 1808 892 1882 igitur
925 1808 1038 1874 mirum,
1074 1808 1097 1862 si
1133 1805 1191 1862 alia
1226 1809 1437 1864 commentaria

191 1891 281 1948 aliam
313 1893 434 1949 sormam
467 1891 633 1950 induerunt.
668 1893 733 1950 Hoc
763 1913 835 1970 opas
866 1894 998 1950 Pavlov'i
1030 1893 1104 1950 niltil
1128 1891 1210 1950 dubii
1236 1893 1374 1970 relinquit
1398 1893 1435 1950 da

191 1978 305 2052 origine
328 1993 355 2034 et
380 1979 503 2037 historia
526 1983 745 2038 nrtmocanouis.
769 1979 828 2038 llic
850 1999 1045 2038 nomocanon.
1068 1989 1151 2058 prout
1173 1981 1203 2037 in
1220 1978 1435 2038 introductione

191 2067 355 2141 exponitur.
379 2065 485 2142 prodiit
509 2065 606 2124 medio
629 2087 703 2124 saec.
726 2066 795 2124 xl.
820 2070 850 2124 in
875 2067 1061 2124 monasteriis
1084 2057 1328 2126 muntis'rlthos:
1360 2085 1435 2124 saec.

193 2154 326 2228 sequenti
352 2173 452 2210 vorsus
475 2166 518 2209 est
540 2156 570 2210 in
586 2154 717 2230 linguam
730 2153 881 2212 Slatn'cam
901 2150 1086 2230 (neritia-arn),
1108 2173 1183 2230 «puae
1206 2156 1303 2211 versio
1326 2151 1435 2211 deinde

194 2239 328 2314 pervenit
351 2237 389 2296 ad
412 2240 571 2298 monachos
597 2240 794 2315 Kijovienses.
1396 2245 1398 2250 ’

296 2325 393 2382 llinus
423 2341 520 2384 autem
542 2326 615 2384 felix
639 2337 702 2386 erat
724 2327 839 2386 Pavlov
862 2330 893 2384 in
917 2325 1126 2402 investiganda
1159 2328 1300 2384 relatione
1332 2347 1431 2384 uomo-

189 2414 310 2468 eanouis
334 2413 474 2470 Athonici
498 2412 537 2470 ad
560 2436 609 2470 eos
632 2435 847 2474 uomocanones
880 2413 1113 2492 poenitentiales,
1148 2416 1196 2492 qui
1230 2413 1429 2472 inscribuntur

191 2499 309 2556 nornine
339 2499 457 2558 loannis
489 2501 655 2558 Nestentae.
690 2503 725 2558 In
749 2513 871 2580 utraque
894 2521 999 2578 nempe
1023 2499 1152 2558 editione
1176 2503 1272 2578 operis
1295 2501 1432 2578 opinatur

191 2596 219 2641 et
235 2583 435 2643 demonstrare
451 2586 547 2644 studet
565 2587 629 2644 illos
648 2607 871 2658 cameracenae,
895 2590 944 2665 qui
962 2587 1159 2646 inscribuntur
1176 2589 1293 2645 nomino
1313 2588 1431 2646 loannis

192 2673 352 2730 Nestoutae
382 2695 433 2730 seu
465 2675 647 2735 leinnatoris,
681 2675 786 2732 saltem
816 2677 847 2732 iu
880 2673 1086 2732 essentialibus
1121 2673 1252 2752 partibus
1289 2677 1433 2748 originem

191 2778 273 2816 snum
290 2758 410 2817 duxisse
428 2760 465 2816 ab
491 2761 601 2818 loanne
625 2761 768 2818 Nesteuta
790 2764 884 2839 primo
907 2763 1093 2818 oecumenico
1117 2761 1287 2838 patriarcha
1311 2762 1430 2838 (592-

192 2845 275 2903 5951.
302 2846 416 2904 lleinde
439 2849 575 2923 opinatur
597 2857 728 2926 systema
749 2847 924 2925 disciplinae
948 2848 1167 2926 poenitentialis
1185 2850 1214 2906 in
1232 2867 1431 2906 nomocanoue

194 2932 353 2990 Nesteutue
375 2947 403 2990 et
428 2935 576 2991 Athonis-o
598 2955 662 2990 esse
684 2935 804 2992 omnino
827 2935 932 2996 simile.

297 3019 389 3078 Priori
414 3023 476 3078 eius
499 3023 663 3078 srrrteutiae
678 3023 812 3098 opposuit
828 3042 859 3079 se
876 3021 912 3078 N.
936 3022 1111 3078 Surorov
1135 3022 1276 3078 evincens
1300 3019 1430 3097 pluribus

192 3099 361 3165 rationibus.
386 3127 600 3166 nomocanones
624 3105 784 3165 Nesteutae
806 3106 923 3165 demam
948 3127 1022 3167 saec.
1043 3107 1096 3164 tx.
1121 3109 1150 3164 in
1173 3107 1269 3165 lucem
1289 3107 1431 3184 prodiisse

192 3191 346 3267 (Savorov.
380 3195 407 3250 li
431 3215 555 3272 voprosu
579 3216 596 3250 o
619 3193 783 3271 zapadnom
814 3194 931 3270 vlijanii
965 3214 1003 3252 na
1033 3193 1143 3251 drevne
1175 3194 1295 3252 nusskoe
1333 3215 1432 3270 pravo

191 3279 353 3337 ‚iaroslavl
378 3283 467 3341 1⁸93.
495 3317 526 3324 -
555 3303 581 3358 p.
606 3285 667 3338 191
684 3301 748 3360 sqq.
766 3315 806 3324 —
822 3296 849 3338 ct
873 3317 907 3324 -
928 3281 1040 3358 l'opros
1056 3301 1072 3338 o
1091 3279 1296 3338 namekanonli
1322 3282 1433 3338 loauna

191 3366 337 3424 Posrnika
361 3389 378 3422 t·
402 3371 488 3442 rrovoj
515 3368 706 3446 postanovke.
728 3368 899 3426 daroslavl‘.
926 3366 1029 3441 1998.)

297 3455 506 3512 lliversitatem
530 3469 627 3513 utitem
650 3454 825 3532 disciplinae
838 3455 1059 3532 poetritontialis
1075 3455 1104 3510 iu
1122 3471 1321 3511 nomocauono
1342 3452 1435 3510 ,111ιο-

192 3543 258 3596 nico
281 3540 317 3597 ab
335 3541 393 3603 illa.
418 3563 504 3619 quarn
522 3541 662 3620 praebent
687 3561 902 3600 nomocanones
926 3541 1094 3610 Nesteutae,
1116 3539 1299 3598 demonstrat
1323 3540 1434 3597 Berd-

192 3627 313 3684 niltor
336 3629 372 3704 (l.
397 3631 424 3684 S.
451 3627 629 3691 Berdnikov‚
657 3629 701 3686 l'o
723 3627 839 3706 povodu
862 3639 983 3706 vtorogo
1007 3625 1137 3702 iudanija
1161 3625 1366 3684 nomokanona
1389 3629 1432 3704 pri

193 3712 338 3790 trebnikll.
364 3716 476 3772 Kazan‘
502 3717 583 3773 1899
610 3750 647 3758 —-
674 3737 699 3792 p.
723 3717 763 3772 49
787 3737 830 3793 sq.
854 3715 917 3790 ψ).

298 3801 414 3858 lavabit
438 3804 624 3879 quaestiones
647 3802 684 3858 de
707 3801 791 3860 libris
814 3800 1074 3880 poenitentialibus
1105 3799 1248 3858 ecclesiae
1282 3800 1434 3857 orientalis

193 3887 295 3946 ordine
325 3888 451 3966 quodam
482 3890 671 3966 systematico
702 3909 863 3966 proponere
894 3899 921 3948 et
946 3885 1100 3945 innitendo
1132 3885 1266 3944 adductis
1299 3885 1435 3957 operibus

192 3985 343 4052 tamqnam
365 3975 556 4033 fundamento
578 3986 766 4053 pertractare.
1234 3973 1279 4047 (P.
1301 3973 1350 4046 tr.)

973 4071 1182 4138 Demetrius
1205 4071 1392 4140 Jaremto.

297 4228 333 4295 P.
347 4201 497 4312 Pt‘rttup
510 4232 674 4312 [l'ierlingl
690 4231 816 4297 Hosne
829 4232 1032 4315 aareplaarr
1043 4249 1063 4296 o
1074 4251 1199 4296 taraus
1225 4251 1247 4295 rr
1263 4235 1439 4297 asarena-

191 4335 303 4384 notuit
326 4321 450 4385 flaura
472 4319 750 4402 Pailrettdtenaca
774 4320 891 4397 [Nov'ye
909 4321 1064 4398 materialy
1080 4341 1097 4377 o
1112 4323 1210 4378 tianii
1236 4319 1437 4395 ddjatel'nosti

191 4407 312 4465 Jakovu
343 4408 554 4484 asjtenfotsat.
578 4407 703 4466 noskva
729 4411 809 4464 tout
835 4409 890 4482 (et
914 4409 952 4484 p.)
978 4403 1066 4471 Nova
1089 4403 1129 4471 do
1146 4403 1296 4472 materia
1311 4405 1351 4470 aa
1368 4403 1437 4472 utta

191 4492 226 4560 et
249 4491 359 4577 pestis
383 4492 493 4560 iacobi
519 4491 722 4558 Rautentets.

295 4582 418 4640 lacobus
443 4582 614 4658 llojtent'el's
638 4581 835 4656 (laurentes)
858 4579 1019 4637 catholicus
1037 4582 1067 4636 in
1084 4577 1247 4638 Curlaudia
1265 4591 1357 4640 natus.
1384 4582 1434 4656 qui

191 4667 228 4724 ab
250 4689 276 4727 a.
303 4673 448 4728 tati-:t
475 4670 641 4726 Moscoviae
665 4668 767 4738 luerat,
798 4668 881 4725 varia
912 4667 1011 4736 suasit,
1035 4665 1140 4744 quibus
1164 4687 1209 4723 res
1232 4665 1378 4724 catholica
1402 4669 1432 4724 iu
