3450 5342
834 469 1003 522 ..28-

296 657 409 733 potiora
444 657 475 712 iu
506 653 691 732 quadruplici
725 656 909 732 oppositione
943 655 1086 712 collocat:
1122 649 1159 712 Iu
1193 667 1352 734 systemate
1389 651 1538 712 rabbiuieo

287 744 408 800 'iustitia
432 763 450 798 a
472 741 603 818 quolibet
627 743 753 820 propriis
777 741 889 799 viribus
912 743 1075 819 comparari
1107 761 1191 820 posse
1215 741 1341 800 traditur
1364 775 1403 784 —
1429 751 1539 800 eontra-

294 831 370 886 rium
388 827 476 886 babet
492 829 618 901 Paulum
643 827 760 886 rabbini
779 827 894 893 docent,
919 827 1129 906 redemptionis
1151 837 1311 888 extraneae
1334 831 1538 886 necessitatem

295 914 480 974 statuendam
505 936 564 973 uon
586 935 650 973 esse
678 950 714 958 -
739 935 814 992 quae
838 917 961 972 assertio
976 914 1070 974 Paulo
1085 917 1210 972 infamia
1225 927 1286 976 est:
1310 935 1405 993 neque
1429 915 1539 972 redem-

294 1005 425 1080 ptionem
440 1022 505 1059 eum
524 1004 633 1060 Messio
647 1004 812 1060 necessario
827 1021 991 1060 connexam
1010 1002 1159 1061 tenebant.
1182 1001 1235 1059 sed
1251 1004 1346 1080 potius
1362 1004 1537 1080 principium

297 1089 444 1166 quoddam
476 1088 512 1146 de
542 1087 718 1168 aequilibrio
750 1091 927 1146 iustitiarurn
951 1100 978 1145 et
1003 1090 1287 1166 praevaricationum
1319 1089 1417 1167 populi
1451 1089 1538 1146 lsrael

294 1174 471 1237 statuebant,
502 1196 592 1252 penes
623 1197 710 1254 quern
741 1190 817 1233 esset
848 1175 1003 1234 thesaurus
1026 1177 1202 1233 iustitiamm
1227 1174 1536 1253 superabundantium.

294 1283 368 1340 quas
399 1262 598 1342 peccatoribus
630 1284 648 1320 a
674 1262 793 1323 Iudaeis
823 1261 1071 1320 descendentibus
1101 1264 1282 1340 appropriari
1314 1261 1475 1320 credebaut
1500 1297 1536 1304 -

294 1350 401 1427 quibua
423 1348 559 1407 omuibus
589 1349 781 1408 vehementer
811 1349 986 1408 contradicit
1010 1348 1136 1420 Paulus3
1168 1349 1288 1406 taudem
1317 1349 1444 1406 Messiae
1467 1369 1537 1406 crux

294 1436 413 1494 ludaeis
436 1436 555 1514 quidem
579 1436 759 1495 scandalum.
783 1436 877 1494 Paulo
900 1447 997 1494 autem
1021 1439 1121 1494 omnia
1143 1446 1213 1494 erat.
1252 1435 1319 1511 Qua
1342 1438 1457 1494 ratione
1481 1439 1537 1493 iarn

294 1525 326 1580 in
349 1534 532 1581 antecessum
557 1524 671 1580 iirmrun
696 1533 747 1583 esti
771 1522 850 1600 quod
885 1525 933 1594 „iu
958 1523 1106 1600 theologia
1129 1523 1282 1582 rabbiuiea
1307 1543 1401 1600 neque
1426 1521 1538 1581 redem-

293 1613 387 1687 ptioni
419 1631 513 1687 neque
544 1610 745 1668 iustificationi
769 1609 845 1666 allas
870 1610 949 1667 locus
972 1610 1089 1668 relictus
1113 1623 1165 1675 est,
1197 1611 1266 1686 quio
1290 1611 1408 1666 termini
1433 1611 1483 1667 isti
1506 1613 1535 1666 io

293 1699 358 1774 ipsa
374 1698 493 1754 omuino
509 1708 610 1754 eontra
627 1696 806 1754 intellectum
823 1697 1014 1756 eluistianum
1032 1697 1234 1776 explicantrrr“
1255 1707 1285 1774 tp
1314 1699 1398 1756 :urla
1422 1695 1536 1772 Quibus

293 1785 324 1842 in
348 1805 455 1859 grutere
488 1783 657 1862 praelibatis
688 1782 725 1842 ad
755 1794 958 1860 argumentum
991 1783 1149 1842 seeundum
1180 1783 1342 1858 singmmia
1373 1787 1472 1860 capita
1499 1803 1534 1840 ex

293 1870 396 1928 ordine
419 1871 614 1928 evolvendum
639 1872 753 1928 transit.
786 1870 889 1948 ltaque
913 1872 1055 1948 expositis
1080 1871 1162 1928 l'alsis
1186 1868 1373 1927 rabbinorum
1398 1870 1435 1928 de
1459 1881 1534 1928 statu

292 1956 421 2015 hominis
455 1959 594 2032 originali
627 1958 809 2028 commeatis,
843 1959 902 2014 acsi
933 1966 1037 2016 natura
1068 1957 1197 2014 humana
1229 1959 1259 2014 ia
1291 1957 1367 2014 bono
1398 1971 1427 2015 et
1458 1956 1533 2014 molo

288 2044 408 2102 condita
438 2060 522 2109 esset,
555 2058 657 2102 contra
689 2043 854 2102 Pl'leirlerer
885 2041 950 2122 (der
982 2041 1203 2122 Pauliuismus),
1237 2045 1273 2101 A.
1298 2045 1330 2101 B.
1355 2045 1449 2101 Bruee
1480 2047 1527 2112 tbi.

287 2132 387 2189 Paul‘s
403 2133 586 2208 t'oueeption
609 2130 876 2209 ollllrristianity),
902 2133 935 2187 (Σ
952 2129 1144 2188 Weiasttcker
1167 2142 1195 2188 et
1219 2131 1293 2188 alios
1317 2133 1386 2206 agit,
1411 2152 1532 2210 quorum

286 2219 404 2275 criticas
427 2220 458 2275 in
484 2223 510 2276 l.
534 2219 600 2278 (lor.
626 2222 673 2281 15,
698 2219 824 2280 ter-ts
850 2217 1051 2276 divinationes
1074 2221 1208 2292 castigat,
1238 2221 1308 2275 item
1333 2219 1408 2274 ltom
1433 2221 1460 2278 5.
1487 2220 1533 2274 13.

290 2307 338 2362 14.
362 2327 427 2364 eum
453 2306 479 2375 ti,
505 2309 553 2362 aa.
578 2305 615 2362 ab
638 2304 776 2362 inanibus
800 2319 828 2361 et
852 2305 1025 2382 praefractis
1049 2304 1221 2382 multiplicis
1252 2306 1359 2382 speciei
1388 2306 1534 2382 opinatio-

286 2391 372 2449 nibus
396 2391 529 2449 vindieat
553 2399 640 2470 titique
664 2391 801 2459 ostendit,
826 2393 958 2466 integrae
976 2391 1060 2449 Pauli
1084 2391 1332 2468 argumentationi
1356 2391 1531 2450 catholicam

284 2477 323 2536 de
353 2480 523 2537 iuuoeeutia
557 2479 695 2552 originali
730 2477 893 2536 doctrinam
929 2476 1056 2536 subesse,
1100 2477 1185 2555 Quae
1220 2481 1388 2536 innocentia
1423 2480 1531 2536 amissa

284 2581 329 2622 est
361 2587 412 2642 per
441 2566 596 2643 personale
627 2578 779 2643 peceatum
811 2565 896 2622 Adae
927 2577 1029 2623 contra
1060 2565 1155 2640 legem
1187 2566 1350 2623 naturalem
1381 2575 1531 2623 aeternam

285 2655 525 2728 praevaricantis,
550 2655 595 2711 eui
614 2653 673 2728 logi
688 2662 826 2709 aeternae.
843 2654 1012 2730 supervenit
1041 2651 1138 2724 „lexa
1161 2671 1236 2730 quam
1261 2651 1388 2710 intendit
1413 2651 1530 2730 quidem

286 2741 398 2815 peceati
423 2741 546 2816 eulpam,
571 2739 731 2797 sedetiam
755 2738 933 2796 desiderium
957 2737 1177 2816 redemptionis,
1203 2739 1312 2796 Christi
1339 2753 1436 2796 autern
1460 2758 1531 2816 opus

284 2834 314 2882 et
337 2827 431 2900 gratia
455 2828 526 2883 vicit
551 2838 711 2902 praeratum,
735 2840 762 2882 et
786 2835 871 2903 prout
894 2840 937 2883 est
961 2828 1108 2883 intensum
1141 2847 1192 2902 per
1227 2827 1358 2900 „legemss
1395 2836 1423 2882 et
1447 2835 1529 2903 prout

284 2921 330 2970 est
353 2914 560 2971 universaliter
581 2923 736 2971 extensum
760 2927 878 2989 propter
901 2914 996 2988 legem
1020 2927 1178 2970 aeternam.
1213 2911 1328 2986 Quibus
1357 2914 1529 2970 certissimis

283 2997 425 3056 doctrinis
459 3003 482 3056 si
519 2999 684 3057 Pl'leiderer
715 3011 743 3056 et
778 3000 811 3057 O.
846 2999 970 3057 Clemen
1010 2997 1263 3067 „selrlummernde
1299 2999 1524 3075 'linbeiliplreiv

285 3097 442 3163 opponunt.
477 3107 534 3144 non
569 3086 843 3144 animadverterunt
864 3087 944 3144 llum.
970 3089 997 3148 Ἰ,
1023 3089 1129 3143 7-11)
1152 3107 1210 3144 nou
1234 3088 1335 3144 referri
1359 3085 1397 3143 ad
1420 3097 1526 3144 statum

283 3173 466 3249 originalem.
498 3172 548 3230 sed
572 3173 703 3231 evidenti
729 3194 806 3230 nexu
830 3194 894 3230 eum
922 3173 1106 3250 legislatione
1130 3175 1275 3230 Sirraitiea
1302 3173 1468 3241 cohaerere,
1500 3181 1528 3229 et

282 3259 360 3337 qnod
384 3259 493 3317 ibidem
518 3281 612 3318 sermo
636 3272 679 3318 est
703 3259 739 3316 tle
763 3272 840 3317 statu
872 3262 1019 3338 empirica
1053 3261 1103 3337 qui
1135 3262 1215 3318 omni
1238 3261 1412 3337 exceptione
1436 3260 1528 3317 maior

283 3344 420 3420 (Mariallt
453 3351 489 3404 sit
515 3369 609 3425 neque
634 3367 787 3423 supremae
821 3349 1008 3423 quaestiones
1043 3347 1290 3422 lramartologicae
1324 3345 1528 3404 discutiuntur.

284 3433 388 3510 Neque
428 3435 541 3491 l'elieim
583 3435 637 3491 lirit
673 3433 808 3490 Sabatier
848 3436 876 3491 in
912 3433 967 3492 loci
1013 3435 1097 3492 liuius
1139 3437 1322 3511 expositione
1366 3433 1528 3510 (llorigine

282 3519 322 3577 du
345 3519 460 3598 peche),
484 3525 534 3599 qui
558 3541 659 3580 sanant
683 3519 802 3599 quidem
827 3519 938 3578 studuit
962 3533 1061 3578 tenore
1085 3524 1225 3580 criticam.
1251 3521 1359 3579 malam
1384 3540 1453 3577 vero
1477 3519 1527 3576 arl-

281 3606 379 3665 bibuit
395 3609 521 3682 logicam
545 3623 574 3665 et
597 3608 793 3675 dialecticam,
817 3627 882 3664 eum
906 3610 1069 3683 categorias
1094 3616 1147 3666 rori
1170 3629 1233 3666 esse
1258 3623 1285 3665 et
1310 3604 1364 3668 torf·
1387 3606 1527 3684 possibile

286 3695 439 3751 eoniirndit
471 3708 498 3752 et
530 3698 626 3773 reipsa
663 3715 721 3752 non
756 3694 902 3751 ,ldaumm
939 3705 1051 3751 tantum
1083 3694 1133 3751 sed
1158 3695 1319 3771 quemlibet
1344 3705 1526 3772 peecatorem

285 3789 389 3858 typum
413 3783 524 3840 <finisti
556 3782 652 3840 dicere
677 3783 798 3858 cogitur,
834 3779 912 3858 qaod
947 3781 1068 3838 multum
1104 3780 1187 3838 abest
1210 3803 1227 3839 a
1250 3795 1348 3839 mente
1376 3791 1405 3839 et
1429 3781 1527 3838 verbis

282 3866 378 3926 Pauli.
425 3870 588 3926 Mortalitas
612 3868 731 3946 quidem
763 3878 792 3925 et
814 3871 926 3944 peccari
959 3869 1032 3925 ratio
1064 3888 1141 3925 nexu
1173 3868 1327 3926 individuo
1359 3869 1525 3930 eoba-erent,

282 3951 415 4030 ἁμαρτία
440 3966 467 4011 et
491 3955 668 4033 παράβασις
691 3954 810 4033 quidem
839 3965 906 4011 sunt
931 3955 1114 4022 simultanea,
1150 3957 1263 4030 origine
1287 3977 1356 4013 vero
1383 3957 1460 4033 prior
1483 3971 1526 4012 est

282 4040 466 4117 παράβασις,
491 4044 566 4099 sieut
588 4043 668 4118 prior
691 4041 832 4099 estildae
856 4043 954 4118 xpina:
976 4061 1064 4118 quma
1088 4043 1217 4099 omnium
1233 4043 1419 4120 κατάκρισα.
1443 4043 1524 4102 llam.

282 4126 298 4178 7
324 4126 482 4202 Apostolus
514 4130 543 4184 in
568 4128 631 4185 luce
656 4129 845 4186 revelationis
878 4128 1069 4204 evangelicae
1101 4128 1268 4186 considerat
1291 4149 1447 4206 personam
1473 4129 1525 4186 hu-

280 4230 398 4268 manam
423 4215 453 4269 in
475 4235 581 4288 genere
605 4216 730 4273 intluxui
754 4216 867 4291 gratiae
891 4214 1077 4274 subtractam.
1096 4216 1170 4271 (lum
1195 4215 1281 4292 σάρξ.
1305 4219 1351 4274 eui
1374 4227 1525 4293 peccatum
1596 4247 1597 4250 ¹

280 4296 423 4361 inhaeret.
448 4321 537 4358 annm
561 4304 720 4360 constituat
740 4311 905 4378 camparte
928 4302 1057 4358 lromiuis
1074 4302 1217 4378 spirituali
1240 4313 1267 4358 et
1286 4301 1396 4360 bomini
1414 4303 1526 4380 simpli-

279 4386 352 4442 citer
375 4391 586 4464 approprietur,
621 4390 723 4466 nequit
746 4410 809 4444 esse
833 4388 903 4445 mali
928 4408 1016 4445 carisa
1047 4387 1093 4445 vel
1117 4388 1202 4446 sedes
1224 4390 1356 4468 physice
1391 4389 1442 4448 sed
1466 4411 1525 4448 mo-

279 4471 381 4528 raliter
411 4486 524 4531 tantam
547 4474 655 4534 dieitur
678 4475 763 4545 mala,
797 4484 941 4552 quatenus
965 4473 1023 4532 val.
1048 4477 1078 4532 in
1111 4475 1180 4534 boui
1204 4479 1376 4534 executione
1408 4489 1525 4554 propter

280 4560 475 4636 corruptelam
499 4564 615 4635 generis
639 4562 761 4619 immani
784 4573 903 4637 peccato
926 4563 1065 4637 originali
1090 4561 1242 4621 inductam
1267 4565 1397 4640 ineptum
1420 4559 1525 4622 instru-

279 4656 409 4703 mentum
434 4667 497 4704 esse
521 4648 692 4706 ostenditur.
738 4645 827 4725 Σάρὲ
851 4650 929 4705 iners
953 4658 996 4705 est
1020 4664 1048 4704 et
1073 4651 1192 4726 passiva
1215 4643 1335 4727 totaque
1359 4653 1522 4708 immutatio

279 4730 371 4804 ipsias
396 4735 425 4788 in
449 4755 483 4789 eo
507 4745 558 4797 est..
582 4736 660 4812 quod
684 4755 720 4791 es
739 4736 931 4791 instrumento
948 4737 1067 4812 spiritus
1091 4737 1120 4792 lit
1146 4739 1372 4795 instrumentum
1396 4737 1437 4816 (et
1458 4736 1525 4794 sub·
