3450 5342
748 478 916 532 -tll—

207 663 415 744 presbyteros
431 681 496 725 non
512 665 622 726 unitos
638 665 820 743 generatim
836 663 943 727 adbuc
961 665 1021 728 frui
1042 671 1203 743 potestate
1227 663 1455 728 confirmandi.

202 749 273 828 ,sert
303 751 404 814 etiam
434 749 514 812 haec
543 753 682 814 assertio
712 769 770 832 per
798 749 969 830 complura
1004 769 1162 832 responsa
1184 768 1207 813 s.
1232 747 1337 814 Officii
1360 759 1455 814 extra

207 854 342 900 omnem
365 836 602 900 dubitationem
625 845 675 900 est
698 838 813 917 posita.
838 836 879 902 Ut
899 855 1003 900 unum
1026 837 1216 918 exemplum
1242 835 1456 916 proferamus,

204 942 285 986 cum
314 933 401 986 esset
430 926 676 1003 interrogatum,
706 941 787 988 num
817 925 1017 988 schismatici
1049 925 1198 988 conversi
1228 923 1270 988 ad
1293 925 1453 988 unitatem

206 1011 365 1074 ecclesiae
400 1012 525 1090 possint
558 1011 666 1074 denuo
699 1012 762 1074 sub
794 1009 981 1074 conditione
1015 1009 1211 1088 confirmari,
1248 1029 1271 1074 s.
1303 1007 1455 1074 Officium

140 1108 143 1112 ·
207 1099 378 1176 respondit
400 1097 428 1161 3.
452 1096 521 1160 Iulii
549 1097 648 1163 1853:
684 1098 773 1162 »Non
798 1095 959 1178 expedire,
983 1097 1070 1178 quod
1093 1095 1278 1160 confirmati
1302 1115 1322 1159 a
1344 1115 1454 1162 sacer-

207 1183 340 1248 dotibus
370 1184 587 1248 schismaticis
616 1183 724 1248 denuo
756 1186 912 1248 liniantur
942 1193 1015 1266 post
1045 1183 1185 1248 reditum
1208 1184 1249 1249 ad
1273 1185 1453 1262 unitatem;

206 1279 240 1334 et
263 1269 306 1332 ad
328 1279 501 1334 mentem«
537 1271 631 1334 Mens
661 1280 775 1336 autem
802 1289 843 1336 ea
873 1289 944 1335 esse
976 1270 1171 1349 declaratur,
1204 1279 1240 1333 ut
1263 1271 1294 1333 in
1318 1272 1453 1336 casibus

207 1357 460 1436 particularibus
482 1360 655 1439 episcopus
677 1376 713 1422 se
732 1358 888 1422 informet
910 1358 949 1422 de
972 1358 1053 1435 loco,
1077 1359 1133 1422 ubi
1156 1357 1306 1422 conversi
1328 1355 1452 1422 fuerint

205 1445 384 1507 chrismate
414 1443 557 1508 delibuti.
592 1446 627 1508 si
659 1443 755 1510 fuerit
785 1448 817 1508 in
841 1445 993 1524 Bulgaria
1024 1445 1074 1510 vel
1098 1445 1131 1508 in
1155 1443 1269 1524 Cypro,
1302 1443 1453 1508 initalia

209 1529 260 1594 rel
282 1532 315 1592 in
338 1532 454 1594 insulis
476 1531 703 1596 adiacentibus
724 1533 776 1596 vel
799 1533 888 1614 apud
910 1531 1089 1596 Maronitas
1113 1531 1233 1610 Libani,
1257 1531 1308 1594 vel
1331 1533 1362 1593 in
1380 1531 1454 1596 aliis

206 1615 297 1694 lociS,
322 1617 375 1680 ubi
399 1619 477 1681 talis
499 1616 640 1682 facultas
666 1637 872 1698 expresse
902 1621 945 1682 sit
967 1625 1129 1695 revocata
1161 1617 1279 1682 debere
1302 1617 1454 1681 absolute

206 1703 277 1768 fieri
301 1702 630 1770 reconfirmationem.
653 1704 687 1770 Si
710 1704 807 1770 fuerit
830 1708 862 1768 in
879 1705 1037 1768 Valacbia
1056 1705 1107 1770 vel
1124 1705 1296 1782 lloldavia,
1319 1707 1351 1768 in
1376 1707 1454 1768 rlsia

207 1790 259 1854 vel
282 1791 315 1853 in
338 1790 411 1854 aliis
433 1791 523 1870 locis,
552 1792 608 1856 ubi
638 1793 713 1856 talis
741 1790 882 1856 facultas
905 1810 970 1856 non
994 1792 1091 1855 fuerit
1114 1809 1267 1870 expresse
1289 1801 1453 1870 revocata,

206 1879 402 1956 acquiescat.
437 1877 472 1942 Si
502 1877 669 1944 dubitetur
698 1879 739 1944 de
767 1879 848 1955 loco,
880 1879 919 1942 de
951 1879 1049 1942 modo
1081 1879 1131 1942 vel
1162 1875 1202 1942 de
1226 1879 1291 1942 alia
1313 1879 1454 1942 circum-

207 1966 330 2028 stantia
360 1965 620 2031 consideratione
651 1966 756 2045 digna,
791 1973 957 2030 »recurrat
979 1969 1012 2028 in
1037 1965 1168 2028 casibus
1201 1963 1453 2044 particularibus

205 2061 240 2112 et
262 2052 413 2114 consulat
436 2052 649 2118 Benedictum
671 2053 750 2117 XIV.
770 2052 812 2117 de
834 2054 959 2133 synodo
983 2051 1122 2116 dioeces.
1137 2053 1154 2114 l.
1172 2051 1244 2119 Vll..
1267 2071 1293 2114 c.
1310 2053 1328 2114 7
1346 2069 1406 2114 ss«
1427 2051 1452 2134 ¹)

206 2137 403 2202 Benedictus
424 2135 502 2202 xlv.
517 2141 535 2202 l.
551 2142 602 2204 cit.
619 2159 645 2204 c.
669 2140 698 2218 9,
730 2160 760 2204 n.
784 2139 805 2203 2
827 2142 912 2202 inter
943 2139 1008 2202 alia
1040 2139 1169 2204 scribit:
1208 2139 1380 2202 »asserere
1395 2189 1400 2200 .
1414 2187 1420 2200 .
1435 2187 1451 2216 .,

206 2235 452 2289 sacramentum
486 2227 744 2290 confirmationis
785 2227 829 2290 ab
869 2227 1006 2290 ecclesia
1042 2226 1167 2290 Graeca
1201 2242 1287 2287 nunc
1323 2226 1453 2300 penitus

205 2311 349 2390 exulare,
383 2313 495 2376 multis
527 2314 715 2377 nominibus
737 2314 1011 2378 absurdissimum
1035 2322 1122 2378 recte
1145 2311 1289 2376 ostendit
1311 2309 1452 2375 Goarius

206 2399 240 2460 in
270 2401 339 2462 suis
367 2403 453 2463 notis
483 2399 526 2463 ad
557 2400 791 2480 Euohologium
825 2401 1026 2464 Graecorum
1056 2420 1085 2482 p.
1115 2399 1187 2466 567.
1222 2397 1379 2480 Equidem
1410 2416 1452 2463 ex

205 2482 351 2548 Concilio
380 2485 565 2550 Florentino
594 2495 684 2552 certo
714 2488 903 2566 conicimus,
934 2487 1134 2552 Graecorum
1157 2483 1451 2564 confirmationem,

205 2574 267 2634 etsi
291 2592 311 2634 a
334 2573 472 2653 simplici
497 2573 667 2640 sacerdote
690 2575 963 2652 administratam,
988 2573 1146 2638 abatiuis
1168 2571 1321 2636 Patribus
1345 2589 1452 2636 ratam

206 2657 362 2722 habitam.
396 2658 480 2723 Cum
510 2663 600 2723 euim
630 2661 745 2724 Graeci
774 2663 859 2724 inter
893 2664 929 2725 11
959 2662 1168 2740 quaestiones
1199 2660 1260 2722 sibi
1284 2678 1304 2722 a
1328 2657 1451 2722 Latinis

206 2755 281 2824 post
314 2748 469 2809 unionem
500 2749 684 2828 propositas
706 2747 748 2810 ad
770 2749 855 2811 banc
886 2766 1016 2828 quoque
1046 2749 1124 2811 iussi
1149 2748 1214 2810 sint
1237 2745 1452 2826 respondere:

206 2829 324 2909 ,Quare
354 2833 498 2914 episcopi
529 2853 594 2897 non
626 2836 787 2914 inungunt
819 2853 914 2898 sacro
946 2835 1131 2912 chrismate,
1166 2832 1224 2896 sed
1256 2831 1454 2910 sacerdotes,

205 2936 283 2981 com
306 2919 367 2983 hoc
391 2919 600 3000 pontificibus
623 2923 665 2984 sit
687 2919 847 2999 datuml‘,
878 2931 898 2984 t.
921 2927 951 2984 u.
975 2918 1184 2985 Collectionis
1213 2918 1370 2982 Harduini
1393 2917 1453 2982 col.

205 3007 271 3069 430
294 3005 388 3086 plene
412 3007 521 3087 quoad
544 3008 629 3071 banc
654 3027 710 3088 per
728 3007 977 3088 Mitylenensem
1003 3007 1186 3088 praesulem
1211 3006 1333 3070 Latinis
1357 3007 1453 3068 satis-

206 3088 330 3170 fecisse,
361 3113 402 3156 ex
425 3093 541 3157 eadem
564 3095 700 3157 historia
722 3094 907 3172 colligimus
931 3113 993 3158 ec«
1029 3130 1069 3138 -
1100 3093 1345 3157 Concludamus
1367 3091 1453 3155 hano

205 3179 386 3242 secundam
418 3182 580 3244 rationem
614 3181 722 3246 verbis
755 3181 903 3245 eiusdem
936 3181 1101 3245 Benedicti
1132 3179 1221 3258 xlv,
1253 3180 1308 3258 qui
1341 3177 1454 3242 scribit

203 3263 265 3345 (ue
288 3266 413 3344 synodo
436 3265 572 3332 dioeces
597 3267 616 3330 l.
639 3267 821 3346 vlll.,c.1‚
844 3289 874 3332 n.
893 3267 938 3348 tl:
967 3269 1021 3332 »ln
1044 3267 1183 3332 ecelesia
1206 3265 1356 3330 orientali
1380 3283 1453 3328 mos

206 3354 290 3430 viget
314 3371 335 3414 a
357 3353 446 3416 mille
470 3355 667 3435 etamplius
690 3357 785 3418 annis
808 3357 841 3417 in
859 3373 901 3419 ea
923 3365 1083 3435 receptus,
1106 3363 1142 3418 ut
1164 3353 1296 3431 ipsimet
1319 3350 1454 3433 presby-

205 3441 274 3515 teri,
306 3457 383 3502 cum
413 3459 448 3503 se
479 3442 653 3521 accingunt
682 3443 724 3506 ad
755 3441 922 3506 infirmum
954 3442 1186 3520 inungendum,
1217 3439 1327 3503 oleum
1357 3439 1454 3502 inea

206 3526 437 3590 sacramentali
471 3529 624 3592 unctione
657 3529 880 3595 adhibendum
916 3529 1176 3593 benedicant...
1212 3525 1305 3589 Hanc
1339 3532 1452 3587 autem

206 3609 424 3677 Orientalium
446 3614 718 3679 consuetudinem
741 3615 881 3680 ecclesia
892 3615 1009 3680 Latina
1033 3633 1097 3678 non
1121 3613 1229 3678 solum
1249 3630 1314 3674 non
1330 3612 1453 3692 impro-

207 3699 306 3775 bauit,
337 3702 394 3764 scd
418 3711 526 3764 ratam
559 3702 690 3764 habuit:
723 3700 822 3766 refert
851 3703 972 3784 quippe
1002 3701 1151 3781 GoariuS,
1182 3717 1249 3764 as.
1273 3696 1388 3778 Congr.
1413 3697 1452 3762 de

207 3787 430 3866 propagine
446 3789 663 3867 approbatam
679 3790 813 3869 eiusque
830 3791 988 3870 impensis
1000 3788 1127 3852 Romae
1144 3787 1266 3852 editam
1283 3785 1452 3866 synopsim

206 3873 418 3936 vernaculam
449 3874 610 3956 Neophyti
642 3874 791 3954 Rhodion
824 3878 857 3938 in
889 3895 954 3956 qua
985 3877 1067 3939 baec
1095 3873 1275 3940 habentur:
1307 3871 1453 3950 ,Materia

206 3963 406 4024 sacramenti
440 3969 607 4026 extremae
641 3965 806 4027 unctionis
838 3972 889 4028 est
923 3963 1033 4027 oleum
1067 3962 1154 4025 oliva
1191 3977 1395 4041 expressum,
1432 3977 1452 4020 a

207 4045 359 4124 pontifice
376 4049 428 4111 vel
443 4066 464 4110 a
480 4048 714 4126 sacerdotibus,
736 4051 790 4128 qui
814 4056 1003 4129 praesentes
1026 4047 1153 4128 fuerint,
1178 4049 1270 4110 iuxta
1293 4045 1452 4110 ecclesiae

206 4151 333 4196 morem
356 4134 600 4199 benedictum‘«
635 4135 763 4212 Nullibi,
795 4137 850 4199 ubi
875 4137 1085 4200 doctissimus
1109 4133 1253 4216 pontifex
1276 4133 1316 4197 de
1340 4140 1453 4197 nostra

205 4221 397 4299 quaestione
428 4229 556 4299 tractat,
587 4224 701 4286 statuit
723 4221 898 4286 discrimen
923 4224 1007 4286 iuter
1037 4223 1244 4303 presbyteros
1277 4217 1455 4284 orientales

206 4308 316 4454 unfiitos
345 4315 379 4370 et
408 4310 594 4382 nonnullos,
625 4309 713 4389 quod
736 4312 853 4374 attinet
885 4317 1081 4388 potestatem
1104 4306 1317 4372 benedicendi
1341 4306 1457 4370 oleum

205 4412 237 4454 m
264 4411 421 4457 rmorum.

310 4482 337 4544 3.
362 4481 484 4544 Notum
501 4493 558 4561 est,
582 4491 784 4563 quantopere
802 4487 1022 4562 protestantes
1046 4481 1240 4560 dignitatem
1263 4495 1455 4542 sacramen-

204 4567 307 4630 talem
330 4577 497 4633 extremae
515 4572 678 4633 unctionis
702 4569 773 4632 ideo
795 4577 995 4650 oppugnent,
1019 4567 1107 4648 quod
1131 4585 1196 4631 non
1220 4563 1341 4631 efficiat
1363 4565 1455 4626 sani-

268 4684 299 4782 ¹l¹
309 4683 454 4776 llonnulla
472 4725 531 4778 alia
549 4725 714 4778 huiusmodi
724 4740 865 4792 responsa
874 4724 1006 4778 Romana
1018 4724 1088 4778 licet
1098 4723 1197 4777 videre
1209 4723 1239 4776 in
1252 4721 1455 4788 „collectanea

311 4793 336 4844 S.
356 4792 596 4862 congregationis
615 4795 651 4846 de
669 4793 863 4863 Propaganda
882 4793 968 4847 ulne‘
988 4793 1109 4860 (Romae
1128 4789 1207 4858 1893)
1226 4807 1276 4846 nn.
1294 4789 1346 4844 ott
1365 4805 1403 4844 ss.
