3450 5342
746 401 915 454 ..13-

198 581 251 635 Ι)ι·.
269 580 288 635 J
298 596 343 634 an
364 579 519 646 Sedlalr,
540 579 591 634 ὃν.
610 579 701 635 dosef
719 580 852 650 pestoun
874 579 959 634 Ptine
978 597 997 634 v
1016 579 1226 650 apolrryfnich
1242 595 1320 635 evan
1345 580 1445 634 eliich.

267 649 296 788 ξ.
315 649 484 774 ῗὲιῗιὲῐὲυε,
504 655 610 704 custos
633 649 764 717 Domini,
783 649 814 704 in
834 649 1025 720 apocryphis
1044 649 1224 720 evangeliis.
1238 635 1267 703 C.
1282 651 1309 704 k.
1320 596 1349 704 ᾗ
1364 649 1445 704 XLI.

197 840 253 894 Fr.
274 839 427 906 Grivec,
459 837 831 908 Zbiblickopatristicke
860 838 1023 909 literatury
1052 841 1157 895 ruske.
1187 840 1234 894 Ex
1266 839 1444 894 Russornm

266 909 378 964 litteris
399 907 567 1033 pgtristicis
593 915 682 978 atque
703 923 743 962 se.
765 909 898 984 Litteras
918 909 1132 978 spectantibus
1160 909 1311 978 quaedam
1334 925 1447 978 propo·

267 985 393 1033 nuntnr.
437 1021 442 1032 .
464 977 491 1032 k.
511 978 539 1032 d.
560 977 665 1033 XLVI.
685 994 713 1047 p.
733 979 844 1034 86-90.

198 1049 254 1103 Fr.
275 1047 356 1119 Stej
367 1047 460 1112 skal,
479 1047 717 1117 Jerusalemsky
736 1047 844 1102 curam
857 1047 963 1102 znicen
977 1047 1075 1102 'ritem
1091 1047 1263 1117 rimyslue?
1279 1047 1443 1116 Templum
1515 1087 1519 1096 .

270 1116 591 1186 Hierosolymitanum
606 1116 703 1171 aTito
716 1117 851 1172 deletum
863 1117 1029 1172 consulto?
1040 1102 1070 1171 C.
1082 1118 1109 1171 k.
1121 1117 1149 1171 d.
1161 1117 1266 1171 XLVI.
1277 1133 1306 1186 p.
1319 1119 1446 1172 175-76.

197 1187 250 1242 Dr.
272 1187 326 1242 Fr.
347 1183 746 1256 Kryitiafek,l‘osledni
772 1187 947 1309 pomanini.
978 1186 1292 1256 Bibliekodejepisny
1321 1188 1443 1241 rozbor.

271 1255 419 1310 Extrema
438 1257 551 1310 unctio,
571 1255 601 1310 C.
621 1256 648 1310 k.
669 1257 697 1310 d.
716 1256 770 1311 xL
791 1254 831 1310 II.
852 1271 881 1325 p.
900 1259 976 1321 1-5,
995 1258 1123 1322 sei-102,
1146 1257 1272 1310 tofi-63,

200 1326 238 1393 (d.
268 1325 428 1393 Hastings
457 1324 635 1395 Dictiouary
665 1325 698 1380 of
725 1326 777 1379 the
803 1325 898 1380 Bihle.
930 1326 1123 1396 Ediubourg.
1152 1310 1193 1394 [C.
1224 1327 1252 1380 k.
1280 1325 1309 1380 d.
1338 1323 1444 1381 XLVI.

277 1412 305 1464 p.
324 1397 382 1450 959.
404 1395 438 1449 R.
458 1394 523 1450 dos.
544 1395 701 1464 Valental).

224 1601 265 1656 h]
303 1523 401 1657 torhm
421 1532 502 1604 uin
522 1536 597 1590 reos.
630 1534 707 1602 (vr.)
734 1534 838 1588 praua
857 1533 1068 1603 qvinohrady).
1100 1533 1271 1588 rubiaca·
1292 1533 1447 1602 perronna

246 1618 323 1658 roso
370 1619 423 1658 ica.

199 1617 221 1672 p
305 1619 389 1728 Dirae
413 1672 691 1726 commentationes
712 1673 769 1726 hoc
798 1687 882 1725 anno
901 1671 1017 1738 insunt,
1048 1687 1127 1740 quas
1147 1687 1335 1738 cognoscere
1364 1672 1447 1726 theo·

197 1739 263 1864 logi
281 1741 419 1798 interest.
449 1741 576 1796 Prior
595 1749 643 1796 est
662 1742 700 1796 de
720 1740 823 1796 Kantii
843 1741 1040 1810 philosophia
1059 1740 1111 1795 reli
1137 1741 1216 1794 ionis
1237 1743 1284 1806 tii.
1305 1740 1404 1795 Tich
1416 1741 1446 1822 5¹,

199 1810 233 1866 Ρ·
248 1811 345 1866 osche
364 1811 572 1866 naboienstvi
591 1827 611 1866 u
632 1811 743 1870 hauto
764 1826 791 1880 p.
813 1812 925 1874 13-243
944 1811 1073 1866 96-113.
1106 1811 1120 1864 1
1144 1811 1153 1863 i
1173 1811 1322 1865 docemur
1344 1810 1446 1864 liantir

201 1881 346 1936 meritum
372 1881 458 1936 ineo
486 1881 618 1935 maxime
637 1879 743 1946 fuisse,
775 1880 859 1950 qnod
881 1895 937 1934 nec
961 1881 1109 1948 empirica
1127 1895 1185 1934 nec
1209 1878 1443 1934 transcendenti

199 1949 316 2005 ratione
337 1957 470 2006 mentem
500 1951 662 2020 quicquam
683 1950 808 2003 efficere
837 1964 931 2019 posse
950 1950 1095 2004 ostendit.
1133 1949 1243 2003 Veram
1270 1948 1445 2018 theologiae

199 2019 372 2076 doctrinam
389 2019 455 2074 eius
471 2019 656 2076 refutatione
669 2019 699 2073 in
720 2035 811 2073 omne
826 2025 951 2088 tempus
964 2019 1122 2073 exclusam
1137 2033 1216 2079 esse,
1236 2018 1333 2072 solius
1349 2018 1446 2086 philo-

200 2089 327 2158 sophiae
346 2089 503 2160 religionis
522 2089 641 2158 copiam
662 2089 738 2156 dari,
757 2104 818 2142 non
840 2088 999 2155 religionis
1019 2087 1251 2157 philosophicae
1272 2090 1338 2156 (19).
1350 2088 1444 2143 Onto-

199 2157 335 2226 logicum
356 2164 576 2229 argumentum
597 2159 710 2213 falsum
732 2165 787 2220 est,
816 2158 1058 2227 cosmologicum
1079 2157 1111 2211 in
1130 2157 1307 2226 ontologico
1327 2158 1445 2224 nititur,

200 2227 548 2298 physieoteleologicum
574 2229 649 2283 nihil
677 2227 790 2282 evincit
810 2227 868 2282 nisi
899 2227 1007 2282 mnndi
1028 2227 1206 2281 effectorem
1238 2233 1395 2296 potentem
1415 2231 1446 2281 et

201 2297 352 2352 mundum
381 2313 451 2352 esse
478 2297 708 2366 contingentem
740 2297 788 2360 tei.
816 2313 844 2366 p.
865 2298 936 2365 136).
973 2297 1039 2351 Alia
1066 2302 1251 2378 argumenta
1280 2311 1341 2351 non
1372 2301 1447 2350 sunt

200 2367 334 2433 tao-22).
366 2367 466 2422 »Haec
485 2372 532 2421 est
552 2383 684 2422 censura
703 2373 970 2436 argumentorum,
988 2381 1069 2436 quae
1089 2366 1219 2420 historia
1239 2364 1445 2435 philosophia,

202 2435 309 2506 religio
352 2438 488 2500 raebent,
509 2437 688 2506 quibusque
708 2451 797 2490 mens
817 2437 953 2490 humana
971 2435 1115 2490 facillime
1135 2434 1314 2504 decipitne.
1346 2434 1445 2499 Ratio,

199 2521 293 2629 guam
342 2512 396 2560 ant
414 2505 489 2572 iniit,
516 2511 549 2561 ut
570 2506 749 2575 religionem
771 2513 874 2560 tamen
895 2504 1039 2569 salvaret,
1066 2505 1183 2559 auctori
1204 2520 1267 2558 non
1287 2506 1446 2573 probatur.

227 2589 275 2630 am
298 2574 431 2630 violente
460 2591 494 2630 ac
514 2575 603 2644 plene
623 2575 701 2630 ratio
730 2575 829 2630 afide
849 2574 955 2628 divelli
984 2590 1046 2628 nen
1067 2580 1169 2643 potest
1188 2577 1269 2640 (ltili).
1306 2573 1338 2628 ὀὶ
1359 2573 1447 2628 ideae

201 2644 334 2698 morales
354 2645 476 2700 innatae
496 2651 577 2712 suut,
598 2660 699 2699 nonne
720 2644 794 2699 haec
810 2644 879 2713 ipsa
898 2651 946 2698 est
965 2644 1045 2698 ratio
1065 2659 1102 2697 ne
1115 2645 1200 2698 randi
1220 2643 1446 2712 legislatorem?

201 2713 305 2782 Neque
324 2713 406 2769 enim
425 2714 595 2769 formarum
616 2714 766 2784 temporis
786 2721 892 2768 auctor
905 2714 1076 2782 quaeritur.
1098 2661 1178 2767 fimo
1196 2712 1340 2780 efficitur,
1360 2711 1446 2768 utin

200 2783 318 2906 nof'e'tica
330 2784 428 2908 1frotgius
456 2784 608 2854 temporis
633 2783 693 2839 iam
723 2782 845 2838 nonsit
874 2785 959 2837 locus
980 2783 1060 2838 Deo:
1089 2782 1221 2852 empiria
1246 2783 1321 2837 nihil
1350 2783 1388 2836 de
1408 2797 1445 2836 eo

201 2868 234 2906 re
249 2859 297 2907 ert
383 2862 399 2912 l.

306 2858 420 2978 &cntra
444 2922 491 2976 vel
512 2921 542 2976 in
572 2922 640 2991 ipso
660 2926 844 2990 argumento
873 2921 1049 2991 ontologico
1069 2921 1239 2975 refellendo
1267 2928 1393 2990 apparet
1412 2920 1443 2974 in

200 2991 282 3046 Kant
301 2992 402 3061 iuopia
423 2992 567 3046 scientiae
589 2991 762 3046 historicae:
795 2989 1000 3045 certesianum
1020 2997 1051 3044 et
1069 2991 1296 3045 anselmianum
1316 2990 1444 3044 corrinn-

199 3061 325 3125 duntnr,
358 3079 381 3114 s.
410 3061 561 3115 Tlromam
593 3061 674 3115 idem
704 3060 762 3114 alio
793 3067 981 3130 argumento
1013 3075 1234 3129 corriperisasso
1263 3059 1443 3128 negligitur.

201 3130 299 3184 Simul
321 3145 432 3200 magna
461 3130 667 3184 sollemnitate
686 3131 854 3184 centesimo
873 3130 1021 3199 repetitur
1049 3145 1172 3183 omnem
1194 3129 1440 3199 propositionem

200 3200 439 3254 exsistentialenr
466 3215 535 3254 esse
556 3200 771 3280 syntheticam,
803 3200 902 3254 verbo
921 3215 990 3253 esse
1018 3215 1079 3252 non
1099 3199 1293 3252 existentiam
1314 3198 1441 3266 exprimi

201 3270 253 3324 sed
276 3283 391 3324 meram
414 3269 581 3338 praedicati
607 3270 646 3324 ad
667 3269 840 3324 subiectum
861 3269 1050 3322 relationem.
1089 3269 1121 3322 Si
1141 3269 1189 3322 vei
1210 3268 1348 3322 Platonis
1370 3269 1442 3321 l’ar·

201 3339 353 3394 menidam
374 3338 510 3408 legisset,
529 3339 660 3394 formale
679 3339 810 3393 verbum
835 3353 934 3391 »esse«
955 3338 1058 3392 areali
1077 3338 1255 3391 discernere
1273 3337 1442 3390 didicisset.

201 3408 365 3463 Praeterea
383 3424 420 3462 ex
443 3409 529 3464 falsis
551 3407 711 3478 principiis
741 3407 819 3462 falsa
838 3413 1072 3488 eorrsequantur
1099 3422 1225 3460 necesse
1244 3411 1300 3460 est.
1339 3404 1441 3459 Kantii

200 3491 332 3532 censura
352 3478 487 3546 profecta
506 3485 554 3532 est
572 3493 589 3532 a
609 3477 799 3544 incestique,
828 3475 931 3530 sintne
950 3477 1062 3531 iudicia
1086 3475 1276 3546 »synthetiea
1294 3490 1311 3528 a
1331 3474 1439 3544 priori«

200 3544 369 3616 possibilia.
408 3547 485 3603 Cum
505 3549 586 3602 euim
641 3563 711 3601 unte
732 3545 912 3600 relationem
932 3546 1013 3601 inter
1032 3561 1156 3600 eausam
1177 3555 1207 3599 et
1226 3545 1371 3599 eflectum
1391 3559 1442 3598 ne-

199 3622 305 3686 gasset
318 3617 347 3680 ι),
380 3616 461 3670 liant
482 3616 641 3671 veritatem
662 3615 846 3685 cognitionis
866 3615 908 3669 ita
928 3615 1050 3668 salvare
1069 3622 1199 3668 conatus
1217 3621 1273 3681 est,
1306 3619 1339 3668 ut
1358 3613 1442 3682 prin-

199 3685 312 3754 cipium
333 3686 523 3741 causalitatis
550 3685 702 3754 principio
721 3685 890 3740 identitatis
913 3684 1065 3738 insereret
1084 3693 1115 3738 et
1138 3684 1180 3738 ita
1200 3715 1232 3724 -
1251 3684 1283 3737 in
1306 3683 1439 3752 speeicnr

199 3785 232 3795 -
251 3755 472 3816 insubiectivo
492 3755 699 3824 cognitionem
720 3755 832 3809 realem
854 3759 952 3808 tutam
975 3754 1128 3809 redderet.
1165 3754 1279 3808 Verum
1301 3753 1442 3821 quaestio

199 3823 250 3878 illa
269 3825 307 3878 de
326 3823 448 3879 iudiciis
469 3824 652 3894 syntheticis
672 3839 690 3878 a
708 3823 802 3906 priori
824 3855 852 3862 --
874 3823 1027 3904 quidquid
1049 3823 1116 3892 ipse
1136 3824 1300 3892 respondit
1318 3854 1352 3862 —
1370 3822 1440 3891 ipsa

199 3893 342 3962 ostendit,
356 3899 545 3964 quantopere
559 3893 733 3948 confuderit
745 3893 889 3948 diversas
905 3899 1057 3947 notiones.
1071 3895 1131 3948 Sed
1145 3909 1207 3947 non
1222 3898 1269 3946 est
1284 3891 1332 3946 hic
1345 3892 1441 3961 locus,

199 3969 233 4018 ut
251 3963 290 4017 de
310 3963 358 4017 his
378 3965 472 4018 rebus
493 3965 667 4031 loquamur;
689 3962 847 4016 sufficiant
866 3962 940 4017 haec
959 3977 1066 4035 pauca.

264 4137 285 4202 ¹)
304 4135 459 4192 Secundum
481 4137 569 4192 llume
596 4136 756 4191 immediate
776 4135 894 4190 evidens
919 4141 963 4190 est
981 4136 1070 4188 solum
1095 4133 1259 4204 principiam
1286 4131 1444 4186 identitatis

302 4207 347 4260 vel
368 4207 611 4272 contradictionis,
638 4206 689 4260 hoc
708 4207 837 4260 iudicium
857 4210 902 4260 est
920 4205 1098 4276 analyticum,
1127 4205 1214 4272 „ratio
1233 4205 1326 4271 pura“.
1362 4201 1443 4256 Unde

301 4275 392 4329 llume
411 4275 575 4345 principium
595 4275 770 4330 causalitatis
789 4275 891 4330 stabile
910 4290 971 4329 esse
990 4275 1116 4343 negavit.
1150 4273 1269 4328 &usam
1288 4273 1361 4326 enim
1381 4284 1444 4324 csse

302 4345 342 4398 rei
355 4346 427 4399 alius
441 4344 547 4414 aliquid
565 4351 783 4413 cognosceretur
795 4354 844 4398 aut
862 4361 879 4398 a
892 4345 987 4412 priori,
1007 4345 1070 4410 lege
1085 4343 1239 4410 cogitandi,
1259 4350 1308 4395 aut
1319 4358 1337 4394 a
1350 4345 1443 4409 poste-

303 4415 371 4468 riori
389 4415 571 4482 experientia.
609 4415 664 4469 Sed
683 4413 833 4468 secuudum
853 4414 944 4480 legem
964 4413 1122 4468 identitatis
1140 4429 1155 4464 e
1174 4412 1289 4465 notione
1308 4410 1375 4464 nihil
1395 4409 1442 4463 de·

302 4483 364 4556 duci
388 4491 483 4554 potest
502 4485 554 4540 uisi
574 4484 649 4552 quod
674 4484 701 4537 in
721 4499 756 4538 ea
773 4489 944 4548 conmotam,
973 4499 1034 4536 curn
1054 4498 1087 4536 ea
1118 4481 1269 4535 identicum
1289 4486 1340 4560 est,
1373 4493 1444 4546 ergo

304 4569 357 4606 non
386 4555 476 4608 aliud·
507 4552 683 4622 experientia
706 4569 774 4608 vero
800 4552 868 4606 nihil
886 4553 1023 4621 praehere
1051 4552 1132 4606 nobis
1156 4557 1252 4620 potest
1279 4550 1332 4604 orsi
1359 4563 1443 4601 unum

303 4628 387 4691 post
404 4595 496 4684 aliud;
527 4639 561 4678 ex
581 4629 663 4692 post
680 4621 773 4676 facere
797 4629 947 4691 propter
965 4638 1041 4676 error
1060 4628 1112 4686 est,
1139 4637 1194 4688 quo
1213 4621 1318 4674 astricti
1338 4633 1441 4681 etimne,

303 4707 371 4759 argo
390 4693 467 4748 nulla
486 4699 529 4746 est
547 4692 672 4761 cognitio
691 4693 782 4747 realis.
