3450 5342
722 447 895 500 ...59-

182 639 299 691 nusum
323 633 414 690 aetati
436 633 695 710 pernecessarium.
718 630 793 690 Inde
808 633 888 690 anim
904 641 989 690 tanta
1004 633 1034 690 in
1051 630 1187 690 omnibns
1204 630 1289 690 rebus
1311 632 1433 690 licentia

181 729 213 778 et
235 718 375 790 confusio,
398 720 470 796 quia
491 720 566 778 ratio
582 717 712 776 humana
730 726 759 776 ot
774 718 873 795 legum
896 719 1050 777 immemor
1065 729 1095 776 et
1111 738 1200 776 sanae
1225 718 1431 796 philosophiae

181 815 229 864 est
250 806 380 864 inimica.
403 804 589 884 Quapropter
612 803 690 883 quod
713 825 786 883 opus
809 804 843 867 cl.
867 803 1002 864 Kovaeit
1033 819 1169 863 accurate
1198 808 1377 884 perscripsit,
1399 804 1431 864 id

180 911 294 962 omnes,
317 890 423 971 quibus
446 893 523 950 inter
552 891 695 950 Slorenos
718 893 780 950 veri
804 911 975 970 progressus
1008 892 1162 970 cultusque
1190 893 1287 964 gentis
1315 907 1433 950 nostrae

181 997 270 1037 curae
293 987 345 1049 est,
368 987 453 1056 grato
476 980 575 1038 animo
598 990 782 1058 acceperunt.

292 1117 380 1176 Ratio
402 1127 432 1176 et
454 1119 512 1186 iia,
535 1137 594 1196 qua
617 1125 717 1176 auctor
740 1133 944 1195 argumentum
982 1119 1183 1195 pertractarit.
1207 1138 1243 1174 ea
1265 1130 1318 1177 est.
1342 1138 1431 1194 «pram

182 1206 339 1282 scriptores
362 1203 600 1264 neoscholastici
623 1213 739 1273 temnt3
764 1225 870 1283 nempe
903 1215 1004 1264 auctor
1041 1201 1149 1262 dividit
1186 1205 1376 1279 ttntologiam
1401 1207 1432 1262 in
1526 1228 1532 1239 ¹

181 1293 313 1369 quinque
337 1301 496 1352 tractatus:
521 1293 647 1370 primum
670 1293 732 1367 agit
755 1290 792 1349 de
814 1301 884 1350 ente
907 1293 939 1349 in
960 1293 1118 1355 communi.
1141 1290 1310 1366 ‹leinclcde
1334 1306 1432 1348 trans-

181 1376 408 1438 cendentalibns
442 1379 519 1436 entis
552 1376 788 1456 proprietatibus,
811 1387 873 1438 tum
896 1376 933 1435 de
957 1380 1034 1436 entis
1057 1377 1295 1455 perfectionibus,
1331 1391 1433 1456 postea

183 1463 222 1524 de
244 1465 366 1524 summis
399 1463 558 1542 generibus
592 1467 678 1536 entis,
712 1463 840 1543 denique
868 1464 906 1523 de
935 1467 1013 1524 entis
1048 1465 1229 1524 causalitate.
1265 1467 1332 1523 Non
1366 1463 1433 1523 ideo

183 1561 284 1612 tamen
318 1550 393 1610 nihil
428 1554 471 1610 sui
496 1551 628 1622 eontulit,
664 1554 754 1612 immo
787 1552 881 1610 multa
903 1561 979 1623 sunt,
1001 1573 1077 1629 quae
1111 1571 1249 1626 magnam
1284 1566 1433 1610 merentur

183 1636 311 1698 laudem.
333 1637 474 1716 Inprimis
497 1637 527 1696 id
550 1637 739 1707 laudandum,
763 1638 840 1717 quod
863 1649 965 1698 auctor
988 1641 1018 1696 in
1042 1638 1257 1717 pertractandis
1286 1642 1432 1717 qiraestio·

184 1723 270 1784 nibus
293 1727 368 1784 siout
401 1727 553 1804 antiquam
587 1726 805 1804 philosophiam
827 1747 888 1784 non
912 1725 1052 1802 neglexit.
1075 1724 1127 1784 sed
1151 1727 1247 1804 potius
1282 1729 1431 1804 sapienter

182 1833 221 1872 ex
245 1813 317 1890 ipsis
345 1813 504 1890 stagiritae
527 1822 555 1870 et
580 1814 740 1891 Aquinatis
775 1812 905 1870 fontibus
938 1814 1092 1890 expressit,
1121 1815 1163 1870 ita
1189 1833 1288 1871 coctum
1317 1834 1433 1891 semper

182 1899 326 1958 rationem
350 1897 462 1970 habuit,
485 1919 560 1978 quae
583 1898 621 1957 ab
644 1898 729 1958 huius
753 1902 858 1958 aetatis
883 1897 1072 1977 scriptoribus
1088 1902 1151 1957 sive
1168 1899 1242 1958 liene
1268 1902 1332 1957 sive
1354 1900 1432 1958 male

182 1983 361 2046 dictasunt.
396 1983 463 2062 Quo
496 1984 583 2044 modo
616 1985 821 2065 philosophiae
862 1986 1072 2045 instaurandae
1096 2007 1153 2044 nna
1182 1998 1210 2043 ct
1235 1986 1432 2065 perficiendae

182 2081 272 2150 atqua
296 2071 476 2131 excolendae
498 2074 608 2151 optime
632 2075 793 2132 consulitur
815 2084 845 2132 et
867 2072 1046 2151 providetur,
1069 2073 1101 2130 id
1124 2073 1202 2151 quod
1225 2084 1378 2152 tantopere
1401 2076 1432 2132 in

182 2161 262 2218 votis
284 2158 389 2218 habuit
421 2159 483 2218 Leo
505 2157 596 2222 Xlll.
624 2159 741 2218 Deinde
776 2181 841 2218 curn
866 2160 942 2218 nihil
976 2181 1084 2232 eorum,
1118 2162 1248 2240 quaein
1272 2162 1433 2234 thrtologia

182 2247 357 2324 pertractari
380 2255 604 2316 consueverunt,
627 2249 768 2326 inopere
793 2249 884 2306 nostri
908 2250 1035 2306 auctoris
1057 2247 1248 2320 desideretur,
1271 2269 1307 2306 ea
1324 2260 1432 2320 tamen,

182 2353 260 2412 quae
284 2331 339 2390 hae
362 2342 458 2392 aetate
487 2336 582 2411 magis
610 2343 677 2393 sunt
700 2337 774 2392 scitu
797 2343 827 2394 et
850 2335 1003 2393 intellectu
1025 2335 1199 2394 necessaria.
1234 2337 1336 2393 maiori
1361 2356 1432 2414 quo·

183 2440 241 2498 qne
264 2440 334 2479 cura
356 2419 492 2478 snbtihus
515 2420 686 2494 enodantur,
715 2421 832 2480 uberius
855 2420 1050 2500 disputantur.
1081 2420 1206 2479 lucidius
1236 2421 1432 2480 declarantur.

184 2507 220 2564 In
244 2506 292 2565 his
322 2509 441 2584 egregie
474 2516 581 2566 tractat
615 2511 738 2586 scriptor
760 2507 798 2566 de
821 2507 995 2577 substantia,
1028 2529 1094 2566 eam
1129 2529 1187 2566 non
1222 2531 1286 2567 cisse
1321 2529 1432 2568 merum

183 2595 293 2654 mentis
329 2593 509 2672 figmentum,
547 2605 632 2673 prout
673 2595 773 2653 multis
816 2595 921 2673 placet,
953 2607 1004 2654 aut
1030 2595 1153 2654 formam
1201 2600 1308 2654 trientis
1353 2617 1432 2654 inere

184 2679 389 2758 subiectivam,
411 2681 544 2740 sedeam
562 2684 593 2740 in
609 2702 705 2740 rerum
730 2693 834 2740 natura
857 2682 1002 2755 existere,
1026 2684 1144 2759 egregie
1160 2685 1241 2747 item.
1257 2698 1430 2762 conceptum

184 2787 290 2826 causae
317 2765 494 2826 obieetivam
522 2767 632 2828 habere
659 2768 833 2826 realitatem.
857 2768 956 2827 Minus
979 2768 1065 2828 nobis
1088 2769 1206 2831 arridet.
1230 2763 1308 2848 qnod
1331 2791 1431 2830 eorum

184 2857 316 2932 sequitur
343 2875 468 2928 causam,
493 2857 541 2932 qui
571 2855 679 2914 realem
703 2857 781 2914 inter
811 2857 972 2914 essentiam
994 2869 1023 2914 ct
1046 2877 1110 2914 csse
1134 2855 1355 2916 distinctionem
1380 2860 1433 2914 im·

184 2951 335 3018 pugnant;
358 2943 391 2999 in
413 2961 471 3020 qua
505 2944 653 3001 sententia
685 2963 745 3001 non
780 2941 924 3016 ridemus,
959 2942 1031 3020 quid
1066 2943 1217 3002 doctrinae
1240 2943 1277 3001 dc
1313 2954 1379 3002 actu
1403 2955 1433 3002 ct

183 3030 333 3106 potentiae
357 3027 453 3086 adhuc
475 3027 565 3088 tribui
589 3029 688 3108 possit,
712 3049 770 3108 quo
792 3028 913 3086 tandem
936 3031 1048 3088 ratione
1073 3030 1275 3108 quodcumque
1300 3054 1352 3090 cns
1372 3053 1430 3090 non

182 3117 222 3172 sit
245 3117 340 3192 ipsum
363 3115 438 3173 Esse
462 3114 632 3174 subsistens
666 3116 827 3174 Distinctio
862 3118 950 3186 enirn,
985 3137 1060 3194 qnae
1082 3115 1189 3175 dicitur
1219 3120 1342 3176 raticmis
1365 3139 1430 3176 cnm

181 3200 375 3260 fundamento
398 3203 429 3260 iu
453 3222 492 3274 re,
515 3205 579 3261 sine
594 3202 695 3280 aliqua
709 3203 799 3281 priori
818 3203 889 3261 reali
913 3202 1104 3262 distinctione
1120 3203 1193 3262 nihil
1215 3204 1299 3262 nobis
1316 3205 1433 3264 videtur

182 3289 293 3346 valere.
317 3289 459 3346 Fatemnr
481 3288 619 3368 equidem
642 3311 701 3347 non
725 3289 836 3359 deesse,
859 3292 1020 3368 sicutipse
1044 3303 1144 3348 auctor
1167 3302 1256 3350 notat.
1274 3296 1324 3370 qni
1340 3305 1432 3350 totam

182 3377 386 3453 quaestionem
410 3395 469 3434 non
492 3377 568 3434 tanti
589 3396 653 3436 esse
676 3379 816 3435 momenti
840 3378 1020 3446 existiment,
1044 3389 1073 3434 at
1097 3391 1166 3435 tunc
1189 3381 1322 3457 ‹prinestio
1338 3378 1433 3438 obiter

183 3471 300 3520 tantum
322 3464 413 3539 tangi,
438 3464 527 3521 immo
554 3465 663 3543 optime
688 3463 799 3540 negligi
823 3463 966 3522 debuerit.

295 3601 378 3658 Inter
401 3603 460 3660 alia
484 3623 552 3661 vero
576 3603 676 3674 multa,
692 3623 769 3682 quae
785 3601 870 3662 nobis
885 3605 916 3661 in
933 3617 1061 3662 tractatu
1084 3605 1263 3682 placuerunt,
1287 3607 1432 3684 reliquum

183 3696 238 3758 est,
261 3697 293 3746 ut
315 3689 501 3766 potissimum
523 3689 679 3768 probemus
703 3689 884 3748 alevenicam
908 3692 1153 3768 terminologiam.
1179 3697 1289 3752 Auctor
1312 3692 1431 3772 qtiidem

183 3773 328 3832 nonnulla
349 3777 409 3834 iam
443 3777 558 3834 invenit
592 3787 695 3855 parata
729 3775 880 3847 vocabula,
915 3789 1014 3836 tamon
1038 3791 1081 3836 sat
1106 3779 1199 3838 multa
1232 3782 1295 3859 ipsc
1330 3779 1434 3840 debuit

183 3863 270 3940 quasi
292 3859 329 3920 de
352 3883 429 3920 novo
452 3862 596 3922 excudere
620 3870 676 3940 (est
700 3865 779 3922 enirn
804 3867 929 3924 scientia
967 3865 1172 3944 philosophica
1208 3869 1285 3926 inter
1319 3879 1433 3927 nostros

184 3947 360 4019 foronovo).
383 3949 451 4008 Non
467 3951 567 4008 omniu
582 3971 652 4008 sune
676 3971 777 4009 omnes
793 3971 887 4030 aeque
909 3951 1082 4029 probabunt.
1106 3965 1237 4012 uttutncn
1259 3955 1433 4028 designatae

183 4035 244 4092 iant
268 4046 336 4093 sunt
357 4035 462 4106 lineae,
486 4039 564 4094 iacta
598 4036 798 4104 fundamenta,
834 4041 1031 4116 coagmentati
1067 4039 1189 4117 lapides,
1212 4045 1312 4099 omnia
1334 4059 1432 4100 antmn

183 4121 317 4199 expolire
340 4132 370 4180 et
392 4123 532 4200 perticere
557 4125 589 4180 C.
614 4125 745 4181 Koradit·
769 4144 864 4202 neque
887 4128 982 4202 potnit
1006 4146 1101 4204 neque
1125 4127 1225 4186 voluit.

289 4260 401 4333 ltestat,
424 4270 456 4319 ut
472 4281 543 4339 opus
560 4261 696 4322 omnibus
711 4263 809 4339 gentis
826 4273 943 4321 nostrae
967 4265 1131 4328 iuvenibus,
1155 4270 1205 4343 «pri
1230 4266 1435 4344 philosophiae

185 4343 313 4418 student,
336 4348 472 4426 inprimis
496 4359 594 4408 autem
617 4367 717 4408 sacrae
734 4349 901 4424 theologiae
925 4351 1067 4410 tironibus
1084 4353 1171 4410 ualde
1188 4353 1434 4412 commendemus.

185 4431 240 4490 Sat
263 4433 346 4492 multi
371 4436 451 4494 anim
475 4437 506 4495 in
530 4435 617 4496 rebus
639 4436 815 4513 theologicis
839 4457 898 4496 non
921 4449 1056 4496 accurate
1091 4440 1256 4517 loquuntur.
1280 4443 1349 4518 quia
1373 4443 1434 4502 vim

184 4529 216 4576 et
239 4520 389 4578 nationem
425 4541 533 4592 eorum,
557 4543 632 4600 quae
656 4524 686 4580 in
711 4523 872 4600 (tntologia
905 4537 1130 4602 pertractantur,
1155 4527 1232 4584 haud
1255 4527 1331 4586 bene
1354 4547 1434 4586 com·

185 4605 435 4683 prenhenderunt.
1036 4613 1086 4670 llr.
1109 4610 1151 4674 A.
1181 4608 1389 4676 l’u‘etit'tinilc.
