3450 5342
862 175 1053 230 -236—

335 365 453 440 generis
485 365 658 441 permittunt
688 361 807 440 quidem
831 364 1011 422 confessario
1041 373 1156 441 tempus
1186 364 1389 441 poeniteutiae
1412 361 1565 423 diminuere

335 462 466 508 attamen
490 447 683 508 sollummodo
707 449 762 506 hoo
786 451 816 507 iu
839 469 918 519 esau,
941 452 967 508 si
990 452 1144 528 poenitens
1174 453 1336 528 susceperit
1366 448 1490 528 aliquod
1509 469 1564 526 upra

336 536 548 614 poenitentiale
572 539 671 594 stricte
683 534 919 594 determinatum.
944 537 1048 615 ltaque
1060 558 1085 595 e.
1099 557 1141 614 gr.
1163 539 1268 615 siquis
1289 535 1418 615 spondet
1435 535 1565 594 abstineu-

335 625 408 682 tiam
420 644 438 682 a
451 625 521 682 vino
532 621 636 682 diebus
649 621 814 694 dominicis,
829 625 1009 702 permittitur
1020 625 1048 681 ei
1062 622 1219 682 diminutio
1229 625 1372 702 temporis
1384 625 1566 701 poeniteutiae

336 709 497 769 oauouibus
520 711 631 779 statuti,
654 721 683 767 et
699 709 827 788 quidem
844 709 944 769 ablato
959 731 1018 768 uno
1029 729 1121 783 auno;
1143 713 1190 769 siu
1202 720 1300 769 autem
1323 710 1459 768 abstinet
1470 729 1567 767 serrae

336 799 425 856 etiam
449 795 884 874 duobusaauispoenitautiam
896 795 1061 856 diminuere
1083 798 1162 856 lieet
1178 798 1317 856 -Haee
1339 796 1477 856 redactio
1487 817 1568 853 nome

336 886 466 956 canonis,
489 903 565 962 quae
588 883 745 942 manifesto
761 882 837 942 redit
861 883 898 942 ad
914 886 1103 943 severitatem
1127 887 1266 962 autiquae
1281 883 1465 962 disciplinae
1486 886 1568 960 poeui-

336 971 477 1040 teutialis,
507 979 625 1048 recepta
653 979 697 1028 est
728 972 759 1028 iu
787 969 919 1030 eodieem
949 973 1122 1030 eauouioum
1153 973 1239 1031 huius
1268 973 1413 1049 temporis
1444 970 1569 1028 eecleo'se

337 1057 636 1116 Graecae-orientalis
658 1060 690 1116 iu
706 1057 859 1127 Pedalion,
883 1057 962 1136 quod
984 1057 1096 1116 dieunt.
1119 1057 1233 1118 Eodem
1261 1070 1396 1137 tempore
1419 1059 1568 1116 teretium

337 1165 411 1204 saec.
436 1141 520 1202 Xl'¹⁰
548 1143 657 1223 prodiit
687 1147 718 1202 iu
749 1143 876 1222 quodam
899 1147 1076 1204 monasterio
1098 1148 1207 1204 montis
1229 1145 1327 1204 Athos
1355 1147 1483 1204 omnino
1510 1143 1569 1200 alim

336 1251 528 1302 nomooanou‚
559 1233 608 1310 qui
632 1234 763 1289 eontinet
793 1235 966 1310 praecipuas
996 1252 1114 1290 normas
1143 1234 1215 1290 iuris
1244 1235 1412 1290 eommunis
1444 1231 1569 1289 eeclesiae

336 1318 488 1377 orientalis
512 1327 541 1376 et
564 1330 641 1376 reete
669 1319 769 1376 vooari
791 1328 887 1396 potest
914 1317 1077 1392 „breviatio
1099 1323 1262 1378 eauouum“
1289 1317 1499 1398 (inscribiturz
1518 1311 1570 1378 Ne-

335 1405 487 1484 μακύνων
510 1405 580 1485 ἔχον
602 1405 732 1473 κανόνες
754 1405 818 1467 κατ’
843 1406 991 1486 ἐπιτομήν
1020 1441 1062 1448 -
1086 1406 1133 1464 vel
1155 1426 1174 1465 a
1195 1406 1259 1465 loeo
1281 1408 1471 1464 exarationis
1492 1405 1570 1461 Atho

337 1494 428 1556 nicus,
452 1493 499 1550 vel
523 1513 542 1550 a
564 1495 658 1570 primo
680 1492 793 1550 editore
815 1493 1056 1570 Pavlovius).

440 1577 607 1637 Notabilior
630 1581 693 1638 eius
716 1600 783 1657 pars
798 1582 918 1658 respicit
934 1579 1125 1658 disciplinam
1146 1579 1401 1658 poenitentialem.
1423 1579 1570 1636 Paeniten-

336 1667 378 1722 tia
401 1675 498 1724 autem
522 1665 735 1724 determinatur
758 1669 846 1724 ineo
871 1669 956 1725 iuxta
977 1687 1106 1725 canones
1128 1667 1315 1725 eonoiliorum
1340 1676 1369 1723 et
1387 1668 1476 1722 iuxta
1497 1685 1569 1722 cauo
1635 1727 1637 1750 Ι

336 1754 417 1810 nieas
440 1772 513 1830 quas
536 1761 643 1810 voeant
672 1753 812 1830 epistolas
835 1755 1015 1812 (lraeeorum
1038 1763 1161 1832 patrum.
1188 1753 1340 1830 Quasdam
1363 1753 1487 1829 regulas
1508 1771 1571 1808 eom
1635 1753 1637 1793 ἶ

336 1859 439 1898 munes
462 1837 552 1898 habet
574 1859 639 1898 oum
668 1859 869 1898 uomoeanone
900 1841 1069 1902 Nesteutae.
1098 1842 1218 1899 Nimiae.
1240 1851 1337 1898 antem
1367 1837 1570 1916 indulgentiae,

336 1947 411 2004 quae
424 1929 542 2004 propria
554 1937 597 1984 est
611 1928 821 1986 uomocauonis
834 1927 956 1986 loannis
967 1928 1136 2000 Nesteutae,
1160 1929 1218 1986 iam
1231 1927 1343 1986 nullum
1355 1937 1403 1984 est
1415 1927 1570 2002 vestigium.
1635 1940 1637 1965 ³

337 2012 401 2086 (eir.
414 2012 595 2084 Eordaikos,
618 2013 661 2071 Po
674 2013 790 2092 povodu
813 2025 853 2072 vt.
866 2014 922 2072 iad.
936 2015 1147 2073 Nomoosnoua
1168 2017 1213 2093 pri
1226 2016 1260 2081 B,
1271 2014 1377 2072 'I'r.-
1402 2035 1432 2090 p.
1445 2014 1487 2070 ts
1498 2010 1569 2090 sqq).
1635 2038 1636 2059 t

338 2134 376 2142 —-
391 2099 445 2157 Ille
458 2120 642 2158 uomoeauou
665 2099 995 2180 (uakouopraritelnih)
1007 2121 1084 2161 saec.
1095 2102 1188 2159 Xt'10
1212 2122 1313 2160 versus
1332 2115 1377 2158 est
1403 2103 1437 2158 iu
1453 2101 1571 2176 linguam

337 2187 485 2244 §lavieum
500 2186 694 2264 (heroicorum
719 2209 793 2246 saec.
810 2198 908 2246 autem
931 2191 1066 2266 sequenti
1089 2192 1185 2266 prima
1208 2192 1272 2246 vice
1295 2188 1443 2264 Kijoviae
1467 2187 1570 2264 (teter
1635 2242 1637 2245 .

335 2273 443 2332 deiude
467 2274 635 2332 Mosooviae
658 2273 754 2332 editus
778 2274 937 2334 hodiedum
960 2277 992 2333 in
1015 2277 1123 2334 Ruasia
1144 2276 1274 2334 valorem
1297 2295 1380 2333 suum
1405 2264 1523 2332 retinet

441 2361 524 2418 Haeo
547 2371 591 2418 est
615 2361 737 2418 historia
769 2364 979 2420 uomoeauouis
1009 2363 1172 2421 Nesteutae
1202 2361 1272 2420 inde
1293 2383 1313 2420 a
1334 2381 1413 2419 seeo
1440 2362 1517 2418 ΧΨ
1535 2391 1570 2398 -
1635 2410 1637 2434 ,

335 2448 399 2505 lam
428 2449 586 2525 quaeritur,
617 2467 762 2526 quaenam
794 2451 833 2506 sit
862 2451 926 2508 eiua
958 2449 1083 2508 historia
1112 2459 1181 2508 aute
1210 2468 1285 2508 saeu.
1315 2449 1355 2505 X.
1381 2448 1459 2506 iude
1482 2447 1567 2504 atine
1635 2476 1636 2489 ι

334 2554 408 2593 saec.
453 2529 520 2591 Vl.tl
551 2555 608 2612 quo
650 2545 780 2612 tempore
818 2537 946 2596 Ioannes
990 2537 1134 2595 Nesteuta
1182 2536 1415 2615 patriarchatum
1459 2532 1566 2592 tenebat

335 2618 542 2702 (sae-oss).
1635 2618 1637 2626 ’

439 2707 513 2766 Cum
548 2717 648 2766 tame'n
683 2708 796 2766 nullum
827 2711 986 2786 positivum
1017 2712 1219 2768 testimouium
1249 2708 1287 2767 de
1318 2711 1382 2766 eius
1418 2706 1569 2766 existentia

334 2804 403 2851 aute
427 2814 503 2854 saec.
516 2795 555 2852 Χ.
579 2796 675 2853 aliiarri
699 2797 843 2872 possit-
857 2795 924 2854 ideo
946 2799 1018 2855 satis
1030 2795 1155 2856 fundata
1166 2805 1211 2855 est
1233 2797 1327 2854 altera
1337 2798 1489 2873 quaestio:
1511 2812 1569 2850 uum
1635 2809 1637 2847 ῑ

334 2900 438 2938 revera
461 2879 535 2938 liber
558 2881 608 2940 ille
631 2883 852 2959 poenitentialis
882 2886 1027 2960 originem
1057 2904 1140 2942 suam
1163 2882 1272 2942 habeat
1298 2903 1316 2940 a
1338 2883 1457 2940 Ioanne
1486 2880 1569 2938 Patri·

334 2967 433 3026 archa.
469 2967 679 3044 Quaestionem
712 2969 797 3038 hano,
820 2979 962 3049 utsupra
992 2979 1125 3029 notatum
1154 2982 1207 3041 est,
1229 2972 1289 3028 iam
1319 2971 1414 3028 movit
1446 2967 1498 3028 sed
1519 2985 1567 3024 nou
1635 3022 1636 3025 ,

335 3054 424 3114 solvit
446 3055 542 3113 Nioou
566 3056 809 3132 Montenegrinus
833 3077 909 3116 saee.
931 3059 1027 3118 X1m0.
1052 3093 1089 3100 —

438 3143 620 3220 Praeprimis
650 3141 947 3202 animadvertendum
977 3153 1031 3217 est,
1060 3165 1112 3202 eas
1143 3142 1328 3202 reductiones
1357 3142 1567 3201 uomooauouis.
1635 3179 1637 3219 t

334 3250 409 3306 quae
433 3227 470 3287 ad
495 3249 547 3288 nos
571 3239 776 3307 petronianum,
806 3231 913 3290 Ioanni
936 3231 1129 3290 Patriarehae
1152 3230 1232 3289 nullo
1254 3229 1341 3288 modo
1363 3227 1459 3288 tribui
1488 3246 1568 3306 posse.

332 3317 453 3374 Etenim
477 3319 508 3374 in
540 3319 582 3375 eis
613 3337 708 3375 sermo
739 3325 783 3374 est
806 3317 842 3376 de
866 3317 1101 3396 quadragesimis
1132 3316 1288 3378 duodecim
1318 3317 1519 3395 apostolorum
1544 3327 1567 3369 et
1635 3378 1637 3399 Ι

332 3403 475 3482 Philippi,
499 3424 575 3482 quae
602 3403 677 3462 duae
708 3403 953 3482 quadragesimae
985 3426 1077 3484 usque
1100 3404 1139 3463 ad
1161 3425 1236 3464 saec.
1259 3404 1316 3462 ΙΧ.
1338 3402 1417 3481 apud
1450 3403 1566 3462 Graecos

332 3492 451 3567 ignotae
475 3503 567 3549 erant.
592 3491 693 3549 Sermo
717 3510 832 3570 quoque
856 3502 901 3550 est
923 3491 960 3550 de
982 3491 1137 3551 monachis
1159 3493 1242 3571 parvi
1266 3501 1296 3548 et
1318 3492 1419 3568 magui
1453 3489 1567 3551 habitus,
1635 3561 1637 3579 Ι

333 3597 408 3656 quae
433 3577 586 3636 distinctio
610 3577 727 3636 domum
751 3599 826 3637 saec.
850 3579 907 3639 IX.
930 3578 1063 3637 stabilita
1085 3589 1156 3638 erat.
1180 3613 1219 3620 —
1243 3578 1301 3636 His
1317 3576 1566 3636 nonobstantibus
1635 3592 1637 3597 '

332 3665 356 3721 I.
379 3665 512 3723 Morinos
536 3667 646 3743 primus
670 3663 765 3725 editor
787 3669 999 3725 nomooauonis
1021 3667 1184 3724 Nesteutae
1206 3665 1389 3723 authentiam
1413 3666 1481 3723 eius
1498 3674 1567 3723 tene
1635 3652 1637 3667 ¹

331 3749 382 3809 bat
405 3760 512 3829 putans
537 3751 609 3810 haee
633 3753 750 3830 aliaque
774 3752 885 3811 similia
908 3773 972 3812 esse
995 3752 1199 3812 additamenta
1227 3753 1397 3830 posterioris
1428 3753 1565 3829 temporis.

437 3839 583 3895 Binterim
607 3849 704 3897 autern
728 3861 764 3898 ex
789 3860 877 3917 supra
898 3839 1038 3899 iudicatis
1061 3839 1224 3899 rationibus
1239 3841 1361 3916 negavit
1383 3839 1565 3897 authentiam

440 3923 563 3982 Ultimis
586 3923 740 3986 decenniis
763 3929 914 4006 praeteriti
946 3927 1057 3986 saeeuli
1079 3929 1186 3985 iterata
1208 3929 1273 3984 viee
1296 3923 1508 4005 (Nomokanon
1528 3923 1564 4003 pri

331 4009 459 4068 Bolhom
491 4009 644 4070 Trebuihll
675 4011 720 4071 ed.
743 4015 766 4072 I.
791 4013 906 4074 Odesss
937 4017 1018 4073 1872
1051 4012 1097 4074 ed.
1126 4015 1166 4076 Π.
1198 4013 1326 4072 Meskva
1360 4013 1458 4088 1897)
1489 4020 1568 4089 atque'

331 4099 444 4174 optima
474 4097 612 4156 methodo
647 4101 831 4159 authentiam
861 4100 930 4159 libri
964 4099 1144 4160 defendebat
1173 4100 1223 4162 Al.
1247 4101 1277 4161 S.
1299 4100 1423 4168 Pavlov,
1457 4099 1564 4159 studens
1635 4145 1637 4182 ξ

330 4181 532 4242 demonstrare
556 4205 786 4246 nomooanonem
809 4188 1053 4266 poenitentialem
1075 4187 1255 4266 inpartibus
1277 4184 1486 4246 essentialibus
1506 4204 1562 4244 eou-
1635 4188 1637 4193 ‘

330 4271 470 4347 seriptum
494 4291 558 4330 esse
582 4292 599 4330 a
621 4274 791 4351 patriarcha
814 4275 926 4334 Ioanne
944 4276 1096 4334 Nesteuta.
1120 4275 1311 4334 Potissimum
1333 4275 1397 4332 eius
1420 4291 1564 4351 argumen-
1635 4268 1637 4286 '

330 4367 392 4414 tum
416 4366 468 4428 est,
491 4366 622 4437 tempore
639 4360 759 4420 Ioannis
783 4362 968 4440 patriarchae
991 4372 1122 4441 systema
1145 4360 1321 4439 discipliuae
1343 4360 1562 4438 poenitentialia
1635 4306 1637 4435 Ι

331 4443 409 4522 quod
433 4444 555 4522 praebet
584 4445 670 4505 nobis
694 4467 878 4507 nomoeanon
899 4450 1071 4527 Nesteutae,
1101 4451 1160 4507 iam
1184 4449 1275 4507 fuisse
1297 4447 1457 4510 evolutum.
1486 4450 1562 4511 Iusta
1635 4520 1637 4559 Ι
