3450 5342
700 471 732 476 -—
759 441 821 496 259
849 471 886 480 -

161 625 251 702 legiis
280 627 389 682 veteris
421 639 469 683 aut
504 645 598 683 norae
629 627 747 694 Romae,
782 625 833 683 sed
865 626 902 683 de
929 627 1101 704 „l‘ilioquw
1138 641 1168 683 et
1201 628 1238 685 de
1270 631 1414 702 regimine

163 711 319 770 ecclesiae.
339 711 377 768 Et
401 710 569 770 labentibus
593 713 772 790 temporibus
796 723 855 770 tam
881 714 940 771 alte
963 716 1033 770 iecit.
1049 713 1163 771 radices
1187 715 1294 772 malum
1313 731 1413 774 semen

162 797 321 856 divisionis
352 798 543 874 theologicae,
578 809 608 856 ut
640 801 691 856 rix
715 799 775 857 ulla
805 821 871 876 spes
902 801 1028 878 arnplius
1059 801 1199 872 affulgeat
1229 802 1299 858 mali
1324 803 1411 860 huius

165 884 345 962 extirpandi.

275 990 447 1048 Certamina
471 989 636 1065 theologica
659 989 695 1046 de
719 989 940 1067 quaestiouibus
961 990 1187 1068 particularibus
1210 993 1287 1048 iuter
1310 992 1411 1050 elaris-

167 1079 256 1134 simos
280 1079 358 1134 viros
381 1077 531 1152 utriusque
555 1076 706 1148 eeclesiae,
731 1097 795 1136 mea
819 1077 939 1156 quidem
963 1079 1238 1154 senteutia‚pa1·rrm
1263 1081 1415 1136 conferent

167 1163 206 1221 ad
236 1161 382 1222 sedandas
414 1161 584 1222 discordias.
613 1163 716 1222 saltem
750 1166 773 1220 si
806 1185 841 1221 ea
872 1176 1045 1242 argumenta
1076 1177 1189 1222 tautum
1221 1168 1413 1243 proferantur.

167 1269 243 1328 quae
270 1251 463 1308 communitor
492 1251 524 1306 in
554 1249 726 1308 euchiridiis
757 1249 933 1324 dogmaticis
964 1252 1154 1309 inveniuntur
1186 1262 1215 1308 et
1246 1251 1411 1330 aptitudine

167 1337 206 1395 ad
229 1335 463 1414 persuadendum
487 1335 664 1394 adversariis
688 1349 788 1394 carent
811 1355 864 1394 nec
888 1339 990 1396 horum
1007 1339 1136 1395 rationes
1158 1341 1327 1415 respiciunt.
1353 1341 1413 1396 Nus

168 1425 325 1481 asserimus
357 1423 574 1501 „lt'ilioquo‘
602 1421 765 1481 doctrinam
790 1445 854 1482 tasse
873 1424 1035 1482 revelatam
1059 1426 1090 1482 iu
1107 1425 1266 1502 Scripturis
1282 1428 1411 1484 Sanctis:

167 1508 332 1569 orthodoxa
360 1509 508 1586 theologia
539 1511 696 1588 respondet
720 1514 750 1567 iu
777 1511 942 1588 Evangelio
965 1520 1079 1569 tantum
1108 1513 1249 1570 affirmari
1273 1513 1413 1590 explicito

168 1598 382 1675 processionem
408 1599 436 1654 S.
460 1599 586 1674 Spiritus
617 1617 633 1655 a
657 1597 753 1656 Patre.
802 1598 955 1656 l‘olvimus
980 1599 1099 1655 l'atrum
1130 1600 1251 1677 scripta:
1290 1599 1414 1676 plurima

168 1685 333 1742 sententiae·
358 1692 473 1741 nostrae
498 1683 611 1747 tavent:
636 1705 695 1742 nou
719 1683 825 1742 desunt
848 1698 1044 1762 tamemquuc
1068 1683 1219 1744 doctrinae
1233 1684 1414 1744 Graecorum

169 1773 328 1828 convenire
340 1769 491 1828 videntur:
508 1770 652 1828 obicimus
665 1771 742 1848 qrrod
756 1771 917 1848 speculatio
934 1772 1101 1849 theologica
1117 1774 1272 1830 raritatem
1286 1772 1414 1830 ostendit

168 1857 315 1934 dogmatis
346 1859 454 1916 nostri:
489 1860 591 1914 iterum
617 1860 747 1934 arguitur
771 1857 849 1936 qood
872 1859 1002 1916 humana
1025 1861 1098 1916 ratio
1132 1879 1190 1916 uon
1221 1858 1340 1936 praebet
1364 1881 1415 1916 cx-

168 1946 363 2022 perimentum
389 1965 481 2001 rorum
508 1943 584 2004 fidei.
610 1945 692 2002 Haec
715 1943 818 2002 tradem
843 1947 873 2002 in
897 1943 1020 2002 tutando
1043 1943 1181 2020 dogmate
1204 1945 1414 2004 Immaculatae

169 2031 378 2108 Conceptionis
409 2039 569 2092 occurrunt.
615 2032 711 2088 Facili
735 2031 899 2089 orrulitione
932 2033 1058 2110 plurima
1091 2031 1282 2091 desumuntur
1312 2054 1348 2089 ox
1381 2033 1415 2089 li-

169 2120 265 2194 turgia
296 2115 411 2174 Graeca
446 2117 483 2175 ad
512 2117 694 2195 probandum
725 2119 818 2176 titulis
849 2119 983 2196 plurimis
1015 2121 1107 2176 asseri
1130 2118 1237 2189 dogma
1268 2120 1414 2177 Latinum.

169 2203 228 2262 sod
252 2205 312 2262 fere
344 2204 431 2262 hosce
455 2225 556 2262 omncs
580 2206 688 2274 titulos,
719 2207 767 2283 qui
793 2207 889 2263 ail'erri
914 2207 1017 2267 solent.
1052 2208 1158 2264 ttraeci
1183 2207 1414 2282 interpretantur

169 2292 260 2348 veluti
294 2291 425 2368 epitheta
455 2290 634 2349 declarativa
672 2294 850 2368 virginitatis
873 2293 915 2370 fac
946 2313 1077 2350 suarinas
1106 2295 1272 2350 sanctitatis
1306 2295 1415 2349 lleatae,

169 2379 291 2448 Mariae,
314 2391 344 2435 et
359 2377 530 2456 plerumque
542 2377 718 2456 philologiee
743 2381 837 2456 magis
852 2394 1058 2440 cotrseutauea.
1082 2392 1111 2436 ut
1126 2383 1236 2458 opinor,
1260 2401 1358 2437 eorum
1371 2392 1415 2437 cst

169 2465 336 2543 explicatio.
362 2466 392 2523 Si
406 2475 490 2522 ‘tanta
512 2465 645 2523 claritate
662 2481 789 2523 restrum
807 2465 915 2542 dogma
938 2466 1038 2541 fulget.
1062 2466 1146 2524 uobis
1165 2466 1295 2523 obiciunt
1318 2467 1416 2523 ortho-

169 2552 248 2620 doxi,
266 2573 317 2608 cur
340 2551 482 2628 praeclari
507 2555 583 2609 iuter
606 2565 718 2610 vestros
735 2551 877 2613 doctores.
900 2552 1031 2610 Thomas
1045 2556 1180 2629 Aquinas
1203 2565 1231 2610 et
1251 2552 1416 2610 bernardus

171 2639 411 2708 Claravallensis
435 2637 561 2716 idipsum
576 2643 736 2716 negarunt?
750 2685 776 2698 ..
800 2639 888 2714 Quid,
905 2639 982 2717 quod
995 2638 1098 2696 eadem
1115 2654 1311 2717 congeruntur
1327 2642 1416 2696 etiam

170 2729 201 2784 in
224 2728 380 2804 primatum
412 2736 440 2782 ct
474 2725 716 2784 infallibilitatem
742 2727 866 2782 llomani
896 2725 1060 2782 l'outiticis!
1094 2727 1251 2784 l'rimitira
1283 2727 1415 2795 ecelesia,

169 2815 211 2870 ita
233 2814 341 2871 uostris
365 2811 500 2870 omnibus
523 2813 704 2889 argumentis
721 2811 921 2889 respondetur,
946 2812 1087 2869 adscribit
1111 2813 1230 2890 quidem
1255 2816 1413 2890 primatum

171 2900 289 2958 honoris
306 2900 446 2956 llomauis
462 2901 620 2977 episeopis:
644 2897 772 2974 denegat
794 2901 837 2956 eis
861 2913 961 2955 tamou
977 2902 1022 2956 ius
1043 2914 1181 2957 coristaus
1197 2910 1228 2957 at
1245 2912 1416 2977 perpetuum

172 2985 293 3064 regendi
317 2996 406 3044 totam
431 2987 586 3044 eeclesiam
609 2997 749 3062 tanquam
774 2989 917 3063 supremis
940 2989 1094 3063 episeopis.
1121 2989 1227 3044 ,letum
1244 2990 1322 3044 enim
1340 3001 1417 3043 esset

172 3073 208 3130 dc
239 3081 300 3130 tota
323 3073 490 3130 hierarchia
513 3073 681 3150 episcopali,
706 3075 730 3128 si
755 3093 828 3130 turus
852 3084 965 3130 tautum
990 3076 1143 3151 episcopus
1166 3073 1221 3130 sibi
1247 3073 1413 3130 vindicaret

172 3163 216 3217 ius
238 3160 422 3218 exclusivum
452 3162 481 3218 in
505 3159 639 3218 omnibus
663 3158 809 3236 epure-biis
832 3158 869 3216 ad
893 3157 1010 3216 libitum
1032 3160 1114 3236 loges
1137 3160 1351 3216 <aeclesiasticas
1376 3159 1416 3215 fe-

173 3246 265 3304 rendi.
291 3248 414 3304 lltiaursi
433 3247 505 3304 hacc
521 3261 548 3302 et
566 3247 626 3304 alia
641 3267 715 3324 quae
736 3244 813 3323 apud
830 3246 982 3319 theologos
998 3245 1176 3304 orthodoxos
1194 3268 1280 3324 saepe
1297 3248 1414 3322 saepius

174 3335 365 3412 reperiuntur,
399 3353 417 3390 a
448 3334 593 3411 theologis
628 3335 736 3390 uostris
770 3332 878 3390 validis
909 3333 1071 3391 rationibus
1101 3334 1283 3401 refelluntur.
1318 3344 1422 3391 tamea

173 3422 319 3480 sententia
342 3419 576 3478 adversariorum
600 3439 658 3477 non
683 3429 818 3476 mutatur.
862 3419 945 3480 idem
968 3432 1204 3492 argumentorum
1229 3419 1343 3497 pondus
1366 3419 1416 3476 ab·

172 3508 242 3566 hinc
265 3507 397 3585 pluribus
421 3507 545 3564 saeculis
570 3508 722 3583 repetitur:
753 3506 864 3564 utilitas
889 3527 958 3563 reru
982 3527 1018 3563 ex
1042 3507 1245 3580 theologorum
1269 3521 1418 3564 concorta-

174 3593 302 3652 tionibus
326 3614 385 3650 nou
408 3614 472 3651 raro
497 3595 647 3650 acerrimis
672 3592 753 3650 nulla
777 3595 837 3649 lbre
861 3595 983 3671 capitur.

278 3691 357 3773 Quid
390 3699 478 3773 igitur
509 3695 701 3755 laciendum?
725 3743 730 3752 .
755 3747 760 3757 .
786 3743 791 3754 .
817 3697 894 3754 Num
918 3696 1067 3768 theologia
1092 3697 1235 3773 polcruiea
1259 3699 1288 3752 in
1313 3697 1419 3753 (lricu-

175 3785 248 3842 tales
279 3784 418 3842 ecclesius
449 3787 568 3842 onrrtiuo
599 3783 809 3860 relinquenda?
855 3782 984 3859 Quidam
1017 3796 1121 3860 putant
1151 3784 1312 3840 tisciliorem
1336 3781 1417 3840 riam

173 3871 210 3928 ad
233 3870 395 3948 parandam
420 3873 556 3928 unionem
580 3871 769 3928 ecclesiaram
801 3869 887 3927 nobis
918 3870 990 3935 dari,
1020 3873 1043 3926 si
1069 3873 1227 3947 praecipua
1249 3877 1417 3927 coutrover-

174 3960 282 4016 siarum
306 3959 404 4034 capita
428 3978 485 4016 non
510 3965 540 4015 ut
564 3957 703 4034 dogmata
726 3959 877 4034 utriusque
901 3959 1087 4033 accipiamus,
1122 3957 1173 4014 sod
1197 3956 1345 4034 simplices
1368 3954 1421 4012 do-

173 4055 282 4102 ctorum
296 4044 439 4102 ecclcsiae
455 4047 608 4122 opiniones
624 4053 784 4103 teneamus.
812 4043 1030 4123 »Filioque«
1051 4041 1131 4100 verbi
1145 4046 1242 4121 gratia
1255 4042 1420 4101 doctrinam

175 4151 238 4189 csse
262 4132 435 4190 Latinorum
466 4133 597 4202 l'atrum,
633 4134 803 4208 praesertim
835 4156 856 4187 s.
882 4133 1062 4206 Augustini:
1093 4133 1157 4188 eius
1187 4133 1373 4206 negationem
1403 4152 1420 4186 e

174 4229 276 4276 contra
306 4221 337 4276 in
368 4217 493 4276 ecclesia
516 4221 632 4278 (traces
655 4219 863 4296 praevaluisse.
902 4217 1017 4274 llsiude
1042 4218 1132 4290 tieret,
1157 4233 1186 4274 ut
1209 4228 1331 4294 utraque
1355 4238 1420 4274 seu-

175 4307 269 4363 tentia
290 4326 328 4362 ex
352 4326 447 4383 aequo
471 4306 547 4384 apud
572 4304 724 4381 theologos
747 4303 868 4360 ‹leibudi
893 4314 998 4380 posset.
1036 4303 1207 4361 sternata·
1232 4305 1342 4360 Ktrssv
1367 4303 1421 4358 boc

175 4391 294 4470 quidem
319 4391 449 4450 modium
467 4395 624 4470 proposuit.
648 4405 678 4449 ut
691 4392 812 4448 l'cteres
829 4389 965 4447 catholici
984 4389 1085 4445 foedus
1109 4392 1217 4447 inirent
1237 4411 1301 4446 cum
1326 4392 1421 4446 oricu-

176 4477 283 4537 talibus
314 4478 456 4536 ecclesiis.
503 4475 637 4535 Eandem
668 4479 747 4534 viam
779 4477 958 4534 olrtr·issirrms
983 4476 1108 4532 ,ilarius
1132 4476 1247 4533 :llalcer
1272 4478 1420 4547 ingressus

174 4578 225 4637 est,
257 4576 336 4624 ratus
361 4568 391 4622 iu
416 4565 551 4624 omnibus
576 4565 636 4622 fere.
659 4563 823 4620 Romanam
847 4562 1012 4620 ltlcclesiam
1037 4583 1100 4618 cam
1126 4561 1297 4620 orthodoxis
1329 4561 1421 4616 eecle-

176 4654 226 4710 siis
257 4655 416 4711 conrenire
450 4654 587 4730 potuisse.
623 4653 677 4708 nisi
711 4651 867 4708 concilium
901 4649 1077 4706 l’aticauum
1112 4650 1232 4706 llomaui
1269 4649 1421 4705 l‘outiticis
