3450 5342
652 427 846 481 —141-

110 630 172 690 pro
206 613 329 671 materia
351 610 534 685 distributus,
567 612 833 671 ecclesiasticorum
856 632 1003 671 canonum
1028 646 1067 655 —
1095 625 1161 691 post
1194 622 1371 691 postremum

108 698 368 864 §Lupipitnlum
403 700 453 776 qui
485 698 524 757 de
546 698 694 757 Paschate
727 701 791 775 agit
824 699 906 779 (περί
940 702 995 759 τοῦ
1030 703 1143 779 καιροῦ
1178 703 1232 759 τοῦ
1257 696 1372 778 Πάσχα

113 896 204 977 Τῆς
229 898 363 976 ἁγίας
386 896 599 959 Συνόδου
629 897 771 1004 τῆςίἕν
800 896 973 979 Νικαίᾳ
1001 898 1203 979 περίτοῦ
1236 897 1370 976 ἁγίου

171 1072 325 1129 Sancti
361 1072 564 1130 Concilii
599 982 980 1131 inlbibdaliicaea
1013 1071 1241 1131 decretum
1275 1068 1323 1127 de

534 1168 693 1218 sancto
722 1157 954 1217 Panchate.

166 1266 369 1347 »Πέπραιιτοι
399 1269 434 1331 δὲ
456 1270 559 1339 οὕτως
584 1270 621 1332 τὰ
652 1270 718 1332 ὀό-
809 1271 855 1329 lta
877 1280 974 1330 autem
999 1281 1097 1329 actum
1120 1282 1173 1341 est,
1206 1272 1248 1327 uti
1271 1271 1368 1327 visum

111 1359 258 1426 ξαντα
280 1360 356 1418 πᾶσι
375 1362 438 1425 τοῖς
459 1357 492 1419 ἐν
513 1357 634 1439 τῇίερᾷ
655 1354 722 1419 Συ·
766 1367 812 1417 est
833 1355 970 1416 omnibus
1000 1358 1031 1415 in
1055 1376 1138 1415 sacra
1160 1356 1274 1437 synodo
1302 1376 1371 1414 cou-

110 1442 207 1521 νόάῳ
222 1442 433 1513 συνελθοῦσιν,
456 1445 489 1507 ἓν
504 1449 568 1513 ταῖς
589 1444 722 1525 ἡμέραις
765 1442 955 1503 venientibus
978 1442 1032 1503 sub
1046 1442 1151 1503 diebus
1174 1443 1304 1521 religiosi
1327 1454 1370 1501 at-

110 1534 173 1591 τοῦ
193 1526 371 1610 Θεοσεβοῦς
392 1529 445 1593 καί
466 1530 606 1610 μεγάλου
626 1528 719 1592 Κιαν-
765 1551 821 1610 quc
855 1532 955 1608 magni
992 1530 1190 1601 Constantini,
1224 1533 1273 1609 qui
1310 1549 1369 1589 uon

112 1615 288 1687 σταντίνου,
323 1618 359 1685 ὃς
381 1617 420 1678 οὐ
442 1617 544 1697 μόνον
566 1618 722 1697 συνήγαγε
765 1620 862 1696 coegit
908 1618 1000 1676 solum
1047 1620 1260 1697 suprascriptos
1298 1616 1369 1695 Epi-

110 1702 191 1771 τοὺς
204 1704 509 1785 προγεγραμμένους
527 1703 720 1774 ἐπισκόπους
764 1725 867 1783 scopos
880 1706 911 1762 in
923 1725 1021 1771 unum,
1038 1724 1141 1783 pacem
1153 1706 1233 1782 genti
1252 1715 1369 1763 nostrae

110 1790 159 1858 είς
183 1789 284 1859 ταύτό,
315 1791 440 1872 εἰρήνην
461 1792 654 1871 ποιούμενος
676 1795 722 1871 τῷ
765 1791 887 1863 iaciens,
911 1790 1068 1849 sedetiam
1092 1790 1187 1849 adsuit
1210 1790 1368 1850 eorundem

112 1876 202 1938 ἔθνει
231 1876 334 1956 ἡμῶν,
369 1876 444 1939 otti
469 1876 530 1957 γάρ
558 1876 612 1939 καί
641 1898 721 1957 συμ-
765 1880 934 1949 conventui,
967 1879 1141 1957 collatisque
1163 1878 1295 1937 consiliis
1317 1896 1369 1934 ex-

112 1962 233 2040 παρὼν
255 1969 291 2043 τῇ
313 1964 435 2027 τούτων
457 1963 609 2045 ὅμηγιίρει
630 1965 719 2025 συνί-
764 1964 877 2043 pendit,
894 1967 1013 2043 quaein
1030 1964 1202 2023 Catholicae
1215 1964 1368 2022 Ecclesiae

113 2052 192 2121 ταξε
212 2048 249 2110 τά
272 2052 474 2131 συμφέροντα
505 2057 541 2133 τῇ
563 2049 721 2131 καθοίοιῇ
764 2051 873 2111 bonum
891 2050 1072 2129 spectabant.
1096 2052 1256 2129 Postquam
1278 2052 1368 2127 igitur

109 2132 292 2217 Ἐκκλησία.
311 2134 436 2219 Ἐπειοί]
452 2139 564 2209 τοίνυν,
579 2136 719 2209 &erulo-
764 2138 796 2196 id
847 2136 1043 2198 deliberatum
1093 2138 1252 2215 diligenter
1304 2137 1366 2199 fuit.

111 2224 218 2303 μένου
238 2228 294 2287 τοῦ
312 2224 497 2305 πράγματος
518 2223 621 2303 περί
641 2228 719 2287 τοῦ
762 2234 860 2284 utrum
888 2246 1008 2285 necesse
1039 2235 1116 2285 esset
1139 2236 1282 2283 concentu
1316 2244 1369 2284 un·

113 2309 215 2371 άεῖν
237 2312 498 2391 συμφώνως
519 2312 645 2390 ἄγειν
673 2310 720 2372 τὸ
764 2314 857 2371 animi
887 2314 990 2390 peragi
1018 2312 1135 2371 Pascha
1166 2309 1204 2369 ab
1232 2313 1370 2369 uniuersa

113 2394 275 2477 Πάσχα
310 2398 489 2460 ἅπασαν
526 2398 603 2478 τὴν
635 2396 719 2459 ὑπὸ
764 2398 818 2458 anb
852 2398 943 2458 Coelo
979 2398 1123 2466 Ecclesia
1157 2410 1186 2457 et
1216 2400 1370 2457 inventum

112 2506 132 2544 ο
145 2483 168 2543 ὖ
180 2507 200 2562 ρ
210 2506 231 2543 α
242 2484 326 2555 νόν,
348 2483 471 2565 ηὑρέθη
494 2484 531 2546 τὰ
553 2485 620 2565 τρία
635 2486 717 2565 μέρη
762 2496 816 2558 est,
838 2495 898 2544 tres
914 2488 1003 2545 totius
1019 2486 1097 2545 orbis
1112 2500 1212 2564 partes
1232 2487 1263 2543 in
1278 2504 1368 2545 unum

110 2575 170 2650 τῆς
185 2570 718 2651 ιῖκουμέντγςσυμφώναιςποιοῦντα
762 2574 928 2631 consentire
963 2592 1028 2631 curn
1060 2574 1202 2632 Romanis
1236 2582 1265 2629 et
1297 2571 1368 2629 Ale·

113 2656 277 2736 Ρωμαίοις
291 2658 344 2719 καί
354 2657 613 2739 Ἀλεξανδρεῦσιν,
631 2659 666 2719 ἓν
681 2657 716 2720 δὲ
762 2659 925 2730 ηαάήοίε,
963 2680 1051 2719 uuam
1084 2680 1154 2718 vero
1192 2658 1364 2717 orientalem

110 2742 170 2805 καί
184 2742 285 2823 μόνον
300 2744 393 2824 κλίμα
411 2752 465 2827 τῆς
475 2744 641 2822 Ἀνατολῆς
655 2745 716 2826 dp·
761 2748 881 2825 plagam
896 2766 961 2805 esse
977 2745 1139 2819 dissonam
1164 2740 1362 2818 visumst,

112 2830 309 2910 ‹paossrprot'rr'
325 2828 490 2904 ἜΔΟΞΕ,
508 2833 642 2914 πάσης
658 2833 719 2913 (tp-
764 2832 897 2912 qnalibet
912 2832 1028 2893 sublati
1051 2834 1223 2912 quaestione
1246 2844 1275 2890 et
1298 2852 1367 2890 con·

111 2917 291 2997 τήσειος
336 2918 721 3000 περιαίρεθείσης
764 2919 950 2991 tradictioue‚
983 2918 1087 2979 eodem
1114 2940 1194 2979 more
1220 2916 1368 2995 agendum

112 3028 133 3065 ιι
149 3002 193 3064 ul
217 3002 490 3084 ἀντιλογίας,
513 3006 615 3075 οὕτως
636 3006 720 3087 ἄγειν
764 3027 830 3067 ease
862 3006 1002 3066 fratribus
1026 3006 1166 3077 Orientis,
1199 3024 1257 3085 qno
1280 3004 1367 3063 modo

112 3089 256 3158 καὶτοὺς
271 3090 427 3171 ἀδελφοὺς
446 3092 519 3161 τοὺς
533 3092 567 3154 ἐν
581 3098 618 3175 τῇ
628 3093 718 3155 Ἂνα·
763 3104 855 3172 agant
870 3094 997 3155 Romani
1017 3104 1046 3152 et
1062 3091 1260 3151 Alexandrini
1278 3103 1366 3170 atque

111 3178 191 3257 τολῇ
228 3175 275 3245 ὡς
311 3178 441 3258 ἄγουσιν
473 3178 622 3259 Ῥωμαῖοι
665 3180 720 3241 καί
763 3182 872 3240 caeteri
887 3200 998 3253 omnes,
1020 3189 1053 3239 nt
1075 3181 1172 3239 cuncti
1189 3181 1220 3237 in
1244 3198 1303 3237 una
1317 3178 1366 3236 die

108 3262 322 3343 Ἀλεξανδρεῖς
343 3265 396 3327 καί
422 3267 454 3327 oi
474 3266 576 3328 λοιποί
597 3266 717 3339 πάντες,
762 3270 904 3328 unanimo
941 3275 1040 3326 mente
1079 3280 1193 3325 sursum
1231 3268 1368 3323 emittant

112 3350 221 3429 πρὸς
249 3350 291 3411 τὸ
320 3353 474 3421 πάντας
507 3354 547 3415 ἒν
574 3354 717 3435 papist-
761 3375 864 3433 preces
887 3354 993 3412 inillis
1016 3352 1367 3412 diesauctbPaschatis.

111 3440 221 3516 μέρᾳ
259 3437 495 3519 ὁμοφώνως
539 3440 715 3521 άναπέμ-
760 3442 857 3500 -Et
872 3440 1106 3519 subscripserunt
1122 3442 1171 3517 qui
1188 3438 1225 3497 ab
1243 3438 1365 3499 Oriente

111 3546 206 3585 πειν
234 3524 303 3593 τὰς
331 3525 454 3606 εὐχάς
483 3532 526 3607 τῇ
556 3527 650 3608 άγίᾳ
680 3528 714 3608 ἡ-
760 3538 853 3599 erant,
895 3548 930 3587 eo
968 3527 1046 3607 qnod
1083 3548 1100 3586 a
1138 3528 1243 3585 ceteris
1281 3536 1365 3583 erant

112 3612 223 3689 μέρᾳ
245 3616 315 3672 τοῦ
331 3610 483 3694 Πάσχα.
500 3646 541 3657 -
557 3612 621 3675 Καί
642 3614 716 3676 tat·
762 3614 971 3675 dissentientes
987 3611 1020 3695 ¹).

113 3718 246 3777 γράψον
268 3698 299 3758 ol
319 3704 372 3779 τῆς
389 3699 555 3781 Ἂνατολῆς
582 3699 629 3769 ὡς
651 3699 718 3763 διο-

113 3788 298 3863 γωνοῦντες
319 3785 400 3865 πρὸς
420 3786 493 3855 τοὺς
514 3786 655 3856 άλλοος.«

219 3888 296 3947 Prae
318 3891 411 3949 oculis
433 3890 576 3949 habemns
602 3891 681 3969 qnod
704 3890 761 3950 sibi
784 3892 912 3950 Nicaeui
935 3892 1040 3950 Patres
1063 3909 1133 3967 prae
1156 3886 1292 3947 omnibus
1318 3890 1363 3947 in·

113 3976 220 4052 primis
252 3995 437 4054 proposuere.
473 3978 582 4037 Nonne
618 4000 671 4057 per
706 3978 780 4037 haec
812 3976 921 4036 verba:
964 3975 1164 4055 „qualibet
1206 3974 1363 4033 sublati

113 4064 354 4139 quaestione
385 4073 422 4123 et
451 4064 796 4124 contradictionel
832 4073 862 4122 et
885 4084 937 4143 per
959 4066 1076 4123 unicam
1108 4082 1179 4122 ase
1206 4059 1364 4121 adductam

111 4169 183 4208 snae
207 4147 367 4209 decisionis
389 4154 542 4223 rationem,
564 4151 643 4231 quod
665 4151 805 4211 videlicet
832 4162 931 4224 „tres
953 4151 1078 4210 totins
1102 4147 1209 4208 orbis
1234 4161 1364 4227 partes

111 4254 193 4293 cnm
224 4236 411 4297 Romanis
441 4250 479 4297 ct
508 4236 801 4297 Alexandrinis
829 4235 1149 4306 consentiebant,
1181 4239 1255 4295 uuit
1286 4248 1364 4294 tan·

179 4420 201 4487 ¹)
220 4420 265 4476 Ex
283 4423 427 4478 codicibus
444 4438 504 4478 aar.
523 4422 589 4478 Vat.
608 4422 668 4490 848,
688 4422 706 4478 l.
723 4423 766 4477 33.
785 4452 817 4463 -
836 4422 1011 4477 Paria1826.
1034 4419 1082 4475 iol.
1101 4420 1144 4475 63.
1164 4448 1193 4459 -
1214 4418 1255 4473 Ιά.
1273 4418 1363 4489 suppl.

218 4489 1117 4630 ιιι-ποια
1136 4490 1238 4627 τοι
1256 4504 1364 4613 ιιι

219 4630 509 4687 ecclesiastici
545 4631 786 4686 Graecorum
822 4630 1000 4686 historia
1037 4634 1074 4684 et
1106 4632 1362 4683 monumenta.

217 4700 326 4755 Romae
345 4700 420 4757 186⁴.
439 4701 471 4755 Τ.
491 4703 515 4767 1,
534 4718 562 4769 p.
579 4700 640 4756 tet.
