3450 5342
799 418 842 427 -·
868 388 928 443 21111
954 420 994 427 -

374 570 447 623 Dub.
460 570 483 623 l.
498 572 528 623 ln
541 572 737 625 controversia
750 587 815 624 cum
827 572 998 625 Novatlanis
1012 588 1068 625 11011
1081 573 1227 639 agebatur
1239 574 1275 625 de
1294 578 1522 627 sacramento

267 639 471 704 poenitentiae.
497 641 609 706 Alioqui
635 656 692 693 non
710 642 850 707 potuisset
870 642 1071 709 Gregorius
1088 642 1167 695 Nar.
1186 642 1231 695 Or.
1249 642 1292 709 39,
1311 659 1338 695 n.
1354 642 1388 695 19
1405 643 1522 695 dicere:

272 711 301 759 Et
318 711 347 759 dt
366 711 517 774 ἀμφίβολον,
534 714 631 761 νικάτω
648 713 679 761 τὸ
696 712 891 776 φιλάνθρωπον.

372 778 446 832 Dub.
464 779 488 832 2.
508 780 658 848 Agebatur
674 784 789 833 tantum
808 780 844 834 de
863 780 969 834 virtute
988 782 1195 848 poenitentiae;
1220 781 1250 833 id
1268 782 1350 847 patet
1368 796 1404 833 ex
1422 780 1520 847 modo,

268 863 326 970 gerlo
333 850 618 971 fflmfgmbffim'
629 850 803 917 aduersarii3
815 852 894 903 velut
908 850 928 902 (ἓ
934 867 950 915 y
959 866 976 917 p
985 850 1089 902 rianu
1099 867 1121 913 s,
1134 852 1184 917 llp.
1198 850 1244 917 59;
1263 850 1381 919 Grego
1390 866 1410 902 r.
1429 852 1520 917 Nar,

308 958 314 969 ι
370 960 446 1048 ’Dub.
466 961 490 1041 3
509 988 662 1041 Nouatiani
682 992 861 1056 negaverunt
881 989 971 1041 Deum
991 990 1089 1041 velle
1115 991 1279 1055 peccatores
1298 989 1453 1055 suscipere,
1475 989 1520 1041 eis

269 1056 427 1123 ignoscere.
456 1059 499 1111 lta
518 1058 594 1109 enim
620 1058 826 1125 Cyprianus
850 1062 1072 1127 argumentatur
1099 1058 1149 1124 lip.
1167 1057 1274 1111 assat
1297 1061 1329 1111 tu
1348 1058 1406 1110 iam
1424 1059 1521 1113 Nova·

267 1124 348 1177 tiane
367 1125 479 1181 iudicas
500 1130 530 1180 et
552 1128 663 1180 nullam
686 1143 767 1194 spem
786 1128 867 1193 pacis
890 1144 923 1181 ac
946 1128 1161 1181 misericordiae
1185 1128 1291 1180 habere
1318 1128 1416 1194 lapsos
1435 1144 1519 1195 prae-

268 1194 401 1247 dicas...
424 1196 555 1260 dicendo,
578 1197 654 1263 quod
674 1196 852 1262 poenitentia
871 1198 1016 1264 lapsorum
1043 1198 1080 1249 sit
1105 1212 1187 1260 rana,
1210 1212 1263 1249 nec
1282 1198 1373 1263 possit
1391 1198 1434 1249 eis
1454 1212 1519 1263 pro·

268 1263 355 1317 licere
373 1266 411 1317 ad
430 1267 562 1319 salutem.

374 1335 446 1388 Dub.
464 1336 489 1388 4.
508 1336 661 1389 Novatlani
681 1336 824 1402 putabant
841 1350 878 1387 ne
895 1336 985 1388 lleurn
1005 1336 1122 1401 quidem
1141 1350 1226 1401 posse
1244 1338 1363 1403 peccata
1381 1336 1516 1404 graviora

268 1403 425 1469 baptizatis
444 1405 598 1458 dimittere.
623 1405 835 1472 Ambrosius,
860 1406 901 1457 lle
924 1420 1005 1471 poen.
1025 1406 1042 1457 l.
1063 1406 1086 1468 1,
1109 1422 1131 1457 c.
1152 1404 1196 1457 ll:
1220 1406 1315 1473 „Quae
1337 1408 1435 1457 autern
1459 1406 1517 1457 ista

268 1474 443 1539 perversitas
462 1479 515 1541 est,
533 1478 566 1528 ut
585 1474 667 1528 vobis
685 1475 838 1528 vindicetis
857 1474 1009 1541 possibilia
1028 1490 1173 1539 concessu,
1198 1474 1265 1541 lleo,
1283 1478 1314 1527 ut
1334 1474 1388 1540 ipsi
1409 1474 1517 1540 dicitis,

267 1541 507 1608 impossibilia
525 1544 699 1597 reservetis?
716 1546 777 1597 Hoc
795 1548 841 1598 est
858 1545 913 1598 sibl
934 1545 1040 1613 eligere
1058 1560 1160 1597 causas
1179 1543 1357 1612 ignoscendi,
1378 1544 1436 1597 lleo
1455 1560 1517 1597 ma·

266 1612 370 1665 teriam
390 1614 538 1667 saeviendi
558 1612 745 1680 relinquere.“

372 1682 444 1735 Dub.
463 1682 487 1736 e.
506 1684 660 1737 Novatlani
678 1686 795 1737 tantum
810 1698 934 1751 poenam
952 1683 1179 1736 ecelesiasticam
1197 1682 1426 1734 irremissibilem
1450 1698 1516 1735 esse

266 1750 412 1805 dicebant.
431 1754 656 1820 Ambrosius,
682 1754 723 1806 lle
741 1768 823 1819 poen.
843 1755 861 1805 l.
881 1753 904 1820 1,
924 1770 946 1805 c.
966 1752 1133 1821 10:1igare
1195 1751 1401 1819 poenitentiam
1427 1753 1516 1819 dare;

267 1820 322 1873 hoc
338 1822 492 1876 Novatiani
512 1824 657 1888 uolebant,
675 1824 743 1890 qula
762 1825 873 1875 solvere
892 1839 923 1877 se
942 1838 998 1875 non
1019 1838 1103 1889 posse
1121 1822 1272 1888 putabant.

372 1891 444 1944 Dub.
462 1892 487 1944 6.
506 1893 659 1946 Novatiani
673 1897 787 1945 tanturn
800 1896 981 1960 negaverunt
992 1892 1080 1958 recipi
1095 1906 1179 1958 posse
1193 1894 1357 1957 peccatores
1377 1890 1404 1941 in
1425 1892 1516 1943 eccle·

266 1960 341 2012 siam
361 1967 390 2012 et
408 1961 445 2013 ad
466 1965 648 2015 sacramenta
666 1963 791 2015 admitti.
818 1964 892 2015 Nam
912 1962 1090 2029 poenitentia
1114 1961 1211 2029 agitur
1235 1960 1398 2025 „emerendi
1419 1960 1516 2029 gratia

267 2032 459 2083 sacramenti“
478 2036 508 2084 et
526 2033 563 2085 ab
582 2032 782 2085 Eucharistiae
806 2033 988 2098 susceptione
1006 2030 1158 2083 Novatiani
1182 2044 1246 2082 reos
1265 2029 1418 2081 criminum
1438 2030 1514 2096 capi·

265 2099 368 2151 talium
394 2102 594 2154 excludebant·
622 2102 787 2170 „Quomodo
812 2102 900 2170 igitur
927 2105 1021 2167 potest
1048 2100 1096 2167 qui
1125 2099 1230 2152 laniem
1258 2098 1368 2165 patitur
1396 2100 1514 2151 animae

266 2183 344 2232 snae,
363 2170 521 2223 studiosius
540 2172 631 2223 Deum
650 2172 770 2237 precari,
789 2171 812 2223 si
833 2186 946 2223 sacram
966 2167 1323 2237 11001101011111111011101113ι
1348 2168 1514 2237 Ambros,

266 2238 309 2288 lle
327 2253 409 2304 poen.
429 2241 447 2291 l.
466 2240 491 2307 2,
510 2258 532 2293 c.
546 2242 571 2308 3,
589 2256 616 2293 11,
637 2240 683 2307 16,
701 2240 734 2294 cl.
754 2243 771 2293 l.
785 2241 810 2306 l,
829 2258 852 2293 c.
872 2241 896 2307 1,
915 2241 984 2293 114.
1005 2242 1047 2292 lo.
1067 2240 1255 2305 chrysost,
1281 2238 1310 2290 ln
1330 2238 1416 2290 liehr.
1437 2240 1513 2290 hom.

201 2326 205 2333 ·
264 2307 307 2372 211,
326 2322 354 2359 11.
374 2307 408 2359 l:
431 2306 507 2361 Οὔτοι
525 2313 552 2361 dia
579 2311 616 2376 (ol
638 2314 685 2375 τὴν
702 2314 839 2376 perductus
858 2308 1034 2375 ἀναιροῦντες)
1060 2306 1203 2376 [tirason]
1231 2310 1281 2358 01111
1299 2310 1418 2370 ἀσφαλὲς
1445 2306 1513 2359 εἶναι

264 2380 417 2441 μεταδοῦναι
435 2386 577 2445 μυστηρίων
595 2386 650 2441 τοῖς
668 2383 852 2447 ἡμαρτηκόσιν,
871 2383 896 2431 rt
914 2397 945 2448 γε
964 2382 998 2444 μὴ
1017 2382 1084 2429 ἔστιν
1104 2379 1329 2442 decantantem.

371 2448 442 2502 llub.
463 2450 485 2502 7.
513 2450 667 2503 Novatiani
695 2452 864 2503 statuebant
887 2452 1059 2516 potestatem
1089 2447 1208 2515 ligandi,
1237 2462 1323 2513 quam
1350 2446 1511 2499 adversarii

264 2531 363 2568 eorum
389 2522 576 2586 negaverunt
606 2520 817 2586 Cyprianus,
847 2520 887 2571 lie
911 2518 1046 2587 virginib.
1073 2519 1111 2570 ad
1136 2518 1270 2583 Pompon.
1300 2514 1369 2581 tbtil:
1396 2516 1512 2581 „Neque

264 2586 342 2637 enim
361 2586 459 2640 uivere
477 2588 546 2641 ioris
563 2593 707 2656 possunt„
721 2606 786 2643 cum
810 2591 913 2643 domus
932 2590 983 2641 Ilei
1009 2604 1066 2640 una
1086 2586 1124 2639 sit
1150 2590 1179 2638 et
1203 2584 1311 2637 nemini
1335 2586 1414 2637 salus
1439 2600 1513 2653 esse,

264 2654 322 2706 nisi
340 2655 368 2707 in
388 2658 510 2711 ecclesia
528 2660 645 2725 possit“.

371 2754 478 2813 Verum
503 2777 533 2813 re
556 2758 621 2835 ipsa
650 2758 850 2816 Montanistae
873 2756 926 2833 (cf,
945 2778 972 2813 v.
995 2776 1022 2832 g.
1046 2754 1083 2811 D'
1109 2752 1190 2817 Ales,
1214 2752 1259 2811 La
1280 2751 1445 2828 Tlreologie
1467 2750 1505 2809 de

265 2841 440 2899 'l'ertullien
452 2843 538 2901 Paris
553 2846 643 2916 1904,
660 2844 749 2923 0119)
764 2854 793 2902 01
809 2844 971 2903 Novatiani
984 2842 1129 2921 haeretici
1138 2838 1334 2898 censebantur
1345 2850 1507 2916 propterea,

265 2926 344 3005 quod
367 2928 516 3005 negabant
538 2940 712 3008 potestatem
729 2930 900 2989 remittendi
915 2940 1036 3009 peccata
1051 2928 1168 3006 (saltem
1183 2925 1332 3004 graviora)
1348 2928 1506 2983 commissa

264 3024 368 3072 contra
390 3015 486 3073 Deum
499 3027 564 3095 post
575 3016 762 3095 baptismum.
775 3018 856 3095 Quid
869 3020 948 3075 enim
960 3024 1102 3093 ageretur,
1114 3014 1263 3093 praeclare
1276 3013 1304 3069 A
1313 3011 1369 3069 mb
1379 3034 1393 3069 1·
1403 3014 1508 3069 osius

264 3100 431 3159 indicavit:
459 3103 537 3176 ,Cur
559 3103 724 3182 baptizatis,
748 3108 772 3163 si
795 3127 849 3184 per
871 3105 1020 3163 hominem
1050 3110 1173 3180 peccata-
1202 3099 1312 3157 dimitti
1336 3120 1394 3157 non
1418 3096 1507 3156 licet?

264 3189 302 3246 ln
325 3187 471 3268 baptismo
501 3194 603 3269 utique
634 3195 766 3251 remissio
798 3204 982 3270 pcccatorum
1017 3190 1147 3247 omnium
1178 3198 1242 3245 est:
1274 3186 1345 3265 quid
1376 3187 1506 3257 interest,

264 3286 361 3334 utrum
383 3297 436 3355 per
457 3280 679 3354 poenitentiam,
704 3301 742 3338 an
765 3301 816 3359 per
839 3280 988 3337 lavacrum
1011 3277 1067 3334 hoc
1083 3278 1127 3333 ius
1144 3273 1199 3331 sibi
1217 3272 1317 3331 datum
1340 3272 1506 3331 sacerdotes

263 3362 439 3422 vindicent?
465 3365 563 3423 Unum
587 3367 619 3422 in
641 3378 764 3445 utroque
787 3368 960 3446 mysterium
983 3370 1053 3421 est.“
1081 3363 1127 3421 De
1144 3382 1228 3439 poen.
1244 3360 1262 3417 l.
1282 3364 1306 3429 l,
1326 3381 1350 3423 0,
1368 3360 1505 3426 1111311.

268 3451 447 3520 ,Novatiani
471 3452 571 3511 clares
586 3456 668 3530 regni
687 3475 746 3512 non
765 3454 936 3531 srrscipiunt,
960 3459 1111 3527 negantes,
1129 3446 1207 3525 quod
1223 3446 1371 3505 dimittere
1387 3457 1507 3525 peccata

264 3535 418 3595 ‹lebeant.“
445 3539 493 3597 De
516 3560 601 3617 poen.
625 3540 643 3598 l.
669 3545 695 3611 1,
720 3562 747 3601 n.
771 3544 820 3598 33.
846 3541 939 3616 igitur·
962 3559 1020 3596 non
1043 3536 1185 3613 agebatur

369 3623 407 3705 a)
433 3624 469 3683 dc
491 3627 688 3703 possibilitate
711 3628 936 3686 condonationis
965 3625 1094 3681 divinae.
1125 3622 1170 3681 Cf.
1203 3624 1396 3687 Socrates,
1427 3619 1505 3679 Hist.

263 3710 334 3766 eccl.
357 3711 375 3767 l.
399 3715 426 3777 l,
451 3733 474 3768 0.
501 3716 538 3770 13
564 3714 613 3784 tal.
639 3712 710 3784 ael:
734 3714 984 3775 'l'ertulliarm
1015 3712 1061 3768 Dc
1084 3708 1180 3787 pudic.
1207 3729 1231 3767 c.
1265 3709 1325 3781 19,
1350 3704 1506 3764 Ambro-

264 3799 353 3858 sius,
378 3797 424 3854 lle
447 3819 531 3875 poen.
555 3801 573 3857 l.
600 3805 625 3864 1,
649 3821 674 3862 c.
697 3805 725 3861 2.

370 3878 406 3963 b)
431 3904 485 3942 nec
508 3886 544 3943 dc
568 3887 630 3944 sola
660 3899 804 3965 potestate
827 3909 885 3957 eos,
909 3888 958 3964 qui
982 3891 1139 3963 peccarunt
1170 3880 1206 3938 ad
1239 3892 1426 3937 sacramenta
1455 3878 1505 3937 ad·

263 3969 410 4040 mittendi,
432 3973 464 4029 in
487 3974 642 4031 ecclesiam
676 3974 848 4052 recipiendi.
880 3975 956 4033 Nam
988 3971 1038 4049 <lui
1069 3969 1146 4026 lianc
1177 3975 1329 4043 negarunt,
1361 3974 1505 4043 negarunt

263 4065 341 4113 certo
365 4067 394 4114 et
416 4067 590 4135 potestatem
614 4062 736 4139 peccata
759 4060 928 4119 remittendi
952 4078 1039 4117 sensu
1063 4057 1183 4127 stricto,
1208 4064 1237 4110 et
1259 4054 1324 4109 vice
1341 4072 1434 4120 versa,
1455 4054 1504 4129 qui

262 4162 327 4200 earn
351 4143 548 4215 affirmabant,
571 4151 736 4206 necessario
760 4149 902 4206 ecclesiae
922 4149 982 4203 vim
999 4142 1167 4203 tribuebant
1184 4148 1304 4218 peccata
1326 4137 1503 4210 dimittendi,

263 4250 329 4287 curn
352 4231 462 4308 alioqui
486 4236 671 4309 poenitentes
698 4235 820 4313 indigne
853 4234 1027 4292 accederent
1050 4229 1087 4287 ad
1111 4228 1365 4297 communionem,
1390 4224 1426 4286 cf.
1450 4226 1504 4282 hac

262 4314 299 4373 de
316 4336 347 4373 re
362 4338 390 4395 p.
407 4318 458 4375 ll'.
474 4318 633 4378 Praeterea
649 4322 787 4379 catholici
803 4324 846 4379 ita
862 4317 1162 4397 argumentabantur:
1187 4316 1216 4369 h'i
1241 4333 1299 4391 qua
1322 4313 1503 4391 poenitentia

260 4413 358 4461 carcat
381 4407 478 4473 verriu,
510 4409 569 4465 iam
593 4428 646 4465 nec
670 4412 701 4466 in
725 4419 817 4466 totum
841 4408 957 4486 agenda
981 4416 1032 4463 est.
1068 4402 1151 4461 Nihil
1176 4403 1255 4459 0111111
1286 4398 1433 4476 agendum
1457 4407 1501 4457 est

261 4491 377 4548 frustra
414 4493 538 4564 ,Merito
566 4491 620 4573 (ait
651 4492 944 4571 Tertullianus)
975 4495 1075 4570 utiquc
1106 4492 1147 4547 ita
1175 4497 1333 4565 opponunt,
1366 4488 1504 4564 qnoniam

262 4576 349 4636 huius
372 4599 488 4658 quoque
511 4584 710 4658 poenitentiae
734 4583 868 4654 fructum,
894 4584 911 4642 1.
934 4602 958 4639 o.
983 4580 1109 4643 veniam,
1133 4578 1163 4633 111
1188 4594 1238 4631 sira
1255 4584 1399 4651 potestate
1422 4593 1503 4632 usur·

260 4669 432 4740 pai·cr·unt,“
460 4688 498 4724 sc.
523 4688 587 4724 earn
611 4672 738 4737 veniam,
763 4690 849 4746 quam
873 4667 1075 4726 'l‘ertullianus
1098 4663 1152 4722 soli
1172 4662 1237 4718 Deo
1260 4658 1409 4717 asserebat
1434 4680 1504 4717 eon-
