3450 5342
832 322 1024 377 -270-

307 512 424 571 uomice
447 530 563 589 quoque
589 512 698 569 misera
729 512 759 568 in
788 508 958 568 conditione
987 508 1055 568 fuit:
1086 511 1116 567 in
1148 508 1249 566 multis
1277 510 1356 566 enim
1384 506 1556 584 regionibus

307 616 400 676 usque
424 594 461 655 ad
485 616 510 657 a.
529 598 611 655 1993
635 598 706 655 cleri
730 598 832 677 pensio
855 616 872 655 e
895 594 1155 654 communitatibus
1177 593 1339 673 pendebat3
1363 628 1402 637 -
1427 614 1556 653 comu-

306 686 385 742 nitas
409 686 473 763 ipsa
496 704 547 761 pro
570 683 665 741 lubitu
681 686 852 763 pensionem
878 682 1062 759 designabat.
1087 702 1140 740 uec
1162 703 1228 739 raro
1251 680 1288 741 ob
1310 682 1556 739 communitatum

306 772 538 850 praepositorum
563 780 593 828 et
616 770 776 829 scribarum
794 770 940 829 malitiam
964 791 1022 828 nou
1038 789 1155 827 omnem
1178 767 1364 845 designatam
1381 768 1555 846 pensionem

302 857 401 916 clerus
423 856 595 935 accipiebat.
641 856 714 915 lude
737 855 869 925 dissidia,
899 858 1025 935 litesque
1062 876 1128 914 cum
1163 856 1350 933 parochianis
1379 866 1445 913 orta
1475 853 1556 934 (pag.

310 945 370 1002 163
394 943 479 1023 sqq).
518 945 598 1022 Lege
621 944 739 1003 demum
762 966 788 1002 a.
815 946 896 1002 1893
920 944 981 1001 lata
1002 942 1176 1020 gnbernium
1201 944 1279 1001 tristi
1302 940 1370 999 huic
1392 942 1463 999 cleri
1487 961 1557 999 coa·

305 1029 413 1089 ditioni
438 1030 560 1089 multum
584 1030 739 1090 consuluit.
762 1031 859 1089 Huius
882 1030 957 1105 legis
973 1033 1135 1089 maximum
1158 1031 1295 1088 meritum
1319 1031 1349 1086 in
1367 1048 1403 1087 co
1425 1030 1555 1106 positum

308 1130 360 1187 est,
385 1116 462 1195 quod
485 1117 640 1195 parochias
662 1120 813 1177 coustituit
837 1119 1084 1196 tmuperavitquc:
1106 1127 1207 1175 tamen
1229 1118 1261 1175 iu
1285 1116 1339 1173 hoc
1362 1113 1481 1193 probari
1505 1136 1557 1172 uc·

305 1208 379 1283 quit,
403 1202 481 1283 quod
504 1204 614 1261 clerum
636 1206 774 1283 potestati
795 1205 878 1263 civili
901 1206 990 1262 nimis
1012 1203 1145 1263 subiecit.
1183 1204 1223 1261 Et
1246 1204 1314 1261 licet
1336 1213 1467 1281 tempore
1490 1222 1558 1279 pro

306 1292 432 1349 cedente
455 1290 505 1348 lex
530 1290 697 1349 modificata
720 1290 807 1349 fuerit
829 1290 872 1370 (v.
894 1312 921 1369 g.
948 1288 1052 1372 1902),
1086 1292 1133 1348 vis
1156 1300 1255 1348 tamen
1278 1292 1433 1367 potestatis
1455 1287 1556 1347 civilis

309 1381 340 1436 in
364 1398 411 1437 res
433 1377 649 1437 ecclesiasticas
669 1378 729 1436 lere
752 1378 855 1437 eadem
879 1380 989 1436 mansit
1010 1378 1051 1455 (p.
1070 1380 1131 1435 175
1147 1376 1232 1455 sqq).
1254 1377 1313 1434 Per
1329 1376 1405 1435 hanc
1428 1374 1556 1433 candem

307 1466 405 1541 legem
428 1464 539 1523 reditus
569 1463 639 1522 cleri
664 1476 765 1523 auctus
795 1477 858 1539 eat3
893 1467 1115 1523 seminariorum
1140 1484 1277 1523 uumerus
1306 1475 1405 1521 autem
1427 1462 1465 1521 ad
1490 1464 1556 1533 tria,

309 1572 400 1611 unum
424 1551 534 1623 Iassiis,
558 1550 615 1610 duo
639 1551 845 1611 Bucharestini
869 1551 1006 1611 redactus
1029 1566 1074 1610 cst
1097 1552 1172 1627 (178
1196 1555 1281 1628 sqq).

412 1638 449 1696 In
472 1638 530 1696 fine
565 1640 671 1717 capitis
694 1641 758 1717 ipsa
779 1639 828 1697 lex
853 1661 878 1699 a.
905 1640 987 1698 1993
1024 1641 1055 1697 iu
1080 1640 1233 1697 ltussicum
1256 1656 1343 1695 versa
1376 1640 1409 1694 in
1430 1645 1556 1693 extenso

307 1723 472 1784 adducitur.

413 1812 449 1869 lu
479 1810 652 1869 secundo
680 1814 776 1891 capite
800 1812 836 1871 de
867 1815 1118 1882 monasteriorum,
1152 1814 1282 1870 maxime
1304 1812 1450 1869 h'camtau
1473 1806 1557 1882 (Ha-

308 1896 443 1977 ucruciir)
467 1898 727 1957 saecularizatione
751 1901 812 1976 agit
835 1895 877 1978 (p.
901 1899 1093 1974 ull-334).
1126 1902 1162 1957 Α.
1186 1920 1245 1957 nou
1267 1909 1359 1956 totam
1382 1896 1557 1953 monasterii

308 1986 461 2044 historiam
491 1982 608 2043 tradere
638 1984 774 2057 intendit,
809 1986 861 2045 sed
890 1989 1039 2045 annotatis
1069 1988 1132 2045 eins
1162 1997 1310 2044 momento
1341 1997 1370 2043 et
1400 1982 1557 2060 dignitate,

308 2073 414 2131 ultima
429 2082 569 2150 tempora,
586 2074 730 2149 imprimis
746 2071 823 2131 bona
839 2076 1008 2132 monasterii
1029 2074 1154 2151 profana
1168 2072 1284 2131 reddita
1306 2072 1557 2129 etauctoritatem

309 2162 449 2218 amissum
472 2157 621 2217 describit.
644 2157 729 2235 Quae
747 2158 907 2237 descriptio
929 2159 967 2217 ad
994 2163 1086 2219 vitam
1112 2161 1309 2218 llumeuomm
1324 2158 1557 2217 ecclesiasticam

309 2256 341 2304 et
365 2245 532 2323 religiosam
550 2244 755 2305 illustrandam
768 2248 923 2325 aptissima
933 2259 987 2309 est.
1009 2248 1050 2305 Et
1063 2267 1166 2305 revera
1177 2247 1387 2305 monasterium
1399 2263 1474 2304 saec,
1486 2243 1557 2304 XV.

310 2332 465 2391 fundatum
488 2331 612 2390 multum
635 2331 672 2390 ad
692 2332 762 2391 cleri
781 2333 995 2403 educationem,
1018 2333 1056 2392 ad
1072 2334 1172 2412 populi
1188 2336 1328 2411 pictatem
1344 2329 1511 2408 augendam
1525 2339 1559 2388 et

308 2416 543 2479 conservandam
560 2420 691 2477 contulit.
714 2419 855 2481 Eiusdem
872 2423 1030 2479 auctoritas
1054 2420 1115 2479 lere
1133 2420 1258 2479 eundem
1281 2417 1406 2497 madum
1420 2425 1558 2475 assecuta

308 2515 355 2564 est
371 2516 459 2584 atque
475 2507 506 2564 iu
519 2506 626 2564 Russia
640 2508 891 2576 monasteriorum,
914 2528 1036 2586 quorum
1053 2510 1268 2567 nominasent:
1290 2506 1559 2581 'bajec-Sergiam

307 2602 339 2651 et
363 2592 655 2668 Kievo-Pederslraja
677 2594 795 2654 Laura·
815 2595 913 2653 Penes
935 2597 1030 2673 ipsum
1053 2606 1117 2653 erat
1138 2596 1185 2653 vis
1207 2596 1287 2652 vitae
1309 2592 1474 2669 religiosae,
1496 2599 1558 2648 tur-

310 2678 388 2737 bidis
415 2699 486 2737 vero
508 2678 689 2758 temporibus
719 2684 807 2739 etiam
831 2682 979 2761 politicae.
1023 2683 1119 2740 lmmo
1140 2702 1207 2739 cum
1230 2682 1440 2739 monasterium
1463 2677 1558 2735 multa

309 2766 388 2824 bona
410 2766 585 2844 temporalia
606 2766 777 2843 possideret,
811 2771 901 2827 etiam
924 2768 963 2828 ad
985 2770 1133 2828 miseriam
1165 2767 1322 2842 levandam
1345 2765 1469 2824 multum
1491 2784 1558 2823 soc·

310 2852 446 2911 currebat
469 2852 518 2932 (cf.
543 2856 602 2912 211
628 2852 714 2933 sqq).
751 2857 788 2914 ln
810 2856 870 2914 fine
893 2855 1036 2915 nonnulla
1058 2854 1235 2914 documenta
1256 2853 1295 2913 ad
1317 2853 1488 2912 monasterii
1510 2850 1558 2909 hi-

309 2942 431 2998 storiam
455 2942 619 3017 spectantia
642 2940 790 3001 adduntur
812 2939 852 3021 (p.
876 2945 938 3002 319
962 2940 1048 3023 sqq).
1079 2942 1139 3001 Hic
1160 2939 1363 3001 annotandum
1385 2950 1442 2999 ost:
1464 2939 1558 3016 scrip·

310 3035 403 3084 torem
426 3024 505 3083 hune
520 3030 764 3087 monasteriorum
787 3029 956 3107 (Neamtzu)
977 3029 1118 3089 bonorum
1142 3029 1433 3089 saecularizationem
1447 3026 1557 3084 clarius

310 3132 400 3191 quam
432 3111 505 3171 ulios
537 3116 727 3192 exposuisse:
767 3137 825 3195 qua
855 3120 887 3175 in
920 3139 951 3175 re
974 3120 1001 3175 ei
1031 3120 1116 3177 testis
1139 3116 1255 3188 oculati,
1289 3114 1367 3175 arch.
1391 3112 1556 3172 Andronici

310 3198 342 3277 (†
368 3199 472 3277 1893),
495 3204 695 3281 manuscripta
717 3225 776 3263 uon
798 3224 901 3283 pamm
925 3205 1104 3282 profuerunt.

415 3288 452 3345 In
483 3288 745 3366 sequentibus
775 3291 981 3369 capitibus
1011 3293 1205 3369 insigniorum
1235 3290 1436 3368 episcopomm
1463 3287 1556 3343 vitam

309 3382 340 3433 et
371 3382 455 3452 gesta
477 3373 638 3434 describit:
672 3378 703 3435 in
726 3381 812 3437 tertio
843 3380 940 3456 capite
969 3378 1007 3437 de
1037 3377 1224 3457 metropolita
1252 3375 1448 3434 moldavieusi
1471 3374 1557 3446 Beuj.

311 3462 440 3521 Kostaki
464 3460 671 3541 (335-394),
704 3465 736 3523 in
759 3474 862 3543 quarto
891 3464 929 3523 de
950 3466 1151 3544 cpiscoporum
1175 3462 1328 3541 Neophyti
1359 3473 1389 3520 et
1411 3459 1556 3518 Philareti

310 3548 436 3607 Scribau
468 3549 509 3627 (p.
533 3548 725 3627 395-457),
759 3554 790 3610 in
813 3555 916 3631 quinto
945 3552 983 3610 de
1005 3554 1134 3630 episcopi
1157 3548 1357 3609 Melchisedec
1387 3545 1427 3629 (p.
1450 3548 1555 3605 458—

310 3634 397 3711 560),
432 3638 464 3694 in
487 3646 570 3695 sexto
594 3636 790 3716 (561-570)
824 3638 861 3697 de
895 3641 1024 3717 episcopi
1048 3639 1175 3715 Hutskij
1206 3638 1270 3696 vita
1302 3647 1333 3695 et
1362 3636 1454 3713 gestis
1487 3634 1557 3710 agit

416 3722 576 3797 Benjamin
600 3724 737 3797 Kostaki,
762 3738 847 3785 uatus
871 3748 897 3784 a.
917 3726 1007 3792 1768,
1031 3747 1076 3804 ep.
1100 3726 1193 3784 factus
1216 3746 1241 3787 a.
1263 3724 1354 3794 1792,
1377 3730 1462 3779 metr.
1483 3719 1557 3779 Mol-

309 3806 464 3866 davieusis
490 3812 646 3881 1803-8,
673 3816 851 3875 1812-42.
886 3814 959 3871 llius
981 3816 1117 3872 meritum
1142 3816 1173 3871 iu
1195 3833 1230 3870 eo
1253 3812 1380 3890 positum
1402 3818 1456 3878 est,
1479 3804 1555 3885 quod

312 3894 375 3971 ipse
399 3893 556 3953 ducatuum
580 3898 610 3955 in
635 3919 756 3975 regnum
771 3920 861 3958 unum
885 3901 1122 3958 coniunctionem
1141 3900 1329 3979 praeparavit
1351 3894 1435 3955 etad
1458 3892 1556 3973 populi

311 3979 421 4037 cultum
453 3990 541 4059 atque
574 3983 788 4045 humanitatem
819 3986 984 4064 aagendam
1018 4008 1143 4066 eamque
1172 3996 1294 4045 naturae
1326 3985 1425 4062 gentis
1450 3984 1557 4041 insitae

311 4076 541 4126 consentaneam
566 4070 688 4129 multum
712 4073 836 4131 contulit
860 4075 899 4151 (p.
923 4076 982 4131 371
1009 4072 1095 4152 sqq).
1138 4076 1205 4152 lpse
1229 4092 1344 4151 quoquc
1368 4070 1555 4129 seminarium

312 4154 397 4211 iuxta
419 4154 529 4213 laseios
552 4158 582 4213 in
606 4162 782 4217 monasterio
806 4160 896 4219 h'okol
919 4162 1023 4219 erexit.

418 4242 455 4299 Α.
469 4243 682 4321 metropolitam
696 4246 782 4321 Beuj.
794 4246 924 4305 Kostaki
936 4267 962 4307 a.
977 4244 1087 4310 1808
1101 4269 1160 4306 non
1172 4258 1291 4325 propter
1301 4256 1424 4322 metrop.
1436 4240 1556 4301 Gabriel

312 4327 484 4386 Banulesko
515 4339 592 4389 artes
620 4340 649 4388 et
671 4332 906 4392 machinationes
929 4334 999 4392 scdc
1029 4335 1189 4414 episcopali
1213 4332 1317 4391 cedere
1339 4340 1471 4390 coactum
1495 4350 1557 4388 esse

315 4415 461 4491 opinatur.
494 4415 681 4476 Probabilius
712 4428 811 4477 tamen
841 4420 959 4479 videtur
982 4443 1046 4479 csse
1069 4423 1156 4479 aliter
1177 4441 1238 4480 rem
1261 4440 1292 4478 se
1315 4418 1425 4478 habere
1450 4417 1501 4495 (cf.
1524 4416 1557 4472 V.

309 4482 533 4578 Cehovskij.
565 4500 723 4565 liioncrriit
747 4524 993 4589 rrrrrponourrr'r,
1017 4506 1190 4591 turpiam
1212 4502 1557 4593 BattyneercoBoporm

311 4590 344 4645 in
369 4584 494 4673 pruar
519 4586 608 4651 liicu.
631 4588 673 4669 pl.
698 4590 799 4666 Arrun.
827 4596 908 4651 1904
932 4596 981 4665 ll,
1004 4618 1032 4673 p.
1049 4600 1111 4653 :315
1135 4591 1220 4673 sqql.
1242 4595 1280 4653 A.
1305 4589 1408 4656 1842
1430 4591 1555 4650 Kostaki
