3450 5342
888 382 1054 432 -stl-

452 564 606 619 Ecclesiae
625 573 681 631 est,
709 564 782 619 lidei
803 564 1012 633 integritatem
1034 578 1230 631 conservare,
1255 564 1364 619 fideles
1384 566 1414 619 in
1437 566 1488 621 ria
1509 577 1589 621 recta

344 634 492 699 ‹iiripcre
524 644 667 689 errantes
687 634 751 689 Deo
770 634 901 703 placare,
933 634 964 689 iii
983 648 1090 689 errore
1109 640 1348 703 perseverantes
1368 638 1456 703 prius
1479 637 1587 691 mediis

342 704 481 766 mitibus
506 704 579 758 dein
598 704 689 759 etiam
711 704 819 773 poenis
837 703 876 758 ad
898 702 1113 757 contritionem
1134 718 1269 771 movere,
1294 704 1468 759 obduratos
1491 737 1523 744 -
1543 706 1585 760 uti

346 773 484 827 societati
504 772 698 842 periculosos
718 804 750 812 -
770 773 943 829 excludere.
966 772 1106 841 Apostoli
1125 778 1161 841 (s.
1181 772 1313 827 Paulus:
1336 772 1540 843 Hymenaeus
1562 784 1588 829 et

346 842 521 897 Alexander
541 842 565 897 l.
585 843 652 898 Tim
677 846 701 903 ll
726 857 896 911 eurumque
921 841 1065 911 discipuli
1090 841 1198 897 eudem
1226 842 1319 897 modu
1343 843 1416 898 lidei
1438 844 1587 899 unitatem

346 912 557 967 defendebant
568 944 596 951 -—
612 912 749 967 Ecclesia
764 927 833 967 sese
847 912 956 981 poenis
971 910 1187 980 spiritualibus
1205 911 1365 967 continuit.
1385 912 1591 983 Imperatores

345 980 502 1049 baptizati,
530 982 684 1037 haeresim
713 981 834 1037 lacinus
862 980 960 1048 civile,
992 988 1098 1051 utpote
1126 981 1277 1050 impetum
1303 982 1333 1037 iii
1359 997 1407 1037 ain
1434 982 1586 1038 lissimam

344 1050 456 1105 civium
469 1050 702 1119 possessionem
715 1051 839 1115 iactum,
853 1056 960 1119 utpute
971 1050 1092 1105 lacinus
1106 1058 1213 1105 contra
1225 1050 1400 1105 societatem
1411 999 1586 1107 humanam

345 1126 501 1189 patratum
532 1120 620 1185 (Cod.
648 1120 763 1175 Theod.
793 1120 877 1187 xvi,
905 1122 951 1187 5.l,
982 1118 1225 1189 perduellionem
1255 1126 1363 1175 contra
1392 1121 1586 1177 maiestatem

345 1189 484 1243 divinam
510 1190 710 1245 commissam
736 1188 975 1244 declaraverunt
1001 1204 1132 1259 eamque
1157 1188 1270 1243 iurium
1298 1190 1433 1245 civiIIum
1460 1192 1587 1257 iactura,

345 1258 567 1313 confiscatione
586 1261 753 1323 bonorum,
771 1258 872 1323 exili0,
893 1258 1058 1339 aliquoties
1078 1259 1168 1313 etiam
1183 1264 1282 1313 morte
1302 1260 1482 1324 puniebant.
1503 1260 1588 1325 Quae

344 1329 584 1383 constitutiones
603 1344 673 1384 cum
693 1328 762 1383 iure
782 1328 924 1383 Romanu
943 1344 973 1383 m
994 1328 1070 1383 alias
1091 1336 1191 1383 terras
1212 1328 1364 1397 (Angliam
1387 1329 1586 1399 Hispaniam»

344 1406 535 1467 propagatae
559 1404 641 1453 sunt.
666 1398 719 1453 Ius
744 1398 916 1453 haeretIous
941 1398 1148 1469 impugnandi
1176 1412 1217 1451 ss.
1238 1398 1347 1453 Patres
1373 1402 1586 1469 agnoscebant

342 1482 513 1535 eorumque
532 1468 677 1523 lemmata
696 1483 751 1522 ceu
772 1483 900 1522 normae
919 1482 996 1522 aevo
1017 1467 1119 1523 medio
1139 1468 1294 1523 valebant.
1313 1497 1345 1507 -

447 1554 484 1609 In
502 1554 524 1608 1.
544 1560 632 1623 parte
651 1553 799 1609 historica
818 1553 1031 1623 inquisitionis
1051 1554 1188 1609 evolutio
1207 1553 1405 1609 describitur.
1431 1554 1586 1623 Tempore

342 1624 528 1693 procedente
557 1630 696 1693 potestas
724 1622 929 1677 ecclesiastica
958 1630 988 1677 et
1015 1622 1114 1677 civilis
1142 1623 1238 1677 vaiiis
1267 1623 1376 1679 edictis
1405 1624 1584 1679 haeresium

342 1694 595 1763 propagationem
625 1693 812 1762 prohibebat
839 1708 880 1747 iv.
907 1708 953 1761 gr.
983 1692 1013 1747 in
1040 1693 1162 1761 synodo
1191 1692 1330 1747 Veronae
1360 1692 1585 1749 iicaxxxiv.

341 1763 495 1818 celebrata
521 1763 636 1817 Lucius
661 1762 720 1817 III.
739 1768 770 1817 et
789 1761 968 1817 Fridericus
995 1762 1209 1824 Barbarussai.
1249 1762 1286 1817 Id
1315 1764 1466 1832 temporis
1495 1766 1583 1818 etiam

340 1832 502 1903 inquisitio
522 1831 707 1902 episcopalis
734 1830 877 1887 instituta
896 1838 943 1887 est
967 1861 1000 1873 -
1024 1848 1040 1885 e
1064 1833 1128 1885 iseo
1153 1848 1189 1886 us
1214 1832 1383 1901 quotannis
1408 1832 1540 1888 visitare
1558 1842 1586 1887 et

342 1904 514 1959 haereticus
545 1902 657 1982 punire
688 1902 860 1983 tenebatur.
898 1902 988 1955 Aiino
1021 1848 1105 1957 IFCX
1165 1942 1171 1955 .
1204 1906 1353 1957 statutum
1386 1908 1443 1970 est,
1476 1918 1586 1957 omnes

341 1974 523 2028 aiudieibns
536 1972 753 2027 ecclesiasticis
767 1970 991 2025 condemnatos
1007 1971 1243 2040 magistratibus
1258 1971 1401 2026 civilibus
1415 1972 1454 2026 ad
1492 1987 1586 2026 uenas

341 2042 462 2097 dandas
488 2041 570 2096 tradi
596 2048 750 2110 oportere.
785 2039 1015 2095 Constitutione
1041 2040 1190 2095 Friderici
1216 2040 1258 2095 11.
1281 2055 1306 2095 a.
1326 2040 1481 2097 iiuuxx.
1502 2041 1585 2095 VIII.

341 2110 515 2234 (lilremunae
528 2111 692 2179 publicata,
707 2114 806 2165 tutum
820 2110 986 2179 imperium
1003 2116 1168 2178 spectante,
1184 2110 1345 2165 haereticis
1360 2112 1470 2165 mortis
1486 2126 1584 2179 poena

364 2185 466 2235 ecreta
484 2186 541 2235 est.

446 2248 483 2303 In
509 2248 645 2303 secunda
670 2254 759 2318 parte
781 2248 959 2303 institutum
986 2247 1197 2318 Inquisitionis
1223 2247 1342 2329 papalis
1368 2255 1584 2318 pertractatur.

340 2316 458 2372 Iudicia
477 2319 612 2387 agebant
630 2317 833 2398 inquisitores
854 2318 902 2373 vel
922 2323 1030 2387 postea
1049 2332 1158 2372 eurum
1178 2317 1294 2373 ulcarii.
1320 2319 1367 2374 Ab
1386 2318 1423 2372 iis
1443 2334 1585 2387 exposce

339 2389 433 2443 batur
454 2393 503 2442 »ut
521 2386 585 2442 sint
603 2392 693 2454 cauti,
713 2386 879 2453 cautelarii,
899 2386 998 2457 periti,
1019 2387 1204 2457 prudentes.
1244 2388 1413 2442 Accusatus
1433 2388 1585 2443 examina·

339 2458 415 2513 bant
432 2462 463 2511 et
475 2456 623 2512 iudicium
637 2456 788 2511 ferebant.
808 2457 952 2511 Potestas
965 2472 1073 2511 eorum
1088 2455 1254 2511 coercitiva
1274 2456 1466 2515 consistebat
1484 2457 1516 2511 in
1535 2474 1585 2511 eii·

339 2526 594 2592 cumunieatiune,
613 2526 787 2591 interdicto,
807 2526 1015 2595 suspensione
1035 2524 1218 2580 statuendis
1243 2526 1449 2596 Eligebantur
1468 2542 1484 2581 a
1505 2542 1585 2596 papa

338 2602 393 2651 aut
410 2598 451 2651 ab
471 2596 564 2651 huius
583 2596 693 2667 legatis
711 2595 909 2666 (plerumque
929 2595 1116 2677 praepositis
1136 2594 1282 2650 ordinum
1303 2612 1327 2651 s.
1342 2596 1491 2651 Dominici
1511 2603 1540 2651 et
1561 2612 1584 2649 s.

339 2665 520 2734 Francisci);
541 2672 650 2734 postea
669 2679 687 2718 a
705 2664 834 2735 collegio
853 2665 1055 2720 cardinalium
1077 2680 1135 2734 pru
1155 2664 1288 2734 negotiis
1308 2664 1529 2735 inquisitionis.

444 2753 518 2807 Acta
528 2750 689 2807 iudiciaria
699 2750 879 2807 scribebant
889 2751 1010 2807 iiotarii.
1032 2750 1279 2821 Inquisitoribus
1290 2750 1457 2807 consiliarii
1472 2765 1584 2817 iasses-

339 2831 449 2887 sores),
477 2820 659 2889 theologiae,
688 2820 766 2875 iuris
794 2820 917 2890 profani
948 2828 978 2875 et
1002 2820 1199 2877 ecclesiastici
1228 2820 1328 2891 periti,
1357 2820 1470 2876 addicti
1501 2828 1582 2876 sunt

341 2890 529 2946 Executores
542 2890 638 2945 ullicii
652 2890 789 2958 (budelli)
810 2906 881 2946 reus
898 2892 1177 2960 persequebantur,
1197 2890 1228 2944 iii
1243 2890 1366 2946 vincula
1381 2891 1581 2957 coniciebant,

337 2975 455 3029 eosque
482 2960 706 3030 producebant.
744 2960 820 3014 Dein
845 2968 935 3015 erant
960 2960 1107 3015 custodes
1132 2959 1328 3029 principales,
1378 2974 1491 3015 uorum
1518 2964 1583 3015 erat

340 3044 479 3084 »omnem
508 3028 701 3099 diligentiam
727 3036 758 3083 et
785 3029 1023 3085 sollicitudiuem
1052 3044 1146 3099 quam
1176 2976 1505 3098 potueruntqlideliter
1531 3030 1581 3085 ad·

338 3100 476 3166 hibere‹;
503 3105 681 3168 receptores
701 3100 856 3154 bonorum
877 3098 1117 3168 publicaturum
1144 3100 1225 3154 buna
1244 3099 1413 3154 confiscata
1431 3103 1522 3154 erant
1540 3099 1579 3153 rei

337 3168 486 3239 publicae,
505 3167 555 3223 vel
574 3168 720 3223 ecclesiae
738 3167 788 3223 vel
807 3168 970 3237 utriusque
988 3168 1204 3224 cummuniter.
1224 3168 1393 3238 sequester
1412 3184 1461 3223 res
1481 3184 1581 3238 usque

337 3239 376 3294 ad
396 3252 580 3307 processum
601 3237 646 3293 rei
665 3238 790 3293 linitum
810 3238 1012 3293 custodiebat.
1034 3268 1064 3277 -
1524 3280 1525 3283 η

442 3308 595 3376 Sumptus
615 3307 646 3362 in
666 3307 871 3377 magistratus
895 3307 1078 3363 nutriendos
1098 3306 1251 3362 iaciebant
1270 3307 1427 3388 principes
1448 3306 1578 3377 profani,

336 3379 375 3434 ab
398 3393 426 3433 a.
445 3379 513 3432 1285
541 3376 633 3431 etiam
662 3377 816 3446 episcopi;
849 3392 922 3431 mox
952 3392 1068 3445 poenae
1095 3376 1286 3445 pecuniariae
1314 3376 1471 3432 adhibitae
1499 3384 1580 3439 sunt,

335 3462 413 3517 quae
435 3462 505 3501 cuin
531 3446 728 3502 cautionibus
747 3445 863 3515 elapsis
889 3446 1036 3516 proprios
1056 3452 1229 3515 proventus
1256 3448 1496 3515 magistratuum
1517 3445 1582 3501 eili-

333 3518 571 3639 clebaniiliiteria
590 3600 672 3640 annu
693 3586 760 3640 1906
778 3600 875 3654 porro
895 3590 1054 3640 tractatur.

439 3670 544 3727 Frant.
579 3671 681 3726 Vocet:
714 3670 912 3743 Legenda
944 3671 1229 3727 Kristianova
1260 3672 1316 3739 (De
1346 3670 1517 3726 Christiani
1544 3670 1581 3723 le-

336 3740 459 3810 genda),
479 3756 507 3809 p.
528 3742 638 3808 tut-7,
657 3742 768 3806 223-8,
787 3742 934 3809 aas-301,
954 3743 1100 3797 sei-373.

440 3825 596 3889 Quattuor
620 3826 739 3881 ultimis
763 3828 855 3883 annis
882 3843 943 3883 nun
967 3828 1155 3909 negligenda
1174 3836 1279 3882 exorta
1298 3834 1346 3883 est
1365 3826 1403 3882 lis
1423 3828 1462 3881 de
1481 3833 1581 3881 aetate

336 3894 486 3965 legendae
505 3895 563 3950 »De
578 3896 679 3951 vitas.
695 3895 857 3951 Lndmilae
871 3902 901 3951 et
914 3896 1081 3963 venceslai,
1101 3912 1181 3966 quae
1196 3896 1374 3955 Christiano
1386 3896 1581 3951 adscribitur.

336 3995 368 4002 -
389 3964 490 4019 Vaceli
509 3964 613 4034 pergit
631 3965 851 4021 demonstrare
870 3966 1033 4035 legendam
1055 3966 1168 4020 huncce
1186 3966 1225 4019 ad
1247 3980 1406 4022 summum
1427 3964 1581 4020 esaeciilo

334 4033 405 4087 xil.
424 4033 578 4103 originem
604 4034 726 4102 ducere,
755 4050 856 4105 neque
875 4050 945 4089 esse
964 4066 997 4075 -
1017 4035 1061 4090 uti
1082 4034 1170 4094 inulti
1190 4034 1412 4105 opinantur-
1432 4034 1580 4105 antiquis·

336 4104 450 4158 simum
470 4103 612 4159 annalem
635 4103 846 4159 Bohemicum.
868 4136 898 4141 —

440 4173 564 4240 Probat,
598 4172 811 4229 Christianum
844 4173 1005 4228 materiam
1035 4188 1051 4227 e
1081 4173 1201 4229 Slavicu
1233 4174 1403 4299 sgnaxariu
1436 4174 1580 4229 hausisse

346 4241 498 4311 scriptum
520 4242 602 4297 des.
622 4241 767 4297 Ludmila
785 4258 802 4297 e
821 4242 944 4298 saeculo
965 4242 1017 4297 XI.
1037 4244 1228 4298 ainonachis
1272 4244 1491 4315 azaviensibus
1510 4258 1577 4298 coii-

334 4317 447 4434 decttlum
469 4311 683 4392 dominamus)
701 4311 770 4366 licet
790 4313 829 4366 ab
849 4312 916 4381 huc,
943 4313 1012 4367 aliis
1032 4312 1172 4368 lontibus
1191 4312 1301 4381 iretuS,
1328 4313 1486 4369 nonnullis
1506 4310 1579 4367 lueis

356 4387 506 4435 eexerit.
526 4412 557 4419 --

441 4448 580 4517 Cusinas,
605 4449 659 4531 qui
680 4464 755 4504 suos
774 4450 903 4505 annales
923 4450 1004 4505 intra
1023 4465 1049 4505 a.
1070 4452 1239 4507 lito-1125
1260 4451 1394 4521 scripsIt,
1418 4450 1576 4522 legendam

334 4516 414 4571 hanc
428 4533 490 4572 non
504 4519 640 4585 adducit,
654 4534 753 4587 neque
763 4519 844 4587 citat,
857 4534 1049 4589 quamquain
1061 4520 1088 4574 ei
1098 4520 1218 4574 occasio
1228 4533 1380 4590 persaepe
1390 4516 1579 4576 ollerebatui

334 4586 377 4651 tin
392 4588 549 4642 mentione
562 4588 602 4643 de
617 4588 756 4657 Boiivoji
770 4588 928 4657 baptismo
947 4588 1109 4658 iacienda).
1129 4588 1201 4643 Sile
1225 4590 1305 4645 enda
1317 4590 1444 4645 ineunte
1457 4588 1578 4645 saeculo

331 4654 403 4709 XII.
424 4656 587 4723 extitisset,
607 4665 777 4712 certoeam
799 4658 1004 4714 adhibuisset.
1042 4658 1167 4727 Opnsa
1213 4674 1301 4713 osma
1320 4660 1465 4715 citatum:
1499 4658 1578 4713 ›Vita
