<?xml version="1.0" encoding="UTF-8"?>
<!DOCTYPE html PUBLIC "-//W3C//DTD XHTML 1.0 Transitional//EN"
    "http://www.w3.org/TR/xhtml1/DTD/xhtml1-transitional.dtd">
<html xmlns="http://www.w3.org/1999/xhtml" xml:lang="en" lang="en">
 <head>
  <title>
</title>
<meta http-equiv="Content-Type" content="text/html;charset=utf-8" />
  <meta name='ocr-system' content='tesseract 3.04.00' />
  <meta name='ocr-capabilities' content='ocr_page ocr_carea ocr_par ocr_line ocrx_word'/>
</head>
<body>
  <div class='ocr_page' id='page_1' title='image "./slavorumlittera00unkngoog_0462.png"; bbox 0 0 3450 5342; ppageno 0'>
   <div class='ocr_carea' id='block_1_1' title="bbox 872 410 1040 464">
    <p class='ocr_par' dir='ltr' id='par_1_1' title="bbox 872 410 1040 464">
     <span class='ocr_line' id='line_1_1' title="bbox 872 410 1040 464; baseline 0.018 -5"><span class='ocrx_word' id='word_1_1' title='bbox 872 410 1040 464; x_wconf 77' lang='lat' dir='ltr'><strong>-ut-</strong></span> 
     </span>
    </p>
   </div>
   <div class='ocr_carea' id='block_1_2' title="bbox 334 595 1578 2500">
    <p class='ocr_par' dir='ltr' id='par_1_2' title="bbox 334 595 1578 2500">
     <span class='ocr_line' id='line_1_2' title="bbox 337 595 1566 674; baseline -0.002 -20"><span class='ocrx_word' id='word_1_2' title='bbox 337 597 373 654; x_wconf 83' lang='lat' dir='ltr'><strong>dc</strong></span> <span class='ocrx_word' id='word_1_3' title='bbox 408 597 562 656; x_wconf 72' lang='lat' dir='ltr'>animabus</span> <span class='ocrx_word' id='word_1_4' title='bbox 594 601 623 654; x_wconf 88' lang='lat' dir='ltr'><strong>in</strong></span> <span class='ocrx_word' id='word_1_5' title='bbox 655 599 821 674; x_wconf 59' lang='lat' dir='ltr'><strong>purpuraria</strong></span> <span class='ocrx_word' id='word_1_6' title='bbox 845 595 1064 656; x_wconf 65' lang='lat' dir='ltr'>exsistentibus.</span> <span class='ocrx_word' id='word_1_7' title='bbox 1102 598 1152 653; x_wconf 63' lang='lat' dir='ltr'><strong>Ast</strong></span> <span class='ocrx_word' id='word_1_8' title='bbox 1187 596 1337 655; x_wconf 75' lang='lat' dir='ltr'><strong>fabriidnui</strong></span> <span class='ocrx_word' id='word_1_9' title='bbox 1361 611 1414 656; x_wconf 85' lang='lat' dir='ltr'><strong>est.</strong></span> <span class='ocrx_word' id='word_1_10' title='bbox 1440 597 1566 652; x_wconf 77' lang='lat' dir='ltr'><strong>termines</strong></span> 
     </span>
     <span class='ocr_line' id='line_1_3' title="bbox 337 681 1566 761; baseline -0.004 -19"><span class='ocrx_word' id='word_1_11' title='bbox 337 684 377 742; x_wconf 85' lang='lat' dir='ltr'><strong>ibi</strong></span> <span class='ocrx_word' id='word_1_12' title='bbox 403 696 572 742; x_wconf 82' lang='lat' dir='ltr'><strong>eoarccvate</strong></span> <span class='ocrx_word' id='word_1_13' title='bbox 597 686 714 761; x_wconf 81' lang='lat' dir='ltr'><strong>positos,</strong></span> <span class='ocrx_word' id='word_1_14' title='bbox 738 684 787 743; x_wconf 76' lang='lat' dir='ltr'><strong>sel.</strong></span> <span class='ocrx_word' id='word_1_15' title='bbox 815 683 869 749; x_wconf 67' lang='lat' dir='ltr'><strong>„de</strong></span> <span class='ocrx_word' id='word_1_16' title='bbox 894 686 996 760; x_wconf 84' lang='lat' dir='ltr'><strong>poenis</strong></span> <span class='ocrx_word' id='word_1_17' title='bbox 1013 683 1128 752; x_wconf 75' lang='lat' dir='ltr'><strong>interni,</strong></span> <span class='ocrx_word' id='word_1_18' title='bbox 1146 683 1183 740; x_wconf 76' lang='lat' dir='ltr'><strong>de</strong></span> <span class='ocrx_word' id='word_1_19' title='bbox 1204 682 1346 760; x_wconf 86' lang='lat' dir='ltr'><strong>profundo</strong></span> <span class='ocrx_word' id='word_1_20' title='bbox 1370 683 1445 750; x_wconf 81' lang='lat' dir='ltr'><strong>lacn,</strong></span> <span class='ocrx_word' id='word_1_21' title='bbox 1468 681 1505 738; x_wconf 88' lang='lat' dir='ltr'><strong>de</strong></span> <span class='ocrx_word' id='word_1_22' title='bbox 1526 701 1566 738; x_wconf 84' lang='lat' dir='ltr'><strong>orr</strong></span> 
     </span>
     <span class='ocr_line' id='line_1_4' title="bbox 337 767 1567 829; baseline -0.003 -1"><span class='ocrx_word' id='word_1_23' title='bbox 337 772 476 828; x_wconf 71' lang='lat' dir='ltr'><strong>leonis.</strong></span> <span class='ocrx_word' id='word_1_24' title='bbox 512 793 548 828; x_wconf 88' lang='lat' dir='ltr'><strong>ue</strong></span> <span class='ocrx_word' id='word_1_25' title='bbox 579 770 792 829; x_wconf 83' lang='lat' dir='ltr'><strong>absorbear</strong></span> <span class='ocrx_word' id='word_1_26' title='bbox 815 792 865 826; x_wconf 82' lang='lat' dir='ltr'><strong>eas</strong></span> <span class='ocrx_word' id='word_1_27' title='bbox 896 781 1030 828; x_wconf 75' lang='lat' dir='ltr'><strong>tartarus,</strong></span> <span class='ocrx_word' id='word_1_28' title='bbox 1056 791 1091 828; x_wconf 88' lang='lat' dir='ltr'><strong>ne</strong></span> <span class='ocrx_word' id='word_1_29' title='bbox 1115 769 1256 828; x_wconf 79' lang='lat' dir='ltr'>cadant</span> <span class='ocrx_word' id='word_1_30' title='bbox 1288 773 1318 828; x_wconf 92' lang='lat' dir='ltr'><strong>in</strong></span> <span class='ocrx_word' id='word_1_31' title='bbox 1341 769 1506 828; x_wconf 88' lang='lat' dir='ltr'><strong>obscurum.</strong></span> <span class='ocrx_word' id='word_1_32' title='bbox 1538 767 1567 824; x_wconf 90' lang='lat' dir='ltr'><strong>de</strong></span> 
     </span>
     <span class='ocr_line' id='line_1_5' title="bbox 338 855 1568 934; baseline -0.004 -20"><span class='ocrx_word' id='word_1_33' title='bbox 338 868 458 914; x_wconf 83' lang='lat' dir='ltr'><strong>morte</strong></span> <span class='ocrx_word' id='word_1_34' title='bbox 482 860 607 916; x_wconf 86' lang='lat' dir='ltr'><strong>transire</strong></span> <span class='ocrx_word' id='word_1_35' title='bbox 630 855 669 915; x_wconf 84' lang='lat' dir='ltr'><strong>nd</strong></span> <span class='ocrx_word' id='word_1_36' title='bbox 693 860 801 915; x_wconf 82' lang='lat' dir='ltr'><strong>vitant·</strong></span> <span class='ocrx_word' id='word_1_37' title='bbox 830 860 946 914; x_wconf 87' lang='lat' dir='ltr'><strong>nonnisi</strong></span> <span class='ocrx_word' id='word_1_38' title='bbox 971 875 1057 934; x_wconf 66' lang='lat' dir='ltr'><strong>aegre</strong></span> <span class='ocrx_word' id='word_1_39' title='bbox 1081 858 1207 934; x_wconf 74' lang='lat' dir='ltr'><strong>intelligi</strong></span> <span class='ocrx_word' id='word_1_40' title='bbox 1231 857 1267 914; x_wconf 87' lang='lat' dir='ltr'><strong>de</strong></span> <span class='ocrx_word' id='word_1_41' title='bbox 1288 858 1390 934; x_wconf 86' lang='lat' dir='ltr'><strong>poenis</strong></span> <span class='ocrx_word' id='word_1_42' title='bbox 1408 856 1568 933; x_wconf 79' lang='lat' dir='ltr'><strong>purgatorii.</strong></span> 
     </span>
     <span class='ocr_line' id='line_1_6' title="bbox 337 942 1570 1021; baseline -0.003 -19"><span class='ocrx_word' id='word_1_43' title='bbox 337 945 435 1020; x_wconf 67' lang='lat' dir='ltr'><strong>Quare</strong></span> <span class='ocrx_word' id='word_1_44' title='bbox 467 947 648 1003; x_wconf 80' lang='lat' dir='ltr'><strong>communior</strong></span> <span class='ocrx_word' id='word_1_45' title='bbox 670 947 818 1002; x_wconf 85' lang='lat' dir='ltr'><strong>sententia</strong></span> <span class='ocrx_word' id='word_1_46' title='bbox 851 948 992 1000; x_wconf 86' lang='lat' dir='ltr'><strong>terminos</strong></span> <span class='ocrx_word' id='word_1_47' title='bbox 1016 945 1081 1002; x_wconf 85' lang='lat' dir='ltr'><strong>illos</strong></span> <span class='ocrx_word' id='word_1_48' title='bbox 1114 945 1253 1020; x_wconf 75' lang='lat' dir='ltr'><strong>inteiligit</strong></span> <span class='ocrx_word' id='word_1_49' title='bbox 1275 943 1313 1001; x_wconf 91' lang='lat' dir='ltr'><strong>de</strong></span> <span class='ocrx_word' id='word_1_50' title='bbox 1337 946 1440 1021; x_wconf 86' lang='lat' dir='ltr'><strong>poenis</strong></span> <span class='ocrx_word' id='word_1_51' title='bbox 1470 942 1570 999; x_wconf 87' lang='lat' dir='ltr'><strong>inferni</strong></span> 
     </span>
     <span class='ocr_line' id='line_1_7' title="bbox 336 1030 1572 1108; baseline -0.002 -20"><span class='ocrx_word' id='word_1_52' title='bbox 336 1046 423 1108; x_wconf 84' lang='lat' dir='ltr'><strong>atque</strong></span> <span class='ocrx_word' id='word_1_53' title='bbox 445 1032 583 1108; x_wconf 72' lang='lat' dir='ltr'><strong>explicat,</strong></span> <span class='ocrx_word' id='word_1_54' title='bbox 613 1032 769 1088; x_wconf 71' lang='lat' dir='ltr'><strong>crzclesiam</strong></span> <span class='ocrx_word' id='word_1_55' title='bbox 791 1051 882 1090; x_wconf 74' lang='lat' dir='ltr'><strong>errare.</strong></span> <span class='ocrx_word' id='word_1_56' title='bbox 907 1047 937 1088; x_wconf 85' lang='lat' dir='ltr'><strong>nt</strong></span> <span class='ocrx_word' id='word_1_57' title='bbox 961 1033 1076 1088; x_wconf 82' lang='lat' dir='ltr'><strong>animae</strong></span> <span class='ocrx_word' id='word_1_58' title='bbox 1108 1031 1275 1088; x_wconf 83' lang='lat' dir='ltr'><strong>liberentur.</strong></span> <span class='ocrx_word' id='word_1_59' title='bbox 1300 1030 1327 1086; x_wconf 87' lang='lat' dir='ltr'><strong>lr.</strong></span> <span class='ocrx_word' id='word_1_60' title='bbox 1350 1051 1374 1086; x_wconf 91' lang='lat' dir='ltr'><strong>e.</strong></span> <span class='ocrx_word' id='word_1_61' title='bbox 1399 1049 1572 1108; x_wconf 86' lang='lat' dir='ltr'><strong>praeser-</strong></span> 
     </span>
     <span class='ocr_line' id='line_1_8' title="bbox 336 1116 1570 1194; baseline -0.002 -21"><span class='ocrx_word' id='word_1_62' title='bbox 336 1129 473 1174; x_wconf 81' lang='lat' dir='ltr'><strong>ventur</strong></span> <span class='ocrx_word' id='word_1_63' title='bbox 496 1121 631 1194; x_wconf 84' lang='lat' dir='ltr'><strong>apennis</strong></span> <span class='ocrx_word' id='word_1_64' title='bbox 654 1119 770 1175; x_wconf 79' lang='lat' dir='ltr'><strong>interni.</strong></span> <span class='ocrx_word' id='word_1_65' title='bbox 795 1119 969 1176; x_wconf 74' lang='lat' dir='ltr'><strong>Nullatenus</strong></span> <span class='ocrx_word' id='word_1_66' title='bbox 986 1120 1063 1175; x_wconf 88' lang='lat' dir='ltr'><strong>enirn</strong></span> <span class='ocrx_word' id='word_1_67' title='bbox 1083 1117 1171 1175; x_wconf 83' lang='lat' dir='ltr'><strong>verba</strong></span> <span class='ocrx_word' id='word_1_68' title='bbox 1195 1118 1267 1175; x_wconf 90' lang='lat' dir='ltr'><strong>hauc</strong></span> <span class='ocrx_word' id='word_1_69' title='bbox 1290 1117 1433 1175; x_wconf 70' lang='lat' dir='ltr'><strong>eecclesiae</strong></span> <span class='ocrx_word' id='word_1_70' title='bbox 1466 1116 1570 1174; x_wconf 85' lang='lat' dir='ltr'><strong>intelli-</strong></span> 
     </span>
     <span class='ocr_line' id='line_1_9' title="bbox 337 1203 1571 1282; baseline -0.002 -21"><span class='ocrx_word' id='word_1_71' title='bbox 337 1203 433 1277; x_wconf 66' lang='lat' dir='ltr'><strong>genda</strong></span> <span class='ocrx_word' id='word_1_72' title='bbox 464 1214 532 1262; x_wconf 86' lang='lat' dir='ltr'><strong>sunt</strong></span> <span class='ocrx_word' id='word_1_73' title='bbox 554 1205 591 1261; x_wconf 86' lang='lat' dir='ltr'><strong>de</strong></span> <span class='ocrx_word' id='word_1_74' title='bbox 615 1204 768 1262; x_wconf 74' lang='lat' dir='ltr'><strong>animabus</strong></span> <span class='ocrx_word' id='word_1_75' title='bbox 791 1206 850 1262; x_wconf 88' lang='lat' dir='ltr'><strong>iam</strong></span> <span class='ocrx_word' id='word_1_76' title='bbox 874 1227 910 1260; x_wconf 83' lang='lat' dir='ltr'><strong>cx</strong></span> <span class='ocrx_word' id='word_1_77' title='bbox 937 1205 990 1262; x_wconf 87' lang='lat' dir='ltr'><strong>trac</strong></span> <span class='ocrx_word' id='word_1_78' title='bbox 1015 1207 1076 1261; x_wconf 78' lang='lat' dir='ltr'><strong>rita</strong></span> <span class='ocrx_word' id='word_1_79' title='bbox 1100 1207 1240 1262; x_wconf 79' lang='lat' dir='ltr'><strong>extractis</strong></span> <span class='ocrx_word' id='word_1_80' title='bbox 1263 1213 1350 1282; x_wconf 89' lang='lat' dir='ltr'><strong>atque</strong></span> <span class='ocrx_word' id='word_1_81' title='bbox 1373 1205 1404 1261; x_wconf 90' lang='lat' dir='ltr'><strong>in</strong></span> <span class='ocrx_word' id='word_1_82' title='bbox 1429 1203 1571 1261; x_wconf 81' lang='lat' dir='ltr'><strong>infernum</strong></span> 
     </span>
     <span class='ocr_line' id='line_1_10' title="bbox 340 1282 1574 1369; baseline -0.001 -23"><span class='ocrx_word' id='word_1_83' title='bbox 340 1282 550 1369; x_wconf 51' lang='lat' dir='ltr'><strong>iam&#39;delupsis</strong></span> <span class='ocrx_word' id='word_1_84' title='bbox 576 1326 613 1334; x_wconf 83' lang='lat'><strong>—-</strong></span> <span class='ocrx_word' id='word_1_85' title='bbox 639 1313 690 1368; x_wconf 85' lang='lat' dir='ltr'><strong>pru</strong></span> <span class='ocrx_word' id='word_1_86' title='bbox 715 1291 761 1346; x_wconf 83' lang='lat' dir='ltr'><strong>iris</strong></span> <span class='ocrx_word' id='word_1_87' title='bbox 784 1293 862 1349; x_wconf 88' lang='lat' dir='ltr'><strong>enim</strong></span> <span class='ocrx_word' id='word_1_88' title='bbox 890 1291 1015 1350; x_wconf 84' lang='lat' dir='ltr'><strong>ecelesia</strong></span> <span class='ocrx_word' id='word_1_89' title='bbox 1039 1313 1097 1350; x_wconf 89' lang='lat' dir='ltr'><strong>non</strong></span> <span class='ocrx_word' id='word_1_90' title='bbox 1120 1299 1191 1362; x_wconf 70' lang='lat' dir='ltr'><strong>orat</strong></span> <span class='ocrx_word' id='word_1_91' title='bbox 1216 1325 1256 1334; x_wconf 85' lang='lat'><strong>--</strong></span> <span class='ocrx_word' id='word_1_92' title='bbox 1280 1289 1332 1348; x_wconf 87' lang='lat' dir='ltr'><strong>sed</strong></span> <span class='ocrx_word' id='word_1_93' title='bbox 1362 1288 1399 1348; x_wconf 88' lang='lat' dir='ltr'><strong>de</strong></span> <span class='ocrx_word' id='word_1_94' title='bbox 1423 1287 1574 1348; x_wconf 76' lang='lat' dir='ltr'><strong>animabus</strong></span> 
     </span>
     <span class='ocr_line' id='line_1_11' title="bbox 341 1377 1575 1455; baseline -0.001 -21"><span class='ocrx_word' id='word_1_95' title='bbox 341 1381 370 1435; x_wconf 92' lang='lat' dir='ltr'><strong>in</strong></span> <span class='ocrx_word' id='word_1_96' title='bbox 394 1379 516 1436; x_wconf 80' lang='lat' dir='ltr'><strong>articulo</strong></span> <span class='ocrx_word' id='word_1_97' title='bbox 540 1381 641 1435; x_wconf 83' lang='lat' dir='ltr'><strong>mortis</strong></span> <span class='ocrx_word' id='word_1_98' title='bbox 665 1381 775 1455; x_wconf 86' lang='lat' dir='ltr'><strong>positis.</strong></span> <span class='ocrx_word' id='word_1_99' title='bbox 800 1380 919 1436; x_wconf 87' lang='lat' dir='ltr'><strong>iamiam</strong></span> <span class='ocrx_word' id='word_1_100' title='bbox 943 1381 974 1436; x_wconf 89' lang='lat' dir='ltr'><strong>in</strong></span> <span class='ocrx_word' id='word_1_101' title='bbox 997 1380 1201 1437; x_wconf 85' lang='lat' dir='ltr'><strong>aeternitatem</strong></span> <span class='ocrx_word' id='word_1_102' title='bbox 1225 1381 1402 1455; x_wconf 80' lang='lat' dir='ltr'><strong>migraturis.</strong></span> <span class='ocrx_word' id='word_1_103' title='bbox 1444 1377 1575 1434; x_wconf 86' lang='lat' dir='ltr'><strong>Fictione</strong></span> 
     </span>
     <span class='ocr_line' id='line_1_12' title="bbox 344 1464 1578 1542; baseline -0.002 -21"><span class='ocrx_word' id='word_1_104' title='bbox 344 1468 442 1542; x_wconf 80' lang='lat' dir='ltr'><strong>itaque</strong></span> <span class='ocrx_word' id='word_1_105' title='bbox 465 1465 636 1535; x_wconf 73' lang='lat' dir='ltr'><strong>dromones,</strong></span> <span class='ocrx_word' id='word_1_106' title='bbox 672 1467 760 1542; x_wconf 85' lang='lat' dir='ltr'><strong>plena</strong></span> <span class='ocrx_word' id='word_1_107' title='bbox 782 1464 1001 1542; x_wconf 89' lang='lat' dir='ltr'><strong>pulchritudine</strong></span> <span class='ocrx_word' id='word_1_108' title='bbox 1024 1475 1053 1522; x_wconf 88' lang='lat' dir='ltr'><strong>ct</strong></span> <span class='ocrx_word' id='word_1_109' title='bbox 1076 1467 1114 1526; x_wconf 73' lang='lat' dir='ltr'><strong>vi.</strong></span> <span class='ocrx_word' id='word_1_110' title='bbox 1152 1467 1265 1522; x_wconf 85' lang='lat' dir='ltr'><strong>animas</strong></span> <span class='ocrx_word' id='word_1_111' title='bbox 1288 1466 1346 1522; x_wconf 89' lang='lat' dir='ltr'><strong>iam</strong></span> <span class='ocrx_word' id='word_1_112' title='bbox 1378 1485 1414 1521; x_wconf 82' lang='lat' dir='ltr'><strong>ex</strong></span> <span class='ocrx_word' id='word_1_113' title='bbox 1440 1464 1497 1522; x_wconf 83' lang='lat' dir='ltr'><strong>hac</strong></span> <span class='ocrx_word' id='word_1_114' title='bbox 1519 1465 1578 1519; x_wconf 78' lang='lat' dir='ltr'><strong>vita</strong></span> 
     </span>
     <span class='ocr_line' id='line_1_13' title="bbox 341 1551 1576 1630; baseline 0 -24"><span class='ocrx_word' id='word_1_115' title='bbox 341 1553 486 1630; x_wconf 77' lang='lat' dir='ltr'><strong>protectas</strong></span> <span class='ocrx_word' id='word_1_116' title='bbox 517 1552 643 1610; x_wconf 84' lang='lat' dir='ltr'><strong>ecclesia</strong></span> <span class='ocrx_word' id='word_1_117' title='bbox 675 1555 757 1629; x_wconf 75' lang='lat' dir='ltr'><strong>quarn</strong></span> <span class='ocrx_word' id='word_1_118' title='bbox 789 1552 826 1609; x_wconf 89' lang='lat' dir='ltr'><strong>ad</strong></span> <span class='ocrx_word' id='word_1_119' title='bbox 855 1554 947 1609; x_wconf 80' lang='lat' dir='ltr'><strong>vitam</strong></span> <span class='ocrx_word' id='word_1_120' title='bbox 980 1563 1105 1618; x_wconf 77' lang='lat' dir='ltr'><strong>revocat,</strong></span> <span class='ocrx_word' id='word_1_121' title='bbox 1139 1551 1270 1609; x_wconf 82' lang='lat' dir='ltr'><strong>sistendo</strong></span> <span class='ocrx_word' id='word_1_122' title='bbox 1293 1573 1343 1610; x_wconf 88' lang='lat' dir='ltr'><strong>eas</strong></span> <span class='ocrx_word' id='word_1_123' title='bbox 1367 1555 1398 1608; x_wconf 93' lang='lat' dir='ltr'><strong>in</strong></span> <span class='ocrx_word' id='word_1_124' title='bbox 1422 1551 1576 1608; x_wconf 87' lang='lat' dir='ltr'><strong>articulum</strong></span> 
     </span>
     <span class='ocr_line' id='line_1_14' title="bbox 339 1639 1575 1716; baseline -0.001 -21"><span class='ocrx_word' id='word_1_125' title='bbox 339 1641 439 1696; x_wconf 86' lang='lat' dir='ltr'><strong>mortis</strong></span> <span class='ocrx_word' id='word_1_126' title='bbox 454 1654 540 1716; x_wconf 88' lang='lat' dir='ltr'><strong>atque</strong></span> <span class='ocrx_word' id='word_1_127' title='bbox 561 1660 612 1716; x_wconf 88' lang='lat' dir='ltr'><strong>pro</strong></span> <span class='ocrx_word' id='word_1_128' title='bbox 625 1639 776 1696; x_wconf 85' lang='lat' dir='ltr'><strong>tremendo</strong></span> <span class='ocrx_word' id='word_1_129' title='bbox 787 1639 839 1696; x_wconf 93' lang='lat' dir='ltr'><strong>illo</strong></span> <span class='ocrx_word' id='word_1_130' title='bbox 850 1649 997 1696; x_wconf 85' lang='lat' dir='ltr'><strong>momento</strong></span> <span class='ocrx_word' id='word_1_131' title='bbox 1017 1659 1112 1703; x_wconf 70' lang='lat' dir='ltr'><strong>errans.</strong></span> <span class='ocrx_word' id='word_1_132' title='bbox 1126 1649 1156 1696; x_wconf 93' lang='lat' dir='ltr'><strong>ut</strong></span> <span class='ocrx_word' id='word_1_133' title='bbox 1171 1639 1249 1696; x_wconf 71' lang='lat' dir='ltr'><strong>liens</strong></span> <span class='ocrx_word' id='word_1_134' title='bbox 1267 1659 1326 1704; x_wconf 83' lang='lat' dir='ltr'><strong>eas,</strong></span> <span class='ocrx_word' id='word_1_135' title='bbox 1344 1659 1413 1696; x_wconf 86' lang='lat' dir='ltr'><strong>mox</strong></span> <span class='ocrx_word' id='word_1_136' title='bbox 1434 1640 1575 1694; x_wconf 86' lang='lat' dir='ltr'><strong>rationem</strong></span> 
     </span>
     <span class='ocr_line' id='line_1_15' title="bbox 338 1723 1575 1802; baseline -0.004 -20"><span class='ocrx_word' id='word_1_137' title='bbox 338 1724 511 1791; x_wconf 73' lang='lat' dir='ltr'><strong>redditurus„</strong></span> <span class='ocrx_word' id='word_1_138' title='bbox 545 1725 647 1782; x_wconf 84' lang='lat' dir='ltr'><strong>liberet</strong></span> <span class='ocrx_word' id='word_1_139' title='bbox 678 1726 714 1782; x_wconf 82' lang='lat' dir='ltr'><strong>de</strong></span> <span class='ocrx_word' id='word_1_140' title='bbox 739 1728 840 1802; x_wconf 88' lang='lat' dir='ltr'><strong>poenis</strong></span> <span class='ocrx_word' id='word_1_141' title='bbox 880 1725 996 1792; x_wconf 81' lang='lat' dir='ltr'><strong>inferni,</strong></span> <span class='ocrx_word' id='word_1_142' title='bbox 1032 1737 1059 1782; x_wconf 89' lang='lat' dir='ltr'><strong>nt</strong></span> <span class='ocrx_word' id='word_1_143' title='bbox 1092 1747 1129 1782; x_wconf 89' lang='lat' dir='ltr'><strong>ne</strong></span> <span class='ocrx_word' id='word_1_144' title='bbox 1162 1729 1310 1802; x_wconf 88' lang='lat' dir='ltr'><strong>permittat</strong></span> <span class='ocrx_word' id='word_1_145' title='bbox 1348 1745 1398 1782; x_wconf 83' lang='lat' dir='ltr'><strong>eas</strong></span> <span class='ocrx_word' id='word_1_146' title='bbox 1426 1723 1575 1782; x_wconf 77' lang='lat' dir='ltr'><strong>absorberi</strong></span> 
     </span>
     <span class='ocr_line' id='line_1_16' title="bbox 338 1812 1576 1890; baseline 0.002 -20"><span class='ocrx_word' id='word_1_147' title='bbox 338 1821 495 1875; x_wconf 76' lang='lat' dir='ltr'><strong>atartaro,</strong></span> <span class='ocrx_word' id='word_1_148' title='bbox 529 1812 633 1870; x_wconf 81' lang='lat' dir='ltr'><strong>cadere</strong></span> <span class='ocrx_word' id='word_1_149' title='bbox 657 1815 686 1869; x_wconf 92' lang='lat' dir='ltr'><strong>in</strong></span> <span class='ocrx_word' id='word_1_150' title='bbox 709 1812 862 1870; x_wconf 81' lang='lat' dir='ltr'><strong>obscurum</strong></span> <span class='ocrx_word' id='word_1_151' title='bbox 887 1813 1004 1870; x_wconf 84' lang='lat' dir='ltr'><strong>inlerni.</strong></span> <span class='ocrx_word' id='word_1_152' title='bbox 1049 1815 1133 1887; x_wconf 59' lang='lat' dir='ltr'><strong>(pirae</strong></span> <span class='ocrx_word' id='word_1_153' title='bbox 1158 1814 1395 1890; x_wconf 81' lang='lat' dir='ltr'><strong>repraesentatio,</strong></span> <span class='ocrx_word' id='word_1_154' title='bbox 1432 1822 1462 1868; x_wconf 92' lang='lat' dir='ltr'><strong>ut</strong></span> <span class='ocrx_word' id='word_1_155' title='bbox 1486 1819 1576 1888; x_wconf 69' lang='lat' dir='ltr'><strong>patet</strong></span> 
     </span>
     <span class='ocr_line' id='line_1_17' title="bbox 335 1897 1573 1976; baseline -0.003 -18"><span class='ocrx_word' id='word_1_156' title='bbox 335 1900 488 1976; x_wconf 81' lang='lat' dir='ltr'><strong>aptissima</strong></span> <span class='ocrx_word' id='word_1_157' title='bbox 511 1909 553 1957; x_wconf 83' lang='lat' dir='ltr'><strong>est</strong></span> <span class='ocrx_word' id='word_1_158' title='bbox 577 1898 614 1956; x_wconf 88' lang='lat' dir='ltr'><strong>ad</strong></span> <span class='ocrx_word' id='word_1_159' title='bbox 638 1897 847 1956; x_wconf 79' lang='lat' dir='ltr'><strong>cornutiendus</strong></span> <span class='ocrx_word' id='word_1_160' title='bbox 870 1901 983 1956; x_wconf 65' lang='lat' dir='ltr'><strong>animus¹</strong></span> <span class='ocrx_word' id='word_1_161' title='bbox 1007 1899 1102 1956; x_wconf 77' lang='lat' dir='ltr'><strong>nzllrue</strong></span> <span class='ocrx_word' id='word_1_162' title='bbox 1129 1902 1298 1968; x_wconf 79' lang='lat' dir='ltr'><strong>virentium,</strong></span> <span class='ocrx_word' id='word_1_163' title='bbox 1321 1907 1351 1956; x_wconf 90' lang='lat' dir='ltr'><strong>et</strong></span> <span class='ocrx_word' id='word_1_164' title='bbox 1372 1899 1459 1955; x_wconf 88' lang='lat' dir='ltr'><strong>simul</strong></span> <span class='ocrx_word' id='word_1_165' title='bbox 1482 1901 1573 1955; x_wconf 83' lang='lat' dir='ltr'><strong>etiarn</strong></span> 
     </span>
     <span class='ocr_line' id='line_1_18' title="bbox 334 1985 1576 2064; baseline -0.001 -22"><span class='ocrx_word' id='word_1_166' title='bbox 334 1987 414 2044; x_wconf 80' lang='lat' dir='ltr'><strong>utilis</strong></span> <span class='ocrx_word' id='word_1_167' title='bbox 446 2007 497 2062; x_wconf 88' lang='lat' dir='ltr'><strong>pro</strong></span> <span class='ocrx_word' id='word_1_168' title='bbox 519 1986 673 2045; x_wconf 78' lang='lat' dir='ltr'><strong>animabus</strong></span> <span class='ocrx_word' id='word_1_169' title='bbox 696 1986 851 2044; x_wconf 79' lang='lat' dir='ltr'><strong>defunctis.</strong></span> <span class='ocrx_word' id='word_1_170' title='bbox 883 1985 995 2064; x_wconf 81' lang='lat' dir='ltr'><strong>quibua,</strong></span> <span class='ocrx_word' id='word_1_171' title='bbox 1025 1989 1048 2042; x_wconf 86' lang='lat' dir='ltr'><strong>si</strong></span> <span class='ocrx_word' id='word_1_172' title='bbox 1074 1989 1105 2043; x_wconf 93' lang='lat' dir='ltr'><strong>in</strong></span> <span class='ocrx_word' id='word_1_173' title='bbox 1129 1988 1294 2063; x_wconf 79' lang='lat' dir='ltr'><strong>purgatorio</strong></span> <span class='ocrx_word' id='word_1_174' title='bbox 1318 1988 1489 2050; x_wconf 73' lang='lat' dir='ltr'><strong>retinentur,</strong></span> <span class='ocrx_word' id='word_1_175' title='bbox 1515 1993 1576 2042; x_wconf 89' lang='lat' dir='ltr'><strong>tum</strong></span> 
     </span>
     <span class='ocr_line' id='line_1_19' title="bbox 335 2072 1577 2150; baseline -0.002 -21"><span class='ocrx_word' id='word_1_176' title='bbox 335 2095 372 2130; x_wconf 80' lang='lat' dir='ltr'><strong>ex</strong></span> <span class='ocrx_word' id='word_1_177' title='bbox 404 2073 538 2150; x_wconf 79' lang='lat' dir='ltr'><strong>precibus</strong></span> <span class='ocrx_word' id='word_1_178' title='bbox 568 2073 711 2132; x_wconf 69' lang='lat' dir='ltr'><strong>ecclcsiae</strong></span> <span class='ocrx_word' id='word_1_179' title='bbox 742 2085 800 2130; x_wconf 90' lang='lat' dir='ltr'><strong>tum</strong></span> <span class='ocrx_word' id='word_1_180' title='bbox 830 2094 866 2129; x_wconf 82' lang='lat' dir='ltr'><strong>ex</strong></span> <span class='ocrx_word' id='word_1_181' title='bbox 895 2073 1075 2130; x_wconf 86' lang='lat' dir='ltr'><strong>orationibus</strong></span> <span class='ocrx_word' id='word_1_182' title='bbox 1107 2072 1286 2130; x_wconf 77' lang='lat' dir='ltr'><strong>adstantium</strong></span> <span class='ocrx_word' id='word_1_183' title='bbox 1317 2072 1437 2129; x_wconf 85' lang='lat' dir='ltr'><strong>salutari</strong></span> <span class='ocrx_word' id='word_1_184' title='bbox 1474 2073 1577 2130; x_wconf 90' lang='lat' dir='ltr'><strong>timore</strong></span> 
     </span>
     <span class='ocr_line' id='line_1_20' title="bbox 336 2157 1577 2236; baseline -0.001 -21"><span class='ocrx_word' id='word_1_185' title='bbox 336 2159 779 2226; x_wconf 77' lang='lat' dir='ltr'><strong>concussorem,instantioribus</strong></span> <span class='ocrx_word' id='word_1_186' title='bbox 803 2160 939 2217; x_wconf 78' lang='lat' dir='ltr'><strong>levamen</strong></span> <span class='ocrx_word' id='word_1_187' title='bbox 962 2170 990 2216; x_wconf 86' lang='lat' dir='ltr'><strong>et</strong></span> <span class='ocrx_word' id='word_1_188' title='bbox 1007 2161 1143 2218; x_wconf 82' lang='lat' dir='ltr'><strong>solatium</strong></span> <span class='ocrx_word' id='word_1_189' title='bbox 1166 2159 1292 2221; x_wconf 79' lang='lat' dir='ltr'><strong>ali&#39;ertur.</strong></span> <span class='ocrx_word' id='word_1_190' title='bbox 1315 2157 1400 2234; x_wconf 70' lang='lat' dir='ltr'><strong>Quae</strong></span> <span class='ocrx_word' id='word_1_191' title='bbox 1416 2158 1577 2236; x_wconf 74' lang='lat' dir='ltr'><strong>explicatio</strong></span> 
     </span>
     <span class='ocr_line' id='line_1_21' title="bbox 338 2243 1577 2324; baseline -0.002 -21"><span class='ocrx_word' id='word_1_192' title='bbox 338 2247 559 2304; x_wconf 88' lang='lat' dir='ltr'><strong>commendatur</strong></span> <span class='ocrx_word' id='word_1_193' title='bbox 577 2247 644 2304; x_wconf 84' lang='lat' dir='ltr'><strong>aliis</strong></span> <span class='ocrx_word' id='word_1_194' title='bbox 667 2247 808 2304; x_wconf 83' lang='lat' dir='ltr'><strong>ecclesiae</strong></span> <span class='ocrx_word' id='word_1_195' title='bbox 832 2245 974 2323; x_wconf 82' lang='lat' dir='ltr'><strong>precibus.</strong></span> <span class='ocrx_word' id='word_1_196' title='bbox 998 2267 1073 2324; x_wconf 90' lang='lat' dir='ltr'><strong>quae</strong></span> <span class='ocrx_word' id='word_1_197' title='bbox 1097 2249 1160 2304; x_wconf 86' lang='lat' dir='ltr'><strong>sive</strong></span> <span class='ocrx_word' id='word_1_198' title='bbox 1184 2247 1215 2304; x_wconf 92' lang='lat' dir='ltr'><strong>in</strong></span> <span class='ocrx_word' id='word_1_199' title='bbox 1239 2249 1329 2304; x_wconf 87' lang='lat' dir='ltr'><strong>missa</strong></span> <span class='ocrx_word' id='word_1_200' title='bbox 1341 2245 1457 2323; x_wconf 86' lang='lat' dir='ltr'><strong>(Oratio</strong></span> <span class='ocrx_word' id='word_1_201' title='bbox 1481 2247 1513 2303; x_wconf 90' lang='lat' dir='ltr'><strong>in</strong></span> <span class='ocrx_word' id='word_1_202' title='bbox 1529 2243 1577 2303; x_wconf 86' lang='lat' dir='ltr'><strong>die</strong></span> 
     </span>
     <span class='ocr_line' id='line_1_22' title="bbox 338 2331 1576 2410; baseline -0.002 -20"><span class='ocrx_word' id='word_1_203' title='bbox 338 2333 434 2390; x_wconf 85' lang='lat' dir='ltr'><strong>obitus</strong></span> <span class='ocrx_word' id='word_1_204' title='bbox 457 2331 610 2410; x_wconf 76' lang='lat' dir='ltr'><strong>defuncti),</strong></span> <span class='ocrx_word' id='word_1_205' title='bbox 643 2337 707 2390; x_wconf 85' lang='lat' dir='ltr'><strong>sire</strong></span> <span class='ocrx_word' id='word_1_206' title='bbox 738 2337 768 2390; x_wconf 93' lang='lat' dir='ltr'><strong>in</strong></span> <span class='ocrx_word' id='word_1_207' title='bbox 796 2332 1078 2403; x_wconf 66' lang='lat' dir='ltr'><strong>„riornmendariene</strong></span> <span class='ocrx_word' id='word_1_208' title='bbox 1109 2336 1256 2400; x_wconf 58' lang='lat' dir='ltr'><strong>animast,</strong></span> <span class='ocrx_word' id='word_1_209' title='bbox 1290 2335 1353 2390; x_wconf 81' lang='lat' dir='ltr'><strong>sive</strong></span> <span class='ocrx_word' id='word_1_210' title='bbox 1387 2335 1418 2390; x_wconf 91' lang='lat' dir='ltr'><strong>in</strong></span> <span class='ocrx_word' id='word_1_211' title='bbox 1442 2331 1576 2410; x_wconf 79' lang='lat' dir='ltr'><strong>precibus</strong></span> 
     </span>
     <span class='ocr_line' id='line_1_23' title="bbox 338 2416 1573 2500; baseline -0.002 -24"><span class='ocrx_word' id='word_1_212' title='bbox 338 2420 557 2496; x_wconf 70' lang='lat' dir='ltr'><strong>exsequialibus</strong></span> <span class='ocrx_word' id='word_1_213' title='bbox 575 2416 698 2500; x_wconf 79' lang='lat' dir='ltr'><strong>(Libera</strong></span> <span class='ocrx_word' id='word_1_214' title='bbox 721 2441 766 2477; x_wconf 83' lang='lat' dir='ltr'><strong>rne.</strong></span> <span class='ocrx_word' id='word_1_215' title='bbox 782 2421 918 2492; x_wconf 76' lang='lat' dir='ltr'><strong>Domine)</strong></span> <span class='ocrx_word' id='word_1_216' title='bbox 942 2431 1104 2478; x_wconf 89' lang='lat' dir='ltr'><strong>occurrunt.</strong></span> <span class='ocrx_word' id='word_1_217' title='bbox 1128 2417 1187 2478; x_wconf 77' lang='lat' dir='ltr'><strong>b‘ed</strong></span> <span class='ocrx_word' id='word_1_218' title='bbox 1211 2419 1283 2478; x_wconf 88' lang='lat' dir='ltr'><strong>haec</strong></span> <span class='ocrx_word' id='word_1_219' title='bbox 1307 2439 1358 2496; x_wconf 89' lang='lat' dir='ltr'><strong>per</strong></span> <span class='ocrx_word' id='word_1_220' title='bbox 1372 2429 1573 2476; x_wconf 86' lang='lat' dir='ltr'><strong>transennam.</strong></span> 
     </span>
    </p>
   </div>
   <div class='ocr_carea' id='block_1_3' title="bbox 337 2529 1578 3044">
    <p class='ocr_par' dir='ltr' id='par_1_3' title="bbox 337 2529 1578 3044">
     <span class='ocr_line' id='line_1_24' title="bbox 447 2529 1576 2610; baseline 0.001 -23"><span class='ocrx_word' id='word_1_221' title='bbox 447 2534 473 2587; x_wconf 77' lang='lat'><strong>2.</strong></span> <span class='ocrx_word' id='word_1_222' title='bbox 500 2532 605 2590; x_wconf 79' lang='lat' dir='ltr'><strong>Verum</strong></span> <span class='ocrx_word' id='word_1_223' title='bbox 628 2533 746 2609; x_wconf 89' lang='lat' dir='ltr'><strong>quidem</strong></span> <span class='ocrx_word' id='word_1_224' title='bbox 770 2545 823 2599; x_wconf 80' lang='lat' dir='ltr'><strong>cst,</strong></span> <span class='ocrx_word' id='word_1_225' title='bbox 850 2533 1024 2599; x_wconf 82' lang='lat' dir='ltr'><strong>„ecclesiam</strong></span> <span class='ocrx_word' id='word_1_226' title='bbox 1049 2555 1132 2609; x_wconf 83' lang='lat' dir='ltr'><strong>posse</strong></span> <span class='ocrx_word' id='word_1_227' title='bbox 1156 2535 1313 2610; x_wconf 84' lang='lat' dir='ltr'><strong>impetrare</strong></span> <span class='ocrx_word' id='word_1_228' title='bbox 1329 2529 1394 2610; x_wconf 74' lang='lat' dir='ltr'><strong>[per</strong></span> <span class='ocrx_word' id='word_1_229' title='bbox 1409 2551 1576 2590; x_wconf 86' lang='lat' dir='ltr'><strong>sacramen·</strong></span> 
     </span>
     <span class='ocr_line' id='line_1_25' title="bbox 338 2619 1575 2698; baseline 0 -24"><span class='ocrx_word' id='word_1_230' title='bbox 338 2619 422 2691; x_wconf 78' lang='lat' dir='ltr'><strong>talia)</strong></span> <span class='ocrx_word' id='word_1_231' title='bbox 437 2621 556 2694; x_wconf 78' lang='lat' dir='ltr'><strong>gratias,</strong></span> <span class='ocrx_word' id='word_1_232' title='bbox 578 2619 705 2698; x_wconf 76' lang='lat' dir='ltr'><strong>adquae</strong></span> <span class='ocrx_word' id='word_1_233' title='bbox 724 2619 896 2677; x_wconf 84' lang='lat' dir='ltr'><strong>et‘liciendas</strong></span> <span class='ocrx_word' id='word_1_234' title='bbox 910 2619 1044 2678; x_wconf 78' lang='lat' dir='ltr'><strong>Christus</strong></span> <span class='ocrx_word' id='word_1_235' title='bbox 1060 2620 1202 2677; x_wconf 86' lang='lat' dir='ltr'><strong>Dominus</strong></span> <span class='ocrx_word' id='word_1_236' title='bbox 1219 2619 1329 2676; x_wconf 90' lang='lat' dir='ltr'><strong>nullum</strong></span> <span class='ocrx_word' id='word_1_237' title='bbox 1348 2621 1575 2678; x_wconf 86' lang='lat' dir='ltr'><strong>instmmentnrrr</strong></span> 
     </span>
     <span class='ocr_line' id='line_1_26' title="bbox 337 2706 1577 2782; baseline -0.001 -20"><span class='ocrx_word' id='word_1_238' title='bbox 337 2725 387 2764; x_wconf 84' lang='lat' dir='ltr'><strong>seu</strong></span> <span class='ocrx_word' id='word_1_239' title='bbox 411 2716 626 2764; x_wconf 84' lang='lat' dir='ltr'><strong>sacramentum</strong></span> <span class='ocrx_word' id='word_1_240' title='bbox 648 2707 808 2779; x_wconf 76' lang='lat' dir='ltr'><strong>institnit“;</strong></span> <span class='ocrx_word' id='word_1_241' title='bbox 832 2717 862 2764; x_wconf 87' lang='lat' dir='ltr'><strong>at</strong></span> <span class='ocrx_word' id='word_1_242' title='bbox 880 2725 979 2764; x_wconf 81' lang='lat' dir='ltr'><strong>rernm</strong></span> <span class='ocrx_word' id='word_1_243' title='bbox 1004 2715 1130 2768; x_wconf 86' lang='lat' dir='ltr'><strong>nonest.</strong></span> <span class='ocrx_word' id='word_1_244' title='bbox 1155 2706 1207 2763; x_wconf 80' lang='lat' dir='ltr'><strong>lias</strong></span> <span class='ocrx_word' id='word_1_245' title='bbox 1229 2709 1340 2782; x_wconf 80' lang='lat' dir='ltr'><strong>gratias</strong></span> <span class='ocrx_word' id='word_1_246' title='bbox 1364 2725 1429 2764; x_wconf 86' lang='lat' dir='ltr'><strong>esse</strong></span> <span class='ocrx_word' id='word_1_247' title='bbox 1446 2707 1577 2782; x_wconf 84' lang='lat' dir='ltr'><strong>praecise</strong></span> 
     </span>
     <span class='ocr_line' id='line_1_27' title="bbox 338 2790 1571 2870; baseline 0.001 -23"><span class='ocrx_word' id='word_1_248' title='bbox 338 2793 412 2861; x_wconf 80' lang='lat' dir='ltr'><strong>illas,</strong></span> <span class='ocrx_word' id='word_1_249' title='bbox 434 2790 540 2869; x_wconf 88' lang='lat' dir='ltr'><strong>quibus</strong></span> <span class='ocrx_word' id='word_1_250' title='bbox 568 2796 630 2864; x_wconf 81' lang='lat' dir='ltr'><strong>„vis</strong></span> <span class='ocrx_word' id='word_1_251' title='bbox 654 2795 868 2851; x_wconf 84' lang='lat' dir='ltr'><strong>iustificationis</strong></span> <span class='ocrx_word' id='word_1_252' title='bbox 891 2793 1034 2850; x_wconf 81' lang='lat' dir='ltr'><strong>attritioni</strong></span> <span class='ocrx_word' id='word_1_253' title='bbox 1059 2803 1190 2850; x_wconf 86' lang='lat' dir='ltr'><strong>mutuata</strong></span> <span class='ocrx_word' id='word_1_254' title='bbox 1213 2813 1230 2850; x_wconf 86' lang='lat' dir='ltr'><strong>a</strong></span> <span class='ocrx_word' id='word_1_255' title='bbox 1254 2791 1388 2870; x_wconf 87' lang='lat' dir='ltr'><strong>precibus</strong></span> <span class='ocrx_word' id='word_1_256' title='bbox 1411 2792 1571 2850; x_wconf 61' lang='lat' dir='ltr'><strong>ecclesiae*</strong></span> 
     </span>
     <span class='ocr_line' id='line_1_28' title="bbox 339 2877 1578 2958; baseline 0 -23"><span class='ocrx_word' id='word_1_257' title='bbox 339 2877 467 2936; x_wconf 83' lang='lat' dir='ltr'><strong>accedat.</strong></span> <span class='ocrx_word' id='word_1_258' title='bbox 490 2879 557 2937; x_wconf 88' lang='lat' dir='ltr'><strong>Hoc</strong></span> <span class='ocrx_word' id='word_1_259' title='bbox 580 2883 667 2941; x_wconf 87' lang='lat' dir='ltr'><strong>enim.</strong></span> <span class='ocrx_word' id='word_1_260' title='bbox 692 2901 728 2938; x_wconf 90' lang='lat' dir='ltr'><strong>ne</strong></span> <span class='ocrx_word' id='word_1_261' title='bbox 752 2882 855 2957; x_wconf 90' lang='lat' dir='ltr'><strong>petitio</strong></span> <span class='ocrx_word' id='word_1_262' title='bbox 871 2882 1007 2958; x_wconf 90' lang='lat' dir='ltr'><strong>principii</strong></span> <span class='ocrx_word' id='word_1_263' title='bbox 1026 2883 1231 2949; x_wconf 81' lang='lat' dir='ltr'><strong>committatur,</strong></span> <span class='ocrx_word' id='word_1_264' title='bbox 1255 2878 1372 2937; x_wconf 83' lang='lat' dir='ltr'><strong>demum</strong></span> <span class='ocrx_word' id='word_1_265' title='bbox 1394 2877 1578 2957; x_wconf 86' lang='lat' dir='ltr'><strong>probandum</strong></span> 
     </span>
     <span class='ocr_line' id='line_1_29' title="bbox 338 2965 1576 3044; baseline 0 -22"><span class='ocrx_word' id='word_1_266' title='bbox 338 2976 427 3026; x_wconf 83' lang='lat' dir='ltr'><strong>essct:</strong></span> <span class='ocrx_word' id='word_1_267' title='bbox 451 2975 480 3022; x_wconf 87' lang='lat' dir='ltr'><strong>at</strong></span> <span class='ocrx_word' id='word_1_268' title='bbox 498 2965 613 3042; x_wconf 88' lang='lat' dir='ltr'><strong>probari</strong></span> <span class='ocrx_word' id='word_1_269' title='bbox 630 2987 688 3024; x_wconf 91' lang='lat' dir='ltr'><strong>nou</strong></span> <span class='ocrx_word' id='word_1_270' title='bbox 713 2987 804 3044; x_wconf 78' lang='lat' dir='ltr'><strong>posse,</strong></span> <span class='ocrx_word' id='word_1_271' title='bbox 828 2987 866 3024; x_wconf 80' lang='lat' dir='ltr'><strong>ex</strong></span> <span class='ocrx_word' id='word_1_272' title='bbox 889 2987 976 3044; x_wconf 88' lang='lat' dir='ltr'><strong>supra</strong></span> <span class='ocrx_word' id='word_1_273' title='bbox 990 2966 1076 3024; x_wconf 86' lang='lat' dir='ltr'><strong>dictis</strong></span> <span class='ocrx_word' id='word_1_274' title='bbox 1094 2967 1193 3044; x_wconf 87' lang='lat' dir='ltr'><strong>liquet.</strong></span> <span class='ocrx_word' id='word_1_275' title='bbox 1206 2966 1300 3044; x_wconf 87' lang='lat' dir='ltr'><strong>ldqno</strong></span> <span class='ocrx_word' id='word_1_276' title='bbox 1316 2967 1498 3044; x_wconf 88' lang='lat' dir='ltr'><strong>praesertim.</strong></span> <span class='ocrx_word' id='word_1_277' title='bbox 1510 2983 1576 3023; x_wconf 90' lang='lat' dir='ltr'><strong>cnm</strong></span> 
     </span>
    </p>
   </div>
   <div class='ocr_carea' id='block_1_4' title="bbox 336 3079 1578 4024">
    <p class='ocr_par' dir='ltr' id='par_1_4' title="bbox 336 3079 1578 4024">
     <span class='ocr_line' id='line_1_30' title="bbox 444 3079 1577 3156; baseline -0.003 -19"><span class='ocrx_word' id='word_1_278' title='bbox 444 3082 471 3136; x_wconf 76' lang='lat' dir='ltr'><strong>a.</strong></span> <span class='ocrx_word' id='word_1_279' title='bbox 501 3099 602 3136; x_wconf 84' lang='lat' dir='ltr'><strong>verum</strong></span> <span class='ocrx_word' id='word_1_280' title='bbox 634 3080 698 3136; x_wconf 82' lang='lat' dir='ltr'><strong>sine</strong></span> <span class='ocrx_word' id='word_1_281' title='bbox 720 3079 910 3136; x_wconf 88' lang='lat' dir='ltr'><strong>distinctione</strong></span> <span class='ocrx_word' id='word_1_282' title='bbox 941 3099 1000 3136; x_wconf 92' lang='lat' dir='ltr'><strong>non</strong></span> <span class='ocrx_word' id='word_1_283' title='bbox 1031 3081 1068 3136; x_wconf 87' lang='lat' dir='ltr'><strong>sit</strong></span> <span class='ocrx_word' id='word_1_284' title='bbox 1103 3079 1285 3150; x_wconf 75' lang='lat' dir='ltr'><strong>„ecclesiam</strong></span> <span class='ocrx_word' id='word_1_285' title='bbox 1320 3097 1386 3136; x_wconf 92' lang='lat' dir='ltr'><strong>cum</strong></span> <span class='ocrx_word' id='word_1_286' title='bbox 1420 3099 1480 3136; x_wconf 88' lang='lat' dir='ltr'><strong>rem</strong></span> <span class='ocrx_word' id='word_1_287' title='bbox 1503 3097 1577 3156; x_wconf 85' lang='lat' dir='ltr'><strong>quae</strong></span> 
     </span>
     <span class='ocr_line' id='line_1_31' title="bbox 336 3165 1574 3243; baseline -0.001 -21"><span class='ocrx_word' id='word_1_288' title='bbox 336 3167 487 3242; x_wconf 84' lang='lat' dir='ltr'><strong>impetrari</strong></span> <span class='ocrx_word' id='word_1_289' title='bbox 511 3173 606 3242; x_wconf 86' lang='lat' dir='ltr'><strong>potest</strong></span> <span class='ocrx_word' id='word_1_290' title='bbox 629 3165 658 3241; x_wconf 81' lang='lat' dir='ltr'><strong>[i.</strong></span> <span class='ocrx_word' id='word_1_291' title='bbox 682 3186 706 3223; x_wconf 88' lang='lat' dir='ltr'><strong>e.</strong></span> <span class='ocrx_word' id='word_1_292' title='bbox 729 3185 804 3243; x_wconf 89' lang='lat' dir='ltr'><strong>quae</strong></span> <span class='ocrx_word' id='word_1_293' title='bbox 828 3185 929 3223; x_wconf 85' lang='lat' dir='ltr'><strong>verum</strong></span> <span class='ocrx_word' id='word_1_294' title='bbox 953 3165 1061 3222; x_wconf 91' lang='lat' dir='ltr'><strong>bonurn</strong></span> <span class='ocrx_word' id='word_1_295' title='bbox 1084 3167 1195 3223; x_wconf 85' lang='lat' dir='ltr'><strong>orantis</strong></span> <span class='ocrx_word' id='word_1_296' title='bbox 1222 3177 1266 3223; x_wconf 86' lang='lat' dir='ltr'><strong>est</strong></span> <span class='ocrx_word' id='word_1_297' title='bbox 1289 3177 1319 3224; x_wconf 90' lang='lat' dir='ltr'><strong>et</strong></span> <span class='ocrx_word' id='word_1_298' title='bbox 1341 3167 1533 3242; x_wconf 81' lang='lat' dir='ltr'><strong>promissione</strong></span> <span class='ocrx_word' id='word_1_299' title='bbox 1557 3183 1574 3221; x_wconf 86' lang='lat' dir='ltr'><strong>u</strong></span> 
     </span>
     <span class='ocr_line' id='line_1_32' title="bbox 337 3249 1571 3330; baseline -0.002 -20"><span class='ocrx_word' id='word_1_300' title='bbox 337 3251 456 3310; x_wconf 81' lang='lat' dir='ltr'><strong>Christo</strong></span> <span class='ocrx_word' id='word_1_301' title='bbox 478 3253 557 3309; x_wconf 86' lang='lat' dir='ltr'><strong>facta</strong></span> <span class='ocrx_word' id='word_1_302' title='bbox 578 3251 843 3328; x_wconf 82' lang='lat' dir='ltr'><strong>comprehenditur,</strong></span> <span class='ocrx_word' id='word_1_303' title='bbox 867 3253 898 3310; x_wconf 90' lang='lat' dir='ltr'><strong>in</strong></span> <span class='ocrx_word' id='word_1_304' title='bbox 920 3273 976 3330; x_wconf 89' lang='lat' dir='ltr'><strong>quo</strong></span> <span class='ocrx_word' id='word_1_305' title='bbox 1001 3251 1157 3310; x_wconf 85' lang='lat' dir='ltr'><strong>iudicando</strong></span> <span class='ocrx_word' id='word_1_306' title='bbox 1180 3252 1305 3310; x_wconf 85' lang='lat' dir='ltr'><strong>ecclesia</strong></span> <span class='ocrx_word' id='word_1_307' title='bbox 1327 3260 1372 3310; x_wconf 88' lang='lat' dir='ltr'><strong>est</strong></span> <span class='ocrx_word' id='word_1_308' title='bbox 1393 3249 1571 3328; x_wconf 84' lang='lat' dir='ltr'><strong>inlallibilis]</strong></span> 
     </span>
     <span class='ocr_line' id='line_1_33' title="bbox 337 3337 1576 3416; baseline 0 -21"><span class='ocrx_word' id='word_1_309' title='bbox 337 3349 408 3408; x_wconf 84' lang='lat' dir='ltr'><strong>orat,</strong></span> <span class='ocrx_word' id='word_1_310' title='bbox 431 3358 547 3416; x_wconf 88' lang='lat' dir='ltr'><strong>semper</strong></span> <span class='ocrx_word' id='word_1_311' title='bbox 569 3359 587 3396; x_wconf 87' lang='lat' dir='ltr'><strong>a</strong></span> <span class='ocrx_word' id='word_1_312' title='bbox 603 3339 722 3397; x_wconf 80' lang='lat' dir='ltr'><strong>Christo</strong></span> <span class='ocrx_word' id='word_1_313' title='bbox 745 3338 870 3398; x_wconf 61' lang='lat' dir='ltr'><strong>audire.</strong></span> <span class='ocrx_word' id='word_1_314' title='bbox 894 3338 1013 3398; x_wconf 69' lang='lat' dir='ltr'><strong>Scilicet</strong></span> <span class='ocrx_word' id='word_1_315' title='bbox 1036 3339 1180 3398; x_wconf 85' lang='lat' dir='ltr'><strong>ecclesias</strong></span> <span class='ocrx_word' id='word_1_316' title='bbox 1203 3357 1303 3416; x_wconf 85' lang='lat' dir='ltr'><strong>preces</strong></span> <span class='ocrx_word' id='word_1_317' title='bbox 1319 3337 1416 3416; x_wconf 86' lang='lat' dir='ltr'><strong>quoad</strong></span> <span class='ocrx_word' id='word_1_318' title='bbox 1439 3341 1576 3416; x_wconf 79' lang='lat' dir='ltr'><strong>impetra-</strong></span> 
     </span>
     <span class='ocr_line' id='line_1_34' title="bbox 337 3424 1576 3504; baseline 0.001 -22"><span class='ocrx_word' id='word_1_319' title='bbox 337 3429 448 3483; x_wconf 88' lang='lat' dir='ltr'><strong>tionem</strong></span> <span class='ocrx_word' id='word_1_320' title='bbox 470 3428 631 3502; x_wconf 86' lang='lat' dir='ltr'><strong>gratiarnm</strong></span> <span class='ocrx_word' id='word_1_321' title='bbox 654 3425 911 3504; x_wconf 87' lang='lat' dir='ltr'><strong>qualiumcumque</strong></span> <span class='ocrx_word' id='word_1_322' title='bbox 935 3427 1033 3484; x_wconf 66' lang='lat' dir='ltr'><strong>alteo</strong></span> <span class='ocrx_word' id='word_1_323' title='bbox 1056 3427 1221 3502; x_wconf 78' lang='lat' dir='ltr'><strong>petitarum.</strong></span> <span class='ocrx_word' id='word_1_324' title='bbox 1244 3424 1282 3484; x_wconf 90' lang='lat' dir='ltr'><strong>ab</strong></span> <span class='ocrx_word' id='word_1_325' title='bbox 1306 3424 1486 3483; x_wconf 85' lang='lat' dir='ltr'><strong>orationibus</strong></span> <span class='ocrx_word' id='word_1_326' title='bbox 1501 3425 1576 3483; x_wconf 87' lang='lat' dir='ltr'><strong>chri-</strong></span> 
     </span>
     <span class='ocr_line' id='line_1_35' title="bbox 338 3511 1576 3588; baseline 0 -20"><span class='ocrx_word' id='word_1_327' title='bbox 338 3515 500 3570; x_wconf 88' lang='lat' dir='ltr'><strong>stianorum</strong></span> <span class='ocrx_word' id='word_1_328' title='bbox 523 3515 554 3569; x_wconf 91' lang='lat' dir='ltr'><strong>in</strong></span> <span class='ocrx_word' id='word_1_329' title='bbox 576 3522 653 3569; x_wconf 90' lang='lat' dir='ltr'><strong>statu</strong></span> <span class='ocrx_word' id='word_1_330' title='bbox 675 3514 789 3588; x_wconf 87' lang='lat' dir='ltr'><strong>gratiae</strong></span> <span class='ocrx_word' id='word_1_331' title='bbox 812 3513 1018 3570; x_wconf 80' lang='lat' dir='ltr'><strong>exsistentium</strong></span> <span class='ocrx_word' id='word_1_332' title='bbox 1042 3512 1327 3570; x_wconf 84' lang='lat' dir='ltr'><strong>essentialiter</strong></span> <span class='ocrx_word' id='word_1_333' title='bbox 1350 3531 1408 3570; x_wconf 91' lang='lat' dir='ltr'><strong>non</strong></span> <span class='ocrx_word' id='word_1_334' title='bbox 1431 3511 1576 3570; x_wconf 84' lang='lat' dir='ltr'><strong>diffemut.</strong></span> 
     </span>
     <span class='ocr_line' id='line_1_36' title="bbox 338 3597 1576 3677; baseline 0.002 -23"><span class='ocrx_word' id='word_1_335' title='bbox 338 3597 460 3655; x_wconf 87' lang='lat' dir='ltr'><strong>Habent</strong></span> <span class='ocrx_word' id='word_1_336' title='bbox 483 3618 588 3676; x_wconf 87' lang='lat' dir='ltr'><strong>nempe</strong></span> <span class='ocrx_word' id='word_1_337' title='bbox 618 3602 708 3656; x_wconf 85' lang='lat' dir='ltr'><strong>etiarn</strong></span> <span class='ocrx_word' id='word_1_338' title='bbox 732 3601 875 3657; x_wconf 86' lang='lat' dir='ltr'><strong>ecclesiae</strong></span> <span class='ocrx_word' id='word_1_339' title='bbox 898 3619 999 3676; x_wconf 84' lang='lat' dir='ltr'><strong>preces</strong></span> <span class='ocrx_word' id='word_1_340' title='bbox 1023 3597 1119 3677; x_wconf 92' lang='lat' dir='ltr'><strong>quoad</strong></span> <span class='ocrx_word' id='word_1_341' title='bbox 1142 3598 1363 3657; x_wconf 86' lang='lat' dir='ltr'><strong>exauditionem</strong></span> <span class='ocrx_word' id='word_1_342' title='bbox 1386 3619 1469 3657; x_wconf 88' lang='lat' dir='ltr'><strong>suam</strong></span> <span class='ocrx_word' id='word_1_343' title='bbox 1493 3599 1576 3658; x_wconf 84' lang='lat' dir='ltr'><strong>illam</strong></span> 
     </span>
     <span class='ocr_line' id='line_1_37' title="bbox 337 3683 1575 3764; baseline 0.002 -24"><span class='ocrx_word' id='word_1_344' title='bbox 337 3684 394 3740; x_wconf 81' lang='lat' dir='ltr'><strong>sibi</strong></span> <span class='ocrx_word' id='word_1_345' title='bbox 416 3683 620 3743; x_wconf 86' lang='lat' dir='ltr'><strong>condicionem</strong></span> <span class='ocrx_word' id='word_1_346' title='bbox 643 3688 820 3764; x_wconf 85' lang='lat' dir='ltr'><strong>appositam:</strong></span> <span class='ocrx_word' id='word_1_347' title='bbox 843 3683 1002 3744; x_wconf 89' lang='lat' dir='ltr'><strong>dummodo</strong></span> <span class='ocrx_word' id='word_1_348' title='bbox 1017 3688 1130 3762; x_wconf 76' lang='lat' dir='ltr'><strong>gratiae</strong></span> <span class='ocrx_word' id='word_1_349' title='bbox 1153 3685 1228 3744; x_wconf 88' lang='lat' dir='ltr'><strong>tales</strong></span> <span class='ocrx_word' id='word_1_350' title='bbox 1250 3685 1345 3744; x_wconf 91' lang='lat' dir='ltr'><strong>ordini</strong></span> <span class='ocrx_word' id='word_1_351' title='bbox 1367 3685 1488 3744; x_wconf 88' lang='lat' dir='ltr'><strong>divinae</strong></span> <span class='ocrx_word' id='word_1_352' title='bbox 1512 3705 1575 3764; x_wconf 91' lang='lat' dir='ltr'><strong>pro·</strong></span> 
     </span>
     <span class='ocr_line' id='line_1_38' title="bbox 339 3771 1577 3852; baseline 0.002 -26"><span class='ocrx_word' id='word_1_353' title='bbox 339 3771 489 3829; x_wconf 88' lang='lat' dir='ltr'><strong>videntiae</strong></span> <span class='ocrx_word' id='word_1_354' title='bbox 519 3773 579 3829; x_wconf 88' lang='lat' dir='ltr'><strong>sint</strong></span> <span class='ocrx_word' id='word_1_355' title='bbox 609 3773 780 3832; x_wconf 88' lang='lat' dir='ltr'><strong>conformes.</strong></span> <span class='ocrx_word' id='word_1_356' title='bbox 829 3773 905 3830; x_wconf 77' lang='lat' dir='ltr'><strong>attis</strong></span> <span class='ocrx_word' id='word_1_357' title='bbox 927 3772 1045 3830; x_wconf 84' lang='lat' dir='ltr'><strong>verbis:</strong></span> <span class='ocrx_word' id='word_1_358' title='bbox 1081 3772 1248 3830; x_wconf 80' lang='lat' dir='ltr'><strong>Exauditur</strong></span> <span class='ocrx_word' id='word_1_359' title='bbox 1275 3793 1390 3852; x_wconf 88' lang='lat' dir='ltr'><strong>semper</strong></span> <span class='ocrx_word' id='word_1_360' title='bbox 1413 3772 1577 3831; x_wconf 83' lang='lat' dir='ltr'><strong>ecelesias</strong></span> 
     </span>
     <span class='ocr_line' id='line_1_39' title="bbox 340 3857 1578 3938; baseline 0.005 -29"><span class='ocrx_word' id='word_1_361' title='bbox 340 3857 458 3913; x_wconf 69' lang='lat' dir='ltr'><strong>Christo</strong></span> <span class='ocrx_word' id='word_1_362' title='bbox 484 3858 618 3929; x_wconf 83' lang='lat' dir='ltr'><strong>Domino,</strong></span> <span class='ocrx_word' id='word_1_363' title='bbox 652 3869 681 3915; x_wconf 85' lang='lat' dir='ltr'><strong>at</strong></span> <span class='ocrx_word' id='word_1_364' title='bbox 711 3880 768 3916; x_wconf 91' lang='lat' dir='ltr'><strong>non</strong></span> <span class='ocrx_word' id='word_1_365' title='bbox 792 3863 842 3927; x_wconf 86' lang='lat' dir='ltr'><strong>sic,</strong></span> <span class='ocrx_word' id='word_1_366' title='bbox 878 3868 909 3916; x_wconf 91' lang='lat' dir='ltr'><strong>nt</strong></span> <span class='ocrx_word' id='word_1_367' title='bbox 932 3879 1047 3937; x_wconf 86' lang='lat' dir='ltr'><strong>semper</strong></span> <span class='ocrx_word' id='word_1_368' title='bbox 1074 3861 1205 3936; x_wconf 86' lang='lat' dir='ltr'><strong>praecise</strong></span> <span class='ocrx_word' id='word_1_369' title='bbox 1227 3859 1302 3917; x_wconf 91' lang='lat' dir='ltr'><strong>illud</strong></span> <span class='ocrx_word' id='word_1_370' title='bbox 1325 3857 1465 3930; x_wconf 84' lang='lat' dir='ltr'><strong>obtineat,</strong></span> <span class='ocrx_word' id='word_1_371' title='bbox 1502 3857 1578 3938; x_wconf 86' lang='lat' dir='ltr'><strong>quod</strong></span> 
     </span>
     <span class='ocr_line' id='line_1_40' title="bbox 341 3943 1577 4024; baseline 0.005 -26"><span class='ocrx_word' id='word_1_372' title='bbox 341 3945 421 4018; x_wconf 84' lang='lat' dir='ltr'><strong>petit.</strong></span> <span class='ocrx_word' id='word_1_373' title='bbox 445 3943 479 4002; x_wconf 88' lang='lat' dir='ltr'><strong>ld</strong></span> <span class='ocrx_word' id='word_1_374' title='bbox 503 3943 579 4020; x_wconf 90' lang='lat' dir='ltr'><strong>quod</strong></span> <span class='ocrx_word' id='word_1_375' title='bbox 603 3955 684 4021; x_wconf 90' lang='lat' dir='ltr'><strong>patet</strong></span> <span class='ocrx_word' id='word_1_376' title='bbox 706 3967 734 4002; x_wconf 78' lang='lat' dir='ltr'><strong>r.</strong></span> <span class='ocrx_word' id='word_1_377' title='bbox 750 3967 792 4021; x_wconf 73' lang='lat' dir='ltr'><strong>gr.</strong></span> <span class='ocrx_word' id='word_1_378' title='bbox 810 3967 847 4003; x_wconf 82' lang='lat' dir='ltr'><strong>cx</strong></span> <span class='ocrx_word' id='word_1_379' title='bbox 872 3947 916 4016; x_wconf 83' lang='lat' dir='ltr'><strong>iis,</strong></span> <span class='ocrx_word' id='word_1_380' title='bbox 940 3967 1015 4024; x_wconf 89' lang='lat' dir='ltr'><strong>quac</strong></span> <span class='ocrx_word' id='word_1_381' title='bbox 1039 3945 1167 4023; x_wconf 82' lang='lat' dir='ltr'><strong>tlreulogi</strong></span> <span class='ocrx_word' id='word_1_382' title='bbox 1191 3945 1227 4003; x_wconf 90' lang='lat' dir='ltr'><strong>de</strong></span> <span class='ocrx_word' id='word_1_383' title='bbox 1250 3945 1445 4023; x_wconf 82' lang='lat' dir='ltr'><strong>indulgentiis</strong></span> <span class='ocrx_word' id='word_1_384' title='bbox 1465 3945 1577 4006; x_wconf 59' lang='lat' dir='ltr'><strong>docent·</strong></span> 
     </span>
    </p>
   </div>
   <div class='ocr_carea' id='block_1_5' title="bbox 339 4056 1576 4741">
    <p class='ocr_par' dir='ltr' id='par_1_5' title="bbox 339 4056 1576 4741">
     <span class='ocr_line' id='line_1_41' title="bbox 445 4056 1576 4136; baseline 0.003 -24"><span class='ocrx_word' id='word_1_385' title='bbox 445 4059 472 4112; x_wconf 71' lang='lat' dir='ltr'><strong>l.</strong></span> <span class='ocrx_word' id='word_1_386' title='bbox 513 4057 620 4114; x_wconf 87' lang='lat' dir='ltr'><strong>Verum</strong></span> <span class='ocrx_word' id='word_1_387' title='bbox 642 4056 762 4134; x_wconf 84' lang='lat' dir='ltr'><strong>qnidam</strong></span> <span class='ocrx_word' id='word_1_388' title='bbox 784 4070 836 4127; x_wconf 72' lang='lat' dir='ltr'><strong>est</strong></span> <span class='ocrx_word' id='word_1_389' title='bbox 872 4057 950 4136; x_wconf 89' lang='lat' dir='ltr'><strong>quod</strong></span> <span class='ocrx_word' id='word_1_390' title='bbox 977 4058 1124 4134; x_wconf 76' lang='lat' dir='ltr'><strong>„theologi</strong></span> <span class='ocrx_word' id='word_1_391' title='bbox 1147 4061 1279 4130; x_wconf 60' lang='lat' dir='ltr'><strong>insignes</strong></span> <span class='ocrx_word' id='word_1_392' title='bbox 1310 4079 1370 4116; x_wconf 90' lang='lat' dir='ltr'><strong>non</strong></span> <span class='ocrx_word' id='word_1_393' title='bbox 1392 4059 1446 4118; x_wconf 84' lang='lat' dir='ltr'><strong>soli</strong></span> <span class='ocrx_word' id='word_1_394' title='bbox 1473 4060 1576 4118; x_wconf 88' lang='lat' dir='ltr'><strong>contri-</strong></span> 
     </span>
     <span class='ocr_line' id='line_1_42' title="bbox 340 4143 1573 4223; baseline 0.004 -26"><span class='ocrx_word' id='word_1_395' title='bbox 340 4143 411 4198; x_wconf 90' lang='lat' dir='ltr'><strong>tioni</strong></span> <span class='ocrx_word' id='word_1_396' title='bbox 446 4164 482 4198; x_wconf 85' lang='lat' dir='ltr'><strong>ex</strong></span> <span class='ocrx_word' id='word_1_397' title='bbox 505 4145 627 4200; x_wconf 83' lang='lat' dir='ltr'><strong>caritate</strong></span> <span class='ocrx_word' id='word_1_398' title='bbox 650 4144 820 4221; x_wconf 83' lang='lat' dir='ltr'><strong>procedenti</strong></span> <span class='ocrx_word' id='word_1_399' title='bbox 843 4146 904 4202; x_wconf 81' lang='lat' dir='ltr'><strong>vim</strong></span> <span class='ocrx_word' id='word_1_400' title='bbox 935 4153 1056 4223; x_wconf 86' lang='lat' dir='ltr'><strong>peccata</strong></span> <span class='ocrx_word' id='word_1_401' title='bbox 1079 4143 1248 4202; x_wconf 87' lang='lat' dir='ltr'><strong>remittendi</strong></span> <span class='ocrx_word' id='word_1_402' title='bbox 1271 4155 1340 4204; x_wconf 84' lang='lat' dir='ltr'><strong>ante</strong></span> <span class='ocrx_word' id='word_1_403' title='bbox 1364 4145 1573 4204; x_wconf 84' lang='lat' dir='ltr'><strong>absolutionem</strong></span> 
     </span>
     <span class='ocr_line' id='line_1_43' title="bbox 340 4228 1574 4310; baseline 0.005 -26"><span class='ocrx_word' id='word_1_404' title='bbox 340 4228 581 4286; x_wconf 82' lang='lat' dir='ltr'><strong>sacramentalem</strong></span> <span class='ocrx_word' id='word_1_405' title='bbox 604 4230 775 4300; x_wconf 84' lang='lat' dir='ltr'><strong>tribuerunt,</strong></span> <span class='ocrx_word' id='word_1_406' title='bbox 798 4231 851 4290; x_wconf 85' lang='lat' dir='ltr'><strong>sed</strong></span> <span class='ocrx_word' id='word_1_407' title='bbox 874 4235 963 4290; x_wconf 88' lang='lat' dir='ltr'><strong>etiam</strong></span> <span class='ocrx_word' id='word_1_408' title='bbox 986 4234 1153 4290; x_wconf 85' lang='lat' dir='ltr'><strong>contritioni</strong></span> <span class='ocrx_word' id='word_1_409' title='bbox 1178 4253 1216 4290; x_wconf 81' lang='lat' dir='ltr'><strong>ox</strong></span> <span class='ocrx_word' id='word_1_410' title='bbox 1239 4232 1306 4290; x_wconf 89' lang='lat' dir='ltr'><strong>aliis</strong></span> <span class='ocrx_word' id='word_1_411' title='bbox 1329 4235 1478 4298; x_wconf 75' lang='lat' dir='ltr'><strong>motivis“,</strong></span> <span class='ocrx_word' id='word_1_412' title='bbox 1506 4243 1574 4310; x_wconf 81' lang='lat' dir='ltr'><strong>puta</strong></span> 
     </span>
     <span class='ocr_line' id='line_1_44' title="bbox 341 4317 1575 4396; baseline 0.004 -26"><span class='ocrx_word' id='word_1_413' title='bbox 341 4334 377 4370; x_wconf 83' lang='lat' dir='ltr'><strong>ex</strong></span> <span class='ocrx_word' id='word_1_414' title='bbox 401 4318 512 4373; x_wconf 88' lang='lat' dir='ltr'><strong>motivo</strong></span> <span class='ocrx_word' id='word_1_415' title='bbox 533 4317 582 4373; x_wconf 85' lang='lat' dir='ltr'><strong>vel</strong></span> <span class='ocrx_word' id='word_1_416' title='bbox 606 4317 800 4387; x_wconf 85' lang='lat' dir='ltr'><strong>obedientiae,</strong></span> <span class='ocrx_word' id='word_1_417' title='bbox 831 4319 878 4376; x_wconf 86' lang='lat' dir='ltr'><strong>vel</strong></span> <span class='ocrx_word' id='word_1_418' title='bbox 903 4319 1061 4396; x_wconf 79' lang='lat' dir='ltr'><strong>religionis,</strong></span> <span class='ocrx_word' id='word_1_419' title='bbox 1092 4319 1141 4378; x_wconf 88' lang='lat' dir='ltr'><strong>vel</strong></span> <span class='ocrx_word' id='word_1_420' title='bbox 1164 4321 1372 4396; x_wconf 86' lang='lat' dir='ltr'><strong>paenitentiae,</strong></span> <span class='ocrx_word' id='word_1_421' title='bbox 1397 4319 1461 4396; x_wconf 80' lang='lat' dir='ltr'><strong>(cir.</strong></span> <span class='ocrx_word' id='word_1_422' title='bbox 1483 4341 1511 4376; x_wconf 80' lang='lat' dir='ltr'><strong>v.</strong></span> <span class='ocrx_word' id='word_1_423' title='bbox 1533 4339 1575 4396; x_wconf 83' lang='lat' dir='ltr'><strong>gr.</strong></span> 
     </span>
     <span class='ocr_line' id='line_1_45' title="bbox 340 4400 1573 4483; baseline 0.005 -27"><span class='ocrx_word' id='word_1_424' title='bbox 340 4400 417 4457; x_wconf 89' lang='lat' dir='ltr'><strong>card.</strong></span> <span class='ocrx_word' id='word_1_425' title='bbox 440 4400 478 4458; x_wconf 88' lang='lat' dir='ltr'><strong>de</strong></span> <span class='ocrx_word' id='word_1_426' title='bbox 508 4402 598 4478; x_wconf 81' lang='lat' dir='ltr'><strong>Lego,</strong></span> <span class='ocrx_word' id='word_1_427' title='bbox 632 4403 669 4460; x_wconf 84' lang='lat' dir='ltr'><strong>de.</strong></span> <span class='ocrx_word' id='word_1_428' title='bbox 703 4406 885 4481; x_wconf 85' lang='lat' dir='ltr'><strong>poenitentia</strong></span> <span class='ocrx_word' id='word_1_429' title='bbox 920 4403 994 4482; x_wconf 88' lang='lat' dir='ltr'><strong>disp.</strong></span> <span class='ocrx_word' id='word_1_430' title='bbox 1021 4407 1053 4465; x_wconf 91' lang='lat' dir='ltr'><strong>V.</strong></span> <span class='ocrx_word' id='word_1_431' title='bbox 1078 4408 1168 4463; x_wconf 87' lang='lat' dir='ltr'><strong>sectio</strong></span> <span class='ocrx_word' id='word_1_432' title='bbox 1194 4406 1248 4470; x_wconf 76' lang='lat' dir='ltr'><strong>Li:</strong></span> <span class='ocrx_word' id='word_1_433' title='bbox 1272 4419 1302 4466; x_wconf 88' lang='lat' dir='ltr'><strong>ut</strong></span> <span class='ocrx_word' id='word_1_434' title='bbox 1335 4409 1444 4483; x_wconf 85' lang='lat' dir='ltr'><strong>pariter</strong></span> <span class='ocrx_word' id='word_1_435' title='bbox 1474 4425 1573 4464; x_wconf 47' lang='lat' dir='ltr'><strong>‘verum</strong></span> 
     </span>
     <span class='ocr_line' id='line_1_46' title="bbox 340 4487 1574 4567; baseline 0.006 -25"><span class='ocrx_word' id='word_1_436' title='bbox 340 4497 391 4558; x_wconf 81' lang='lat' dir='ltr'><strong>est,</strong></span> <span class='ocrx_word' id='word_1_437' title='bbox 415 4487 549 4548; x_wconf 85' lang='lat' dir='ltr'><strong>omnibus</strong></span> <span class='ocrx_word' id='word_1_438' title='bbox 572 4489 632 4547; x_wconf 86' lang='lat' dir='ltr'><strong>illis</strong></span> <span class='ocrx_word' id='word_1_439' title='bbox 655 4490 800 4567; x_wconf 83' lang='lat' dir='ltr'><strong>theologis</strong></span> <span class='ocrx_word' id='word_1_440' title='bbox 816 4495 994 4550; x_wconf 83' lang='lat' dir='ltr'><strong>sententiam</strong></span> <span class='ocrx_word' id='word_1_441' title='bbox 1010 4491 1047 4550; x_wconf 86' lang='lat' dir='ltr'><strong>de</strong></span> <span class='ocrx_word' id='word_1_442' title='bbox 1069 4496 1100 4548; x_wconf 80' lang='lat' dir='ltr'><strong>ri</strong></span> <span class='ocrx_word' id='word_1_443' title='bbox 1116 4493 1294 4550; x_wconf 86' lang='lat' dir='ltr'><strong>iustificante</strong></span> <span class='ocrx_word' id='word_1_444' title='bbox 1317 4492 1473 4552; x_wconf 88' lang='lat' dir='ltr'><strong>cuiuslibet</strong></span> <span class='ocrx_word' id='word_1_445' title='bbox 1489 4513 1574 4550; x_wconf 86' lang='lat' dir='ltr'><strong>verae</strong></span> 
     </span>
     <span class='ocr_line' id='line_1_47' title="bbox 339 4575 1576 4656; baseline 0.005 -26"><span class='ocrx_word' id='word_1_446' title='bbox 339 4575 523 4633; x_wconf 87' lang='lat' dir='ltr'><strong>contritionis</strong></span> <span class='ocrx_word' id='word_1_447' title='bbox 539 4578 602 4633; x_wconf 89' lang='lat' dir='ltr'><strong>sine</strong></span> <span class='ocrx_word' id='word_1_448' title='bbox 626 4588 809 4635; x_wconf 88' lang='lat' dir='ltr'><strong>sacramento</strong></span> <span class='ocrx_word' id='word_1_449' title='bbox 831 4581 894 4636; x_wconf 83' lang='lat' dir='ltr'><strong>sive</strong></span> <span class='ocrx_word' id='word_1_450' title='bbox 918 4581 1038 4636; x_wconf 87' lang='lat' dir='ltr'><strong>seorsim</strong></span> <span class='ocrx_word' id='word_1_451' title='bbox 1062 4591 1219 4656; x_wconf 85' lang='lat' dir='ltr'><strong>spectatae,</strong></span> <span class='ocrx_word' id='word_1_452' title='bbox 1241 4583 1304 4637; x_wconf 77' lang='lat' dir='ltr'><strong>sive</strong></span> <span class='ocrx_word' id='word_1_453' title='bbox 1330 4581 1359 4637; x_wconf 91' lang='lat' dir='ltr'><strong>in</strong></span> <span class='ocrx_word' id='word_1_454' title='bbox 1372 4581 1576 4639; x_wconf 89' lang='lat' dir='ltr'><strong>coniunctione</strong></span> 
     </span>
     <span class='ocr_line' id='line_1_48' title="bbox 342 4661 1539 4741; baseline 0.009 -25"><span class='ocrx_word' id='word_1_455' title='bbox 342 4681 406 4716; x_wconf 88' lang='lat' dir='ltr'><strong>cum</strong></span> <span class='ocrx_word' id='word_1_456' title='bbox 432 4661 573 4719; x_wconf 84' lang='lat' dir='ltr'><strong>ccclesiae</strong></span> <span class='ocrx_word' id='word_1_457' title='bbox 596 4663 731 4741; x_wconf 86' lang='lat' dir='ltr'><strong>precibus</strong></span> <span class='ocrx_word' id='word_1_458' title='bbox 754 4664 843 4721; x_wconf 85' lang='lat' dir='ltr'><strong>fnisse</strong></span> <span class='ocrx_word' id='word_1_459' title='bbox 868 4665 1002 4725; x_wconf 88' lang='lat' dir='ltr'><strong>alienam.</strong></span> <span class='ocrx_word' id='word_1_460' title='bbox 1353 4667 1403 4726; x_wconf 62' lang='lat' dir='ltr'><strong>[ir.</strong></span> <span class='ocrx_word' id='word_1_461' title='bbox 1426 4661 1474 4728; x_wconf 88' lang='lat' dir='ltr'><strong>M.</strong></span> <span class='ocrx_word' id='word_1_462' title='bbox 1500 4661 1539 4728; x_wconf 89' lang='lat' dir='ltr'><strong>K.</strong></span> 
     </span>
    </p>
   </div>
   <div class='ocr_carea' id='block_1_6' title="bbox 0 0 1734 5342">
    <p class='ocr_par' dir='ltr' id='par_1_6' title="bbox 0 0 1734 5342">
     <span class='ocr_line' id='line_1_49' title="bbox 0 0 1734 5342; baseline 0 0"><span class='ocrx_word' id='word_1_463' title='bbox 0 0 1734 5342; x_wconf 95' lang='lat' dir='ltr'><strong> </strong></span> 
     </span>
    </p>
   </div>
  </div>
 </body>
</html>
