3450 5342
769 407 939 460 ...3,7)...Ι

225 615 344 672 quoque
367 596 550 673 potissimum
575 595 607 651 Ρ.
630 597 668 652 Α.
692 595 727 654 l'.
751 596 897 666 §miracu
922 598 1003 654 cuius
1027 597 1189 654 sententias
1213 595 1383 674 frequenter
1415 617 1478 654 cor-

225 683 304 755 rigit.
351 681 539 760 Apocryphis
574 681 786 760 apocalyptiois
816 680 950 740 vindicat
975 691 1153 740 momentum
1176 681 1215 740 ad
1238 681 1475 760 cognoscendam

224 769 378 826 historiam
402 788 523 831 sacram.
554 768 698 826 inflexum
721 777 818 826 autem
842 770 874 826 in
897 767 1091 830 orthodoxum
1116 768 1330 828 rabbinismum
1360 769 1476 828 schola-

226 875 286 912 rem
323 857 394 932 ipsis
428 865 546 932 propter
586 875 687 914 eorum
724 856 924 914 characterom
963 855 1298 934 haeretico-popularem
1337 853 1475 933 denegat.

228 941 333 999 Varios
356 962 471 1020 quoque
495 962 532 999 ex
557 942 699 1020 Aposhrlo
722 941 809 1011 locos,
825 945 875 1020 qui
901 941 938 999 ad
957 943 1169 1022 Apocalypsim
1184 941 1308 1014 Esdram
1331 945 1476 1021 Assump-

225 1029 337 1086 tiouem
362 1029 483 1108 Moysis.
519 1027 624 1086 librum
648 1027 854 1095 lnbilaeorum‚
886 1027 1091 1110 Apocalypses
1123 1029 1249 1099 Baruch,
1281 1027 1389 1090 librum
1413 1027 1477 1087 He-

229 1115 306 1174 noch
329 1117 474 1192 pertinere
498 1136 516 1172 a
539 1117 648 1174 criticis
672 1118 798 1194 suspecti
822 1125 897 1175 sunt.
922 1116 1011 1174 refert
1033 1127 1062 1174 et
1085 1137 1107 1174 s.
1129 1116 1223 1174 Paulo
1246 1113 1475 1193 indepententer

227 1201 266 1259 ab
291 1201 350 1259 illis
373 1205 489 1280 scriptis
512 1202 653 1264 vindicat.
685 1203 867 1262 blentionem
898 1222 1013 1281 qnoque
1045 1203 1116 1260 facit
1140 1203 1299 1260 commenti
1323 1201 1359 1262 Ο.
1382 1201 1475 1260 Pl'lei-

227 1287 321 1349 derer.
350 1289 475 1346 Paulum
506 1289 713 1369 apocalyptica
733 1289 861 1348 Messias·
896 1289 1077 1348 lineamenta
1108 1309 1162 1346 nec
1196 1309 1255 1348 non
1277 1289 1414 1348 confusas
1438 1289 1475 1348 de

229 1375 349 1433 homine
372 1376 491 1434 coelesti
514 1375 714 1434 divinationes
737 1396 803 1434 eum
827 1376 964 1446 Domino,
988 1377 1059 1434 reali
1077 1395 1176 1434 eorum,
1201 1374 1331 1434 subiecto
1353 1378 1476 1434 coniun-

229 1465 316 1531 xisse,
339 1461 466 1540 plurium
489 1483 606 1540 quoqne
627 1475 776 1521 auctorum
804 1459 852 1541 (ll.
876 1461 1075 1532 Grflnebaum‚
1103 1463 1139 1520 E.
1163 1462 1347 1540 Hilgenfeld,
1372 1464 1413 1522 St.
1437 1463 1474 1522 D.

228 1550 262 1608 F.
287 1548 436 1615 Salmoud,
459 1550 499 1607 bl.
522 1548 731 1627 Friedlttnder)
754 1551 900 1628 implexas
924 1549 1013 1608 refert
1036 1549 1174 1608 iuduismi
1198 1559 1227 1608 et
1254 1548 1430 1608 rabbinismi
1445 1559 1475 1609 et

227 1637 363 1713 parsismi
386 1644 416 1692 et
439 1634 608 1694 buddhismi
632 1647 662 1695 ct
683 1638 853 1715 paulinismi
879 1636 1112 1696 combinationes
1136 1645 1165 1694 et
1186 1637 1293 1696 librum
1326 1635 1475 1696 concludit

225 1743 369 1780 summam
393 1725 476 1802 qnasi
504 1722 664 1781 studiorum
688 1726 731 1780 ita
753 1722 918 1782 exhibens:
958 1723 1118 1802 „Apostolo
1152 1725 1298 1802 pretiosae
1322 1731 1406 1781 erant
1430 1722 1475 1780 di-

227 1812 317 1866 vinae
339 1810 566 1888 promissionum
588 1811 681 1868 lsrael
703 1813 935 1890 praerogativae,
970 1811 1092 1888 populns
1123 1831 1192 1867 vero
1226 1813 1289 1888 ipse
1320 1829 1386 1868 cum
1409 1812 1469 1868 suis

228 1897 321 1973 ipsius
342 1894 577 1954 individualibus
606 1901 781 1974 praesumtis
811 1899 932 1956 iustitiis
964 1899 1084 1956 tristitia
1118 1917 1225 1974 magna
1248 1907 1276 1954 et
1300 1896 1383 1955 dolor
1405 1917 1474 1954 con·

228 1985 327 2040 tinans
351 1982 431 2041 cordi
466 1982 553 2060 (Rom
577 1985 604 2052 95
628 1980 670 2065 2).
714 1983 880 2042 Iudaismus
911 1983 1008 2063 quoad
1039 1985 1138 2042 omniu
1167 2003 1219 2042 sna
1243 1982 1397 2042 definitive
1420 1981 1474 2042 eli-

229 2071 357 2126 minatus
380 2083 432 2137 est,
464 2079 493 2127 et
516 2069 612 2148 quoad
640 2071 873 2149 .Evangelium'”
902 2093 923 2128 s.
946 2071 1033 2130 Pauli
1056 2071 1141 2128 firma
1171 2071 1289 2150 fixaque
1312 2070 1473 2130 scientifice

227 2170 327 2214 manet
350 2160 459 2215 veritas
482 2159 604 2214 intimae
627 2160 845 2236 protestationis
869 2160 948 2216 eius:
980 2159 1085 2216 (lautia
1108 2157 1164 2215 Dei
1196 2179 1268 2230 sum,
1299 2155 1377 2236 qnod
1408 2177 1471 2214 snm

227 2247 258 2307 (1
285 2247 351 2300 t'or.
377 2247 424 2313 15,
450 2241 529 2317 10.)“

331 2365 406 2421 Cum
429 2367 555 2423 auctoris
578 2364 740 2424 doctissimi
765 2366 866 2424 landes
891 2367 938 2423 his
962 2367 1040 2424 loliis
1056 2365 1114 2424 alio
1134 2367 1193 2422 iarn
1216 2365 1280 2424 loco
1304 2363 1469 2424 celebratae

224 2452 294 2521 sint,
318 2459 349 2508 ut
371 2454 458 2530 aequi
480 2455 580 2522 simus,
610 2452 659 2510 hic
682 2453 746 2525 loci,
769 2456 893 2532 siquae
917 2451 1091 2530 castiganda
1122 2452 1196 2510 sorte
1228 2461 1346 2527 restent,
1368 2449 1473 2510 videu-

223 2535 294 2596 dnm
319 2538 415 2596 tirerit.
437 2539 478 2596 Et
501 2559 604 2597 revera
626 2539 784 2598 tacendum
807 2561 866 2598 non
890 2554 942 2610 est,
977 2539 1127 2598 meliorem
1160 2539 1232 2597 lorte
1256 2538 1325 2596 libri
1347 2538 1470 2597 formam

223 2637 378 2682 externam
401 2645 465 2684 esse
488 2645 574 2703 posse
597 2646 719 2704 eamque
742 2630 822 2704 operi
846 2647 905 2684 non
929 2629 992 2684 sine
1024 2646 1131 2698 magno
1162 2626 1358 2684 emolumento
1391 2624 1468 2682 tutu-

227 2732 288 2768 ram
313 2712 411 2770 luisse.
457 2713 582 2770 Multum
607 2715 687 2770 enim
710 2715 742 2770 in
765 2713 839 2771 libro
862 2714 1018 2771 molestum
1049 2724 1102 2786 est,
1136 2710 1213 2790 quod
1246 2719 1386 2770 tractatur
1417 2731 1470 2790 per

225 2797 367 2857 ducentas
389 2801 515 2877 paginas
537 2797 642 2856 eadem
665 2819 779 2877 semper
802 2811 937 2879 typorum
962 2801 1059 2876 specie
1083 2809 1113 2856 et
1134 2801 1248 2857 ratione
1272 2797 1382 2876 absque
1408 2798 1469 2856 nlla

225 2885 339 2962 logicae
362 2884 519 2944 divisionis
542 2886 591 2943 vel
613 2887 770 2962 marginali
794 2889 985 2944 annotatione
1009 2888 1103 2944 risum
1128 2896 1157 2943 et
1180 2887 1310 2943 animum
1334 2885 1469 2962 legentis,

224 2971 295 3030 dum
317 2993 403 3051 porro
426 2972 589 3045 trahuntur,
620 2975 786 3030 necessario
809 2965 983 3049 defatigant.
1008 2975 1165 3050 Speremus
1181 2991 1297 3050 quoque
1321 2980 1469 3029 auctorem

224 3067 391 3117 curaturum
414 3079 486 3130 esse,
509 3068 542 3118 ut
563 3059 639 3117 liber
658 3053 806 3117 'secundus
829 3058 958 3130 indicem
983 3079 1078 3116 rerum
1102 3069 1131 3117 et
1154 3059 1281 3116 locorum
1300 3079 1316 3115 e
1333 3079 1354 3116 s.
1372 3058 1470 3136 Scrip-

225 3158 291 3203 tura
313 3156 503 3224 conspectum
525 3145 696 3206 adiunctum
720 3146 836 3216 habeat,
868 3158 896 3203 et
928 3155 1069 3224 qnantum
1094 3146 1155 3204 lieri
1180 3155 1275 3224 potest
1297 3155 1396 3222 partes
1418 3166 1470 3224 po-

222 3226 347 3291 lemicae
379 3254 397 3291 a
426 3234 563 3311 positivis
594 3232 752 3292 distinctae
783 3242 953 3312 appareant,
984 3253 1041 3311 quo
1073 3232 1204 3310 pluribus
1237 3231 1305 3288 libri
1337 3232 1469 3290 utiliores

222 3317 392 3393 reddantur,
416 3328 446 3377 et
469 3318 538 3378 libri
567 3323 691 3379 virtutes
721 3321 829 3378 clarius
857 3322 1086 3398 conspiciantur.
1132 3318 1219 3396 Quod
1250 3320 1412 3376 sententias
1437 3321 1469 3376 in

222 3405 298 3464 libro
321 3409 484 3484 propositas
507 3410 621 3479 attinet,
652 3408 745 3466 multa
775 3418 850 3473 sunt
875 3427 950 3486 quae
983 3405 1077 3464 libera
1100 3415 1221 3465 manent
1244 3414 1273 3462 et
1304 3424 1362 3482 qna
1395 3405 1468 3463 talia

221 3513 338 3571 qnoque
361 3502 439 3552 recte
462 3493 647 3552 exhibentur.
693 3493 890 3570 Quaestiones
912 3513 976 3552 cum
1001 3493 1155 3552 catholicis
1181 3502 1385 3552 controversae
1409 3512 1468 3550 non

222 3590 357 3655 aguntur,
387 3583 476 3639 immo
509 3584 594 3640 vitari
625 3581 764 3640 videntur
794 3581 1006 3659 (purgatorium
1038 3583 1069 3640 in
1092 3579 1313 3656 eschatologia).
1358 3577 1469 3656 Aliqua

222 3677 338 3725 tantum
360 3687 499 3744 expresse
522 3668 652 3726 notanda
674 3667 821 3726 videntur.
868 3667 973 3746 Capite
1004 3677 1107 3746 quarto
1138 3669 1247 3746 optime
1278 3663 1397 3745 quidem
1421 3685 1468 3722 ur·

221 3762 308 3828 getur
329 3757 442 3830 gratiae
465 3753 628 3812 salvatoris
651 3755 779 3826 malitae,
802 3755 1014 3813 catholicorum
1037 3775 1107 3813 vero
1134 3754 1267 3812 doctrina
1289 3750 1372 3810 Trid.
1396 3771 1467 3814 sesa.

225 3841 242 3895 7
268 3861 291 3897 c.
317 3843 333 3897 7
358 3844 391 3898 in
413 3840 534 3898 dubium
557 3852 679 3899 vocatur
708 3843 748 3920 (p.
771 3843 833 3898 422
858 3863 886 3899 n.
911 3839 996 3917 444).
1031 3843 1160 3900 Axioma
1187 3848 1289 3914 „extra
1312 3839 1467 3898 ecelesiam

223 3937 349 3984 nonest
371 3927 466 3986 salus“
494 3931 650 4006 exponitur
672 3928 792 4007 quidem
807 3940 836 3986 et
851 3931 1000 4006 recipitur,
1024 3936 1154 3986 attamen
1176 3929 1282 3986 intima
1306 3927 1368 3984 eius
1391 3927 1466 3984 ratio

221 4011 391 4091 dogmatica
413 4035 472 4072 non
495 4014 612 4072 videtur
633 4017 753 4093 attingi3
777 4018 848 4073 item
872 4015 1017 4074 catholica
1037 4013 1075 4072 ad
1098 4017 1299 4092 quaestionem
1324 4011 1360 4070 de
1383 4015 1468 4091 regni

220 4100 368 4158 eoelemm
391 4100 428 4158 ad
452 4101 607 4160 ecclesiam
631 4103 773 4161 relatione
805 4105 956 4180 responsio
978 4122 1037 4160 non
1060 4103 1179 4160 omnino
1201 4121 1294 4180 aeque
1318 4107 1468 4172 tractatur,

220 4189 291 4264 qnia
314 4207 379 4246 cum
403 4186 504 4246 dicunt
527 4209 591 4245 esse
622 4199 779 4268 conceptus
803 4209 834 4246 re
857 4188 1011 4260 identicos,
1046 4209 1105 4247 non
1135 4191 1305 4266 exprimant
1328 4186 1467 4246 identita-

220 4286 280 4332 tem
304 4274 478 4352 simpliciter
500 4289 527 4332 et
552 4275 604 4333 sub
628 4279 707 4334 omni
730 4285 866 4354 respectu
888 4297 984 4355 neque
1009 4296 1046 4333 ex
1062 4275 1199 4333 omnibus
1222 4272 1353 4332 textibus
1368 4275 1468 4334 sacris.

220 4360 293 4438 Cap.
317 4363 420 4440 quinto
443 4360 561 4419 videtur
577 4362 795 4440 tllnbokovslrij
814 4363 930 4422 facilior
952 4383 1016 4422 esse
1041 4360 1137 4440 quoad
1159 4361 1378 4439 protestationis
1401 4358 1466 4418 Iobi

219 4459 250 4504 ct
272 4455 327 4508 τοῦ
354 4450 402 4519 ,οἱ
423 4447 548 4509 πολλοί“
583 4449 719 4507 Danielis
743 4449 782 4527 (p.
807 4447 890 4527 560)'
906 4451 1024 4508 criticas
1056 4449 1322 4526 interpretationes.
1347 4481 1385 4490 -
1411 4446 1467 4505 Oe-

220 4545 315 4592 temm
337 4534 434 4593 dictae
457 4534 677 4594 observationes
700 4535 893 4596 absorbentur
916 4537 976 4594 fere
992 4537 1110 4594 eximiis
1126 4537 1222 4612 operis
1246 4532 1370 4606 dotibus,
1394 4551 1466 4590 sano

222 4624 393 4698 praesertim
418 4635 446 4678 et
470 4625 501 4678 in
524 4622 649 4681 Paulum
673 4626 722 4701 pio
745 4644 840 4691 sensu,
879 4625 929 4701 qui
954 4621 1061 4700 ubique
1084 4620 1259 4680 dominatur.
1283 4619 1374 4678 Liber
1396 4639 1468 4678 vere
