3450 5342
820 283 1014 339 -1ot-

400 474 475 532 Cum
507 475 659 549 regionum
695 472 978 549 septemtrionalium
1012 470 1126 529 incolae
1156 470 1302 529 coloribus
1333 471 1465 528 uuisouis
1496 470 1540 525 iu—

295 560 431 622 duantnr.
455 562 548 635 nigro,
570 558 646 628 albo,
669 578 752 628 cano,
770 556 1007 617 meridionalinm
1025 556 1158 616 habitum
1176 558 1287 617 colores
1303 554 1435 635 dispares
1451 566 1539 633 atquc

296 648 407 705 hilares
437 656 624 724 componunt.
667 646 732 703 Nec
761 644 898 704 diversae
929 644 1020 703 solum
1057 646 1169 723 species
1204 641 1347 703 eiusmodi
1382 642 1541 701 discrimen

298 733 449 813 praebent,
480 732 532 791 sed
561 731 693 791 eiusdem
719 734 826 810 speciei
859 731 1014 790 individua
1045 731 1133 789 latius
1164 732 1300 809 patentis,
1332 730 1412 787 velut
1441 729 1542 805 Lepus

296 831 396 881 noster
418 819 539 878 timidus
562 832 592 877 et
613 820 722 878 Passer
745 818 931 879 domesticus.

406 924 516 981 Verum
539 925 628 981 etiarn
653 925 732 981 intra
753 921 885 981 eiusdem
914 922 988 981 caeli
1012 922 1122 980 limites
1145 921 1236 979 alium
1259 918 1393 978 habitum
1416 918 1542 977 induunt

299 1011 413 1069 incolae
443 1030 611 1089 camporum
642 1010 827 1081 incultorum,
859 1010 950 1067 aliurn
981 1010 1245 1085 frumentariorum,
1275 1008 1331 1065 etsi
1355 1006 1392 1065 ad
1416 1004 1541 1065 eandem

298 1100 448 1177 pertinent
471 1099 606 1175 speciem.
641 1098 735 1155 lmmo
758 1096 885 1154 diversis
908 1098 979 1154 anni
1002 1094 1183 1173 temporibus
1215 1094 1351 1153 diversae
1383 1100 1544 1151 nascuntur

299 1186 398 1244 colore
421 1183 571 1243 bestiolae.
611 1183 688 1242 Vere
711 1192 740 1241 et
763 1194 875 1242 aestate
898 1183 1058 1261 praecipite
1082 1181 1265 1261 lepidoptera
1286 1179 1484 1241 excluduntur
1505 1200 1541 1236 ex

299 1274 385 1351 pupis
407 1269 484 1342 alba,
506 1270 624 1340 luteola,
647 1291 723 1329 cana
753 1271 869 1345 (Pieris,
893 1268 1103 1337 Anthocbaris,
1128 1268 1309 1332 Rhodoccra.
1333 1268 1441 1337 Colias,
1464 1266 1543 1325 Noc-

300 1358 408 1424 toidae,
431 1356 661 1436 (leometridae),
683 1356 843 1433 fulgidiora
858 1365 970 1415 aestate
995 1356 1128 1415 fervente
1151 1356 1363 1414 circumvolant
1387 1352 1543 1433 (l'ancssa,

299 1446 448 1525 Zygaeno,
479 1446 621 1522 Apatura,
651 1444 811 1502 Limenitis
841 1444 917 1519 etc).
958 1442 1091 1501 l'unessa
1115 1442 1240 1520 (prorsa)
1264 1442 1372 1500 levana
1394 1438 1542 1519 duplicem

300 1533 423 1590 formum
447 1530 569 1588 exhibet
591 1552 643 1609 pro
666 1530 785 1588 diverso
808 1534 879 1603 anni
902 1541 1042 1608 ternpore.

408 1636 458 1693 En
480 1634 685 1713 phaenomena
708 1636 798 1691 etiam
821 1635 899 1691 intra
922 1635 1054 1711 singulos
1084 1634 1210 1713 speciem
1242 1633 1349 1690 frustra
1380 1632 1545 1710 sperabitur

302 1724 371 1788 fore,
403 1732 436 1781 ut
465 1721 502 1779 ab
532 1722 749 1780 evolationistis
780 1722 852 1779 satis
883 1721 1075 1799 explicentur.
1115 1720 1223 1778 Dicent
1252 1720 1329 1777 hane
1361 1718 1543 1777 harmoniam

302 1810 463 1867 certamino
486 1810 565 1866 vitae
588 1806 760 1886 productam
783 1828 856 1865 esse.
895 1810 944 1865 sic
967 1830 1005 1865 ex
1028 1806 1181 1887 speciebus
1203 1808 1311 1868 avium,
1343 1823 1465 1883 quarum
1488 1824 1547 1862 ova

302 1896 421 1955 diverso
444 1894 530 1953 modo
553 1894 682 1953 colorata
710 1906 803 1963 erant,
834 1905 965 1973 tempore
996 1893 1172 1973 procedente
1202 1894 1328 1952 selectas
1359 1892 1547 1969 salvatusque

302 2004 366 2041 esse
390 1983 467 2052 illas,
498 2002 573 2059 quae
601 1982 698 2039 colore
726 1982 814 2039 humo
837 1981 927 2039 simili
951 1993 980 2039 et
1003 1979 1221 2039 accommodato
1251 1980 1351 2039 hostes
1383 1981 1474 2039 latere
1497 1999 1546 2057 po-

302 2073 436 2128 tuissent.
471 2068 643 2127 tJimittimus
666 2068 778 2126 incolas
802 2067 989 2126 obscurarum
1013 2068 1217 2147 speluncarum
1241 2067 1357 2145 (quales
1381 2074 1447 2125 sunt
1470 2066 1549 2125 Sitia

303 2158 409 2222 caesio,
426 2154 550 2212 Certhia
564 2154 727 2227 familiaris,
743 2154 852 2234 l'pupa
867 2176 965 2233 epops,
985 2156 1131 2223 Cor-scias,
1152 2152 1297 2223 Hirnndo,
1320 2153 1436 2213 Alcedo
1451 2151 1546 2231 ispida

305 2242 382 2316 etcl,
412 2240 462 2299 ubi
486 2241 565 2299 color
593 2262 646 2299 nec
673 2240 812 2320 prodesse
843 2244 1001 2320 quiequam
1033 2262 1086 2299 nec
1117 2262 1222 2299 nocere
1253 2254 1357 2319 potest,
1391 2257 1547 2317 numquam

304 2328 394 2387 talem
417 2328 530 2398 coloris,
559 2330 622 2385 sive
645 2348 774 2396 ovorum,
802 2330 867 2386 sire
890 2329 1043 2407 pullorum,
1072 2331 1246 2387 varietatem
1269 2348 1338 2386 casu
1362 2340 1455 2385 ortam
1479 2345 1547 2405 prae

304 2436 335 2474 se
359 2414 443 2487 ferre,
465 2435 567 2472 verum
590 2414 715 2473 eandem
738 2414 848 2492 ubique
872 2418 1080 2487 constantiam3
1104 2418 1266 2473 omittimus
1287 2417 1357 2473 item
1374 2414 1547 2473 brevissimo

304 2512 435 2579 tempore
465 2502 592 2559 cuniculi
623 2501 776 2560 domestici
809 2502 936 2561 colorem
969 2504 1083 2571 mutari,
1117 2504 1140 2559 si
1177 2512 1352 2580 exponatur:
1388 2502 1547 2559 omittimus

304 2591 518 2647 rariorem
551 2609 666 2667 qnoque
698 2588 857 2667 Bombycis
889 2589 1050 2647 monachae
1082 2589 1204 2647 formam
1236 2589 1416 2664 t‘eremitas'l
1448 2586 1545 2645 cortici

304 2677 402 2735 fuscae
425 2697 489 2734 esse
512 2695 600 2754 quam
628 2674 809 2733 simillimam
841 2696 934 2754 eaque
966 2676 1181 2737 occultatatom.
1216 2677 1389 2735 Omittimus
1420 2674 1546 2751 denique

305 2784 363 2821 non
386 2764 514 2841 ineptius
537 2764 631 2840 repeti
654 2771 769 2839 segetes
787 2762 824 2819 ab
840 2765 987 2821 eruneatis
1011 2761 1110 2821 herbis
1134 2761 1295 2821 inutilibus.
1319 2758 1378 2841 (Cf.
1403 2762 1544 2819 Stimmen

304 2870 356 2907 aas
379 2851 475 2907 llario
496 2850 599 2906 Loach
623 2849 736 2909 XLl'l.
760 2852 879 2929 (1894),
916 2852 993 2917 175,
1030 2850 1071 2919 L,
1096 2851 1232 2919 tet—7,
1266 2862 1368 2907 contra
1392 2842 1546 2925 Kerville).

409 2952 468 3011 Sed
491 2973 510 3009 a
531 2953 778 3032 contemplatione
806 2954 935 3011 colorum
963 2952 1001 3010 od
1031 2974 1116 3011 sonos
1147 2951 1377 3011 considerandos
1407 2952 1546 3010 evolutio-

305 3041 413 3096 nistam
436 3039 577 3097 ducimus.
600 3040 664 3097 Alii
687 3042 749 3097 soni
774 3042 806 3098 in
822 3043 931 3118 pinetis
955 3042 1096 3109 unisonis,
1120 3049 1150 3097 et
1173 3060 1294 3117 quorum
1319 3041 1402 3117 quasi
1428 3038 1544 3119 quidam

305 3146 379 3183 unus
411 3136 455 3184 est
484 3135 627 3203 aspectus,
658 3125 824 3197 audiuntur,
854 3128 905 3185 alii
937 3128 968 3184 in
996 3126 1081 3183 silvis
1113 3125 1282 3184 frondiferis
1314 3128 1492 3183 amoenitate
1516 3134 1547 3181 et

304 3214 447 3270 varietate
478 3211 702 3271 delectantibus.
737 3213 803 3271 lllie
831 3212 949 3271 'l'nrdus
978 3214 1150 3285 xiscivorns,
1181 3213 1275 3270 Parus
1304 3222 1375 3282 ater,
1406 3214 1548 3279 cristatus,

306 3300 434 3376 llegulus
457 3298 615 3358 stridentes
631 3320 665 3356 ac
681 3302 828 3377 pipiantes
851 3300 941 3357 edunt
964 3320 1060 3370 sonos,
1083 3298 1221 3358 brevibus
1238 3310 1268 3357 et
1284 3298 1389 3376 rigidis
1408 3299 1547 3376 languen-

303 3385 440 3465 tibusque
463 3386 608 3464 strophis,
633 3386 681 3443 hic
704 3386 810 3465 Sylvia
833 3387 966 3455 luscinia,
990 3387 1180 3453 caemlecnla,
1204 3385 1350 3455 rnbecula,
1374 3384 1549 3463 atricapilla,

307 3472 453 3552 Hypolais
469 3473 608 3551 vulgaris,
624 3472 741 3531 Turdus
757 3474 878 3543 merulo,
901 3476 1037 3541 musicus,
1061 3473 1208 3550 l'ringilla
1225 3472 1351 3542 caelebs,
1374 3472 1548 3539 cannabinis

306 3560 521 3638 Calamolrerpe
536 3560 682 3637 palustris,
699 3560 750 3617 alii
763 3562 846 3617 varia
858 3559 1057 3618 modulatione
1072 3562 1149 3617 inter
1164 3580 1195 3617 se
1211 3570 1391 3617 concertant.
1416 3559 1548 3618 Similem

306 3649 545 3705 convenientiam
572 3657 601 3705 et
630 3648 714 3725 quasi
742 3658 915 3705 concentum
943 3648 1021 3704 inter
1051 3645 1235 3718 arundineta,
1266 3666 1384 3725 campos
1416 3646 1549 3715 incultos,

305 3752 378 3790 arva
400 3733 580 3791 luxuriantia
602 3754 760 3811 eorumque
784 3734 895 3791 incolas
917 3734 1061 3791 invenies.
1084 3734 1184 3790 Etiam
1201 3736 1278 3791 inter
1293 3732 1425 3792 eiusdem
1442 3734 1548 3813 speciei

305 3816 461 3877 individua
484 3819 539 3876 hac
562 3820 616 3877 loci
641 3819 813 3878 diversitate
837 3822 966 3878 varietas
990 3821 1089 3878 oritur.

411 3922 472 3981 Iam
497 3943 637 4000 quaerere
660 3924 737 3992 licet,
769 3944 837 3981 num
862 3925 911 3981 hic
935 3924 994 3981 ulla
1018 3922 1164 3981 commodi
1187 3926 1261 3981 ratio
1284 3922 1323 3981 ad
1345 3924 1552 4001 phaenomena

306 4007 484 4084 explicanda
515 4007 621 4067 idonea
651 4011 869 4068 evolutionistis
897 4020 1013 4088 praesto
1041 4012 1087 4067 sit.
1120 4010 1224 4069 litmm
1247 4009 1365 4068 Turdus
1389 4012 1552 4068 riscivoros

309 4096 351 4150 ita
374 4106 460 4152 canat
484 4097 559 4153 sicut
580 4099 707 4154 musicus
731 4118 769 4155 au
794 4096 937 4165 hebetius,
965 4106 1060 4155 utrum
1084 4096 1204 4155 Anthus
1228 4096 1374 4167 arboreus,
1398 4098 1552 4175 pratensis,

305 4184 478 4258 campestris
509 4180 627 4240 eosdem
658 4184 809 4260 proferant
840 4204 926 4242 sonos
959 4204 996 4241 an
1025 4185 1203 4255 immutatos,
1233 4185 1264 4240 in
1292 4182 1348 4241 hoc
1378 4204 1450 4242 sane
1477 4181 1552 4241 nihil

306 4270 447 4325 momenti
470 4277 515 4326 est
538 4267 576 4326 ad
599 4290 644 4327 res
668 4272 806 4347 ipsorum,
830 4270 868 4328 ad
892 4274 984 4328 vitam
1009 4280 1059 4329 aut
1082 4272 1338 4330 sustentationem.

413 4372 483 4442 lam,
513 4381 545 4429 ut
567 4372 605 4430 ad
628 4374 739 4433 colores
768 4374 929 4445 redeamus,
961 4394 1029 4432 num
1060 4376 1173 4452 species
1204 4375 1454 4453 septemtrionalis
1484 4372 1550 4431 alba

307 4457 356 4514 vel
379 4461 464 4535 nigra
487 4458 603 4518 facilius
626 4461 725 4519 hostes
748 4461 825 4536 fugit
847 4480 935 4537 quam
959 4459 1161 4518 meridionalis
1177 4459 1265 4519 rubra
1280 4460 1329 4518 xel
1345 4460 1448 4520 fulva?
1474 4464 1551 4519 Sane

305 4543 391 4603 albus
421 4546 615 4605 masculorum
646 4547 726 4605 color
752 4568 790 4603 ex
818 4545 971 4623 speciebus
999 4546 1076 4605 Circi
1106 4550 1221 4626 cyanei,
1252 4550 1407 4615 cineracei,
1439 4546 1551 4626 pallidi,
