3450 5342
754 311 920 365 -ῃ-

319 503 345 557 1.
378 499 638 556 Miraculunr
678 501 874 576 respicit
913 497 1086 556 directe
1125 499 1258 555 vitam
1297 512 1337 554 et
1375 519 1457 556 non

212 584 305 643 fide
321 607 358 643 m,
397 586 461 644 lloe
490 598 534 642 est
566 594 692 647 certum:
729 605 797 644 nam
819 587 909 642 etiarn
934 606 986 643 nos
1009 587 1180 642 invocamus
1211 585 1306 642 lleum
1339 593 1457 663 propter

210 693 240 730 m
253 693 269 730 e
282 675 317 730 ri
330 683 341 731 t
354 695 373 730 a
397 686 564 730 sanctorum
588 682 617 728 et
640 693 707 735 non.
731 671 809 750 quod
824 671 1021 731 crediderunt.
1044 670 1213 748 Respondet
1229 669 1259 728 id
1279 671 1376 730 verbis
1400 667 1454 728 Dni

210 757 353 819 dicentis:
380 761 447 818 Non
470 762 566 816 omnis
590 761 640 836 qni
663 758 736 816 dicit
759 759 832 816 mibi
857 759 985 816 Domine
1011 759 1136 816 llomine
1160 771 1215 820 ete,

315 868 342 923 2.
366 861 457 920 Fides
480 865 570 938 igitur
592 863 684 920 solnm
708 862 851 920 indirecte
876 862 1060 940 approbatur,
1085 865 1123 920 in
1148 883 1164 940 q
1177 872 1342 920 arantum
1366 873 1456 920 erat

213 950 338 1008 radix
360 960 481 1008 sauctae
503 951 591 1009 ritae.

316 1039 408 1114 Atqui
424 1035 462 1094 ad
478 1034 585 1093 bonam
602 1038 694 1093 vitam
712 1057 769 1094 nou
786 1035 867 1093 ducit
889 1047 981 1092 totum
1004 1033 1168 1112 depositum
1193 1035 1270 1106 tidei,
1294 1034 1346 1094 sed
1362 1036 1456 1094 solum

213 1144 281 1200 pars
308 1126 371 1181 eius
401 1126 539 1200 practica,
573 1122 784 1180 doctrina
817 1122 1009 1192 moralis,
1044 1121 1241 1198 complectens
1272 1125 1456 1202 potissimum

211 1209 351 1288 dogmata
372 1209 409 1267 de
431 1210 653 1268 immortalitate
676 1211 800 1278 animae,
824 1209 861 1265 de
885 1208 1094 1286 redemptione,
1125 1209 1189 1266 lleo
1221 1208 1399 1268 retribuente
1427 1221 1457 1268 et

211 1297 396 1366 iustificante,
419 1295 591 1372 decalogum
615 1299 735 1374 eiusque
758 1296 964 1366 evolutionem,
988 1296 1112 1352 consilia
1134 1295 1314 1370 evangelica
1337 1308 1391 1355 etc.

317 1404 345 1460 3.
369 1401 448 1478 Ergo
471 1403 611 1477 seqnitur,
634 1416 665 1457 ut
681 1433 718 1442 «-
744 1403 897 1477 supposita
919 1419 989 1456 sane
1014 1397 1090 1456 bona
1113 1399 1178 1467 lide,
1202 1419 1277 1478 (tuae
1301 1399 1337 1457 de
1357 1412 1454 1458 cetero

211 1487 297 1545 facile
322 1488 446 1545 habetur
470 1521 508 1530 -
534 1487 621 1546 homo
644 1507 731 1562 agere
755 1489 845 1564 possit
870 1489 962 1543 vitam
987 1506 1054 1544 vero
1075 1497 1206 1544 sanctam
1223 1489 1312 1544 etiam
1329 1491 1361 1546 in
1376 1487 1457 1546 cultu

210 1573 293 1642 falso,
328 1573 485 1632 dummodo
508 1574 556 1630 hic
581 1576 734 1630 retinuerit
756 1573 870 1632 salvam
893 1573 1085 1630 christianam
1109 1571 1273 1630 doctrinam
1306 1573 1456 1646 moralem,

210 1661 279 1718 lieet
304 1663 336 1718 in
358 1661 425 1719 aliis
449 1659 637 1736 dogmatibus
661 1661 756 1736 magis
779 1660 971 1738 speculativis
994 1671 1079 1718 erret.

317 1769 345 1823 l.
368 1767 407 1824 Et
430 1769 495 1823 vice
526 1787 633 1823 versa:
669 1766 842 1823 llliraeulnm
874 1765 1038 1843 approbans
1069 1767 1161 1823 vitam
1192 1764 1333 1842 approbat
1365 1765 1465 1824 solum¹

213 1853 321 1910 hane
344 1853 596 1911 doctrinam
620 1852 826 1910 moralem
850 1866 878 1912 ct
902 1853 1021 1910 nihil
1045 1853 1240 1930 amplius.
1265 1851 1457 1910 Haecautem

212 1940 331 1996 moralis
354 1939 489 1998 doctrina
511 1939 635 1998 habetur
659 1940 774 2014 integra
796 1942 885 1996 etiarn
909 1938 985 2016 apud
1006 1939 1120 2016 aliquos
1137 1939 1231 1996 eriltns
1248 1938 1455 1998 heterodoxos.

319 2043 397 2121 Ergo
420 2056 514 2123 potest
538 2043 615 2121 apud
644 2065 693 2101 eos
724 2045 896 2101 miraculum
928 2044 991 2100 lieri
1015 2046 1078 2102 sinu
1101 2042 1160 2100 ullo
1184 2043 1363 2121 praeiudicio
1394 2047 1456 2102 veri

215 2130 317 2187 cultus.

316 2213 490 2284 confirmo,
512 2216 706 2276 Providentia
728 2229 756 2274 et
779 2217 896 2275 bonitas
922 2219 976 2274 llei
1002 2219 1095 2292 exigit
1116 2218 1258 2274 miraeula
1273 2218 1362 2274 etiam
1379 2219 1456 2274 inter

211 2303 391 2364 acatholicos
414 2337 456 2346 -
478 2306 509 2361 in
532 2324 620 2361 sensu
644 2303 762 2382 quidem
786 2325 879 2381 nuper·
902 2303 1056 2380 descripto.

319 2395 397 2450 lleus
421 2393 499 2448 enim
524 2391 587 2448 vult.
610 2409 711 2448 omnes
734 2390 832 2448 salros
855 2393 928 2448 lieri.
951 2391 1030 2466 llrgo
1053 2391 1123 2461 vult,
1147 2401 1177 2448 ut
1194 2392 1282 2449 etiarn
1300 2390 1456 2448 acatholici

212 2475 287 2535 bene
310 2482 422 2537 vivant.
452 2480 544 2554 Atqui
570 2480 687 2534 unicum
711 2477 843 2536 absolute
867 2479 973 2534 etlicax
999 2476 1126 2534 medium
1150 2477 1188 2534 ad
1212 2475 1379 2536 incitandos
1403 2477 1455 2536 ho-

210 2566 305 2622 mines
325 2565 363 2624 ad
378 2569 472 2622 vitam
495 2565 652 2622 salutarem
676 2575 718 2620 est
744 2565 835 2636 favor,
858 2585 945 2642 quem
970 2564 1051 2621 lteus
1074 2561 1204 2622 ostendit
1227 2577 1328 2622 sancte
1351 2566 1455 2622 viven-

210 2650 297 2723 tibus,
321 2674 371 2711 seu
394 2652 575 2709 miraculum.
600 2653 747 2708 Convenit
770 2652 868 2726 igitur,
892 2661 921 2708 ut
938 2653 1026 2708 etiam
1044 2649 1121 2728 apud
1140 2650 1205 2708 illas
1221 2654 1355 2708 nationes
1373 2651 1454 2709 Deus

210 2737 297 2796 modo
320 2738 553 2797 extraordinario
576 2737 716 2794 exandiat
739 2758 839 2814 preces
855 2739 1006 2796 hominum
1024 2737 1079 2794 sibi
1097 2736 1277 2810 devotorum,
1301 2739 1356 2794 etsi
1373 2737 1453 2796 bona

211 2822 269 2882 lide
296 2829 328 2883 in
355 2824 530 2904 quibusdam
558 2825 652 2889 rebus,
679 2843 754 2902 quae
782 2827 812 2881 in
840 2826 1008 2900 cognitione
1038 2825 1133 2902 patim
1161 2845 1248 2902 quarn
1277 2828 1308 2882 in
1337 2823 1453 2900 agendo

210 2915 324 2989 positae
347 2924 413 2970 sunt
436 2912 605 2977 errantium,
628 2922 657 2968 et
681 2913 770 2969 faciat
795 2912 977 2972 miraculum.

319 3011 476 3080 Obicitur.
500 3015 674 3072 hliraeulum
702 3013 790 3072 debet
818 3036 882 3072 esse
910 3017 1026 3090 signmn
1055 3012 1317 3074 obiectivae
1345 3027 1374 3072 et
1397 3037 1457 3074 non

217 3103 310 3161 solum
337 3102 517 3160 subiectione
545 3103 718 3162 sanctitatis,
758 3104 849 3179 Atqui
878 3101 915 3159 ad
943 3101 1120 3160 obiectisarn
1152 3105 1338 3160 sanctitatem
1366 3105 1456 3160 etiam

216 3200 296 3248 recta
318 3189 392 3247 fides
414 3190 551 3266 exigitur.

320 3273 578 3354 Respondeo
608 3297 659 3353 per
686 3273 908 3332 distinctionem
953 3275 1124 3332 Miraculnm
1150 3273 1326 3334 obiectisam
1350 3279 1458 3334 sancti·

215 3372 307 3421 tatem
335 3365 513 3422 eminentem
545 3364 608 3420 sive
639 3364 682 3418 in
704 3361 841 3438 gradu
872 3361 1076 3440 perfecto
1107 3363 1170 3419 sire
1198 3365 1287 3421 etiam
1318 3365 1459 3422 minus

216 3451 390 3527 perfecto
414 3461 443 3507 et
461 3449 639 3527 incompleta
661 3449 810 3524 significat
825 3483 868 3492 -
883 3448 1018 3506 concedo.
1034 3482 1073 3490 -
1089 3449 1116 3506 M
1122 3450 1261 3507 iraeulum
1285 3461 1329 3506 est
1342 3451 1458 3526 signum

216 3537 382 3595 obiectivae
406 3537 571 3594 sanctitatis
594 3538 626 3593 in
649 3533 743 3612 gradu
766 3536 858 3594 solum
883 3536 1012 3613 perlecto
1035 3569 1076 3578 --
1102 3557 1184 3610 nego.

321 3624 465 3682 Homines
487 3621 619 3680 absoluto
642 3621 717 3680 sub
745 3621 950 3700 quolibet
979 3637 1187 3700 respectu
1215 3627 1362 3682 sancti
1392 3633 1459 3681 sunt

216 3709 373 3769 admodum
397 3711 490 3788 pauci.
512 3709 652 3786 Exempli
677 3710 770 3767 instar
793 3713 831 3768 sit
855 3711 889 3768 B.
914 3709 948 3766 l'.
965 3711 1063 3768 Ueteri
1080 3709 1140 3768 fere
1157 3731 1258 3768 omnes
1274 3712 1363 3768 etiam
1380 3730 1458 3768 erro·

215 3795 296 3856 ribus
323 3808 353 3855 et
379 3795 544 3854 defectibus
574 3795 695 3854 obnoxii
723 3806 808 3855 erant
830 3807 859 3854 et
884 3797 963 3854 Deus
991 3807 1090 3856 tamon
1118 3817 1167 3854 eos
1196 3797 1339 3870 glorificat
1368 3799 1458 3855 etiam

216 3885 333 3960 magnis
356 3883 515 3942 miraculis.

319 3972 479 4048 Distingno
493 3971 583 4046 igitur
595 3971 738 4028 minorem
752 3972 994 4046 propositionem:
1012 3969 1060 4027 Ad
1077 3969 1254 4028 obiectivam
1271 3972 1459 4028 sanctitatem

215 4067 295 4114 recta
324 4056 398 4115 tides
421 4059 560 4134 pertinet:
591 4056 616 4112 si
647 4057 744 4132 agitur
774 4056 811 4113 tle
840 4056 1051 4114 absoluta
1078 4058 1242 4127 sanctitate,
1270 4055 1407 4126 concedo,
1435 4059 1460 4116 si

214 4146 311 4219 agitur
345 4144 389 4219 de,
417 4146 514 4202 minus
550 4143 686 4218 perlecta
718 4141 936 4220 subdistinguo:
967 4155 1028 4201 tum
1058 4145 1187 4220 exigitur
1217 4143 1290 4201 fides
1319 4153 1398 4202 reeta
1425 4143 1462 4202 de

214 4240 275 4288 tato
303 4230 446 4309 deposito,
474 4229 610 4287 omnibus
637 4227 784 4305 dogmatis
814 4261 851 4271 -
884 4249 967 4306 nego.
1003 4231 1196 4288 tlul't'icit
1228 4233 1307 4288 enim
1333 4265 1370 4272 -
1396 4251 1463 4309 sup·

213 4319 309 4395 posito
332 4315 506 4395 inculpabili
529 4336 626 4374 errore
651 4351 689 4358 -
713 4330 742 4374 ut
767 4318 806 4374 sit
821 4336 892 4374 vera
915 4327 944 4374 et
968 4329 1047 4374 recta
1071 4318 1174 4374 saltem
1199 4318 1230 4374 in
1253 4317 1462 4376 doctrina

214 4423 380 4463 morum.
415 4406 446 4461 ui
470 4405 549 4462 enim
574 4423 632 4460 non
655 4402 773 4461 obstant
796 4405 947 4461 miraculis
970 4405 1058 4460 ceteri
1087 4405 1212 4462 morales
1240 4403 1372 4462 defectus
1401 4425 1460 4463 non

213 4502 310 4568 potest
339 4491 455 4550 obstare
486 4488 668 4548 invincibilis
700 4509 779 4548 error
813 4489 850 4546 de
883 4489 1020 4566 dogmate
1055 4492 1228 4568 speculativi
1263 4488 1383 4552 ordinis.
1418 4526 1460 4535 -

213 4577 317 4656 ltaque
345 4579 491 4636 veracitas
522 4577 576 4634 llei
601 4585 679 4634 certe
702 4575 739 4633 ad
763 4577 907 4634 miracula
935 4576 1112 4635 obiectivam
1142 4580 1328 4636 sanctitatem
1357 4579 1460 4656 (arrigit,
