3450 5342
876 396 1067 453 -208-

453 580 524 633 θιὼ.
537 581 561 633 2.
581 582 745 646 Apostolus,
759 597 824 633 cum
839 582 982 635 incestum
996 582 1175 635 Corinthium
1191 581 1294 651 ligavit
1307 582 1429 647 primurn
1443 596 1477 633 sc
1490 580 1602 633 deinde

348 650 484 716 absolvit,
503 655 565 703 tota
583 650 708 703 clavium
728 656 871 717 potestate
891 668 960 705 usus
979 656 1031 705 est
1057 652 1143 717 Atqui
1162 656 1260 705 tamen
1280 651 1351 704 illud
1370 650 1494 717 apostoli
1513 650 1603 703 mini·

346 720 468 771 sterium
487 720 604 772 cumino
622 723 773 773 externum
792 720 854 787 luit,
873 736 929 774 non
949 722 1045 790 tetigit
1059 722 1139 788 illud,
1157 720 1233 787 quod
1252 721 1383 787 dicimus,
1402 720 1603 773 conscientiae

346 788 448 841 iorum.
466 789 566 856 Neque
584 790 662 841 enim
681 791 788 843 absens
806 791 958 843 absentem
978 791 1099 845 interius
1117 791 1268 843 absolvere
1287 790 1387 857 potuit

451 858 524 910 θιὼ.
543 859 567 911 3.
593 858 800 912 Reconciliatio
824 862 938 913 tanturn
965 861 1024 913 vim
1044 876 1160 928 precum
1181 860 1291 924 habuit,
1310 874 1362 912 nec
1380 859 1461 912 alind
1481 857 1600 924 probari

345 931 450 994 potest

451 996 524 1049 Dub.
542 996 567 1049 4.
587 998 716 1063 Apostoli
735 1002 813 1050 certe
831 1013 896 1050 earn
916 1001 1029 1052 tantum
1045 998 1252 1066 praedicabant
1272 998 1490 1066 poenitentiam,
1508 1012 1601 1063 cruam

345 1067 514 1133 prophetae,
532 1070 664 1133 utputet
682 1084 717 1119 ea
736 1069 789 1120 Act
809 1066 850 1133 10,
869 1068 910 1119 43.

451 1136 523 1188 θιὼ.
543 1136 567 1188 5.
591 1137 739 1204 Quomodo
763 1137 886 1203 apostoli
911 1137 947 1189 de
966 1139 1110 1203 potestate
1130 1152 1181 1190 sua
1201 1136 1355 1189 iudicarint
1375 1151 1497 1201 eamque
1516 1150 1601 1187 exer-

346 1204 467 1272 cuerint,
486 1205 632 1273 colligitur
648 1222 684 1258 ex
703 1206 757 1258 Act
774 1205 799 1273 8,
818 1206 859 1258 22.

452 1274 568 1327 Dubii.
594 1276 774 1328 Paenitentia
799 1277 923 1343 publica,
951 1290 1037 1340 quam
1056 1274 1186 1343 viguisse
1205 1279 1327 1343 constat,
1351 1279 1464 1328 tantum
1483 1274 1522 1327 ad
1543 1273 1599 1325 hoc

345 1342 408 1409 inii,
428 1348 461 1397 ut
478 1344 649 1397 scandalum
668 1345 830 1412 puniretur,
847 1361 900 1399 nec
916 1344 995 1398 aliud
1010 1344 1077 1397 inde
1090 1344 1206 1411 probari
1219 1348 1321 1411 potest.
1340 1344 1413 1397 Nam
1427 1359 1497 1397 sane
1510 1358 1601 1396 nemo

346 1412 425 1465 dicet
458 1413 629 1467 ludaeorum
666 1415 885 1481 „presbyteros
915 1418 999 1481 (quos
1027 1414 1183 1467 t'hristiani
1210 1413 1315 1467 imitati
1344 1412 1431 1479 sunt),
1467 1429 1533 1465 curn
1569 1413 1599 1464 in

345 1482 505 1603 spnagogis
531 1483 656 1536 eundem
681 1486 727 1535 vel
755 1484 936 1537 simillimum
956 1500 1038 1537 usum
1068 1489 1225 1549 servarent,
1256 1484 1393 1536 habuisse
1420 1483 1600 1549 potestatem

346 1567 481 1605 cavmm.

450 1621 523 1673 θιὼ.
544 1621 567 1673 7.
596 1622 689 1673 Solius
714 1622 851 1689 baptismi
872 1624 900 1674 vi
919 1628 1038 1689 peccata
1057 1622 1286 1683 remittebantur,
1311 1622 1388 1673 unde
1412 1636 1482 1674 usus
1501 1634 1598 1685 aquae

344 1691 475 1809 lustralgs
493 1690 532 1825 ad)
550 1696 670 1757 peccata
687 1691 910 1745 remittendam
929 1692 1059 1745 ecclesiis
1083 1696 1162 1745 onus
1181 1700 1226 1745 est
1250 1692 1360 1757 (,,Νίψοι
1380 1693 1544 1755 ἀνομήματα.
1563 1692 1599 1754 μὴ

345 1762 426 1825 μόναν
461 1762 510 1824 bts‘
535 1801 540 1811 .

451 1830 522 1881 θιὼ.
541 1828 565 1881 8.
586 1829 660 1881 Usus
674 1833 751 1882 certe
769 1830 794 1882 is
813 1830 874 1897 tuit,
894 1835 925 1883 ut
936 1834 1049 1897 praeter
1067 1830 1273 1897 poenitentiam
1287 1830 1433 1895 publicam
1453 1828 1511 1895 (cui
1531 1832 1599 1881 tan-

345 1899 407 1950 tum
433 1898 571 1951 canonica
595 1898 717 1951 crimina
742 1899 970 1964 subiciebantur)
996 1902 1058 1953 sola
1081 1899 1222 1966 correptio
1241 1902 1269 1951 et
1288 1900 1379 1951 virtus
1397 1898 1598 1965 poenitentiae

344 1972 533 2035 exerceretur,
562 1969 629 2021 licet
654 1969 761 2021 delicta
785 1970 920 2022 mortalia
945 1970 1058 2023 inerint.
1084 1970 1349 2037 Augustinus,
1377 1968 1418 2021 lle
1443 1968 1537 2035 symb.
1557 1967 1596 2019 ad

343 2038 454 2089 catech.
473 2054 495 2089 c.
515 2038 540 2104 7,
565 2054 591 2089 n.
612 2038 657 2090 15:
685 2038 803 2102 „Tribus
822 2038 918 2092 modis
943 2040 1129 2092 remittuntur
1147 2044 1264 2105 peecata
1283 2038 1313 2090 in
1332 2038 1466 2091 ecclesia:
1493 2037 1524 2089 in
1544 2038 1598 2089 ba·

342 2107 489 2174 ptismate,
518 2108 548 2160 in
572 2107 710 2174 oratione,
738 2108 769 2160 in
791 2108 956 2161 humilitate
980 2109 1089 2162 maiore
1114 2108 1317 2175 poenitentiae.
1345 2108 1381 2163 Et
1406 2108 1455 2172 Ep.
1480 2106 1535 2159 265
1556 2106 1597 2159 ad

342 2176 542 2229 Seleucianum
561 2192 588 2229 n.
607 2177 636 2229 2:
661 2178 759 2246 „Quod
777 2181 876 2230 autem
896 2180 996 2231 Petrus
1016 2178 1121 2231 dicitur
1138 2179 1234 2247 egisse
1253 2177 1470 2243 poenitentiam,
1488 2191 1598 2228 carren-

341 2246 411 2298 dum
436 2252 489 2311 est,
516 2262 553 2298 ne
577 2246 618 2299 ita
642 2250 759 2312 putetur
783 2246 888 2313 egisse,
916 2249 1059 2313 quomodo
1083 2251 1173 2316 agini
1198 2248 1227 2299 in
1247 2246 1377 2312 ecclesis,
1406 2246 1454 2311 qui
1477 2245 1597 2312 proprie

341 2315 523 2381 poenitentes
541 2320 687 2368 vocantur.
715 2317 750 2369 Et
770 2316 835 2381 quis
854 2318 907 2369 hoc
926 2317 1008 2385 ierat,
1027 2322 1058 2370 ut
1076 2318 1201 2384 primurn
1220 2318 1414 2383 apostolorum
1428 2316 1505 2368 inter
1518 2316 1597 2367 tales

341 2385 523 2450 poenitentes
542 2386 754 2438 numerandum
773 2386 930 2452 putemus?
948 2387 1092 2440 Poenituit
1110 2386 1188 2439 enim
1207 2401 1273 2439 eum
1292 2400 1415 2455 negasse
1435 2385 1596 2449 Christum,

341 2455 418 2519 qnod
438 2455 500 2507 eius
520 2455 648 2507 indicant
669 2455 817 2522 lacrimae;
836 2456 878 2509 sic
897 2456 973 2509 enim
994 2456 1132 2523 scripturn
1152 2460 1205 2521 est,
1224 2456 1292 2521 quia
1310 2454 1391 2507 flevit
1406 2454 1532 2507 amare“¹
1553 2454 1595 2507 ul.

341 2523 432 2576 Serm.
451 2524 511 2591 352,
531 2541 553 2576 c.
573 2524 619 2583 30;
638 2525 814 2589 Gennadius,
834 2526 936 2593 Dognt.
956 2527 1023 2579 eccl.
1043 2542 1065 2578 c.
1084 2526 1125 2579 53.

446 2594 518 2646 θιὼ.
543 2594 568 2647 9.
593 2594 699 2647 Primis
723 2595 863 2647 eeclesiae
887 2596 1066 2661 temporibus
1091 2596 1194 2648 saltem
1220 2594 1362 2659 quaedam
1388 2597 1507 2661 peccata
1534 2608 1593 2645 non

340 2662 570 2716 remittebantur.
590 2663 630 2716 tls.
650 2665 676 2715 S.
695 2664 715 2716 I.
735 2664 908 2731 Smirnov,
926 2664 982 2718 Kto
1001 2666 1128 2718 soversal
1147 2665 1275 2717 tainstvo
1294 2663 1463 2731 pokajanijs
1475 2678 1494 2713 v
1508 2664 1594 2715 drev-

339 2733 386 2799 nej
407 2732 528 2784 cerltvi?
547 2732 673 2801 (Bogosl.
692 2732 914 2801 vestutatem,
934 2734 962 2796 l.,
981 2750 1007 2801 p.
1027 2732 1117 2801 4751).
1136 2734 1209 2787 Nam

444 2803 473 2865 a)
495 2802 723 2855 Concilium
752 2803 1059 2856 illiberitanum
1088 2806 1124 2871 (a.
1144 2802 1238 2869 300?),
1266 2800 1513 2855 canitidelinit:
1541 2800 1591 2865 „Si

339 2871 405 2935 quis
424 2870 520 2923 tidelis
537 2875 681 2938 apostata,
700 2888 751 2938 per
770 2872 884 2926 infinita
903 2876 1033 2939 tempora
1051 2874 1089 2925 ad
1109 2873 1260 2925 ecclesiam
1280 2886 1336 2924 non
1355 2870 1518 2933 accesserit,
1537 2885 1596 2923 nec

340 2939 370 2991 in
389 2940 447 2991 line
465 2956 530 2992 eum
550 2942 781 2994 communionem
800 2941 961 3009 accipere“;
989 2944 1065 2995 idem
1086 2943 1122 2995 de
1140 2942 1321 2995 Flaminibus
1339 2957 1362 2995 c.
1381 2941 1411 3007 2;
1436 2945 1498 2993 tum
1518 2955 1540 2992 e.
1561 2941 1594 2992 3:

340 3009 430 3072 „ltem
449 3010 595 3062 Flamines
614 3053 619 3063 .
640 3053 645 3063 .
666 3053 681 3077 .,
701 3012 724 3064 si
744 3020 809 3079 post
828 3013 1037 3078 poenitentiam
1056 3011 1162 3066 suerint
1175 3011 1327 3071 moechati,
1346 3011 1455 3077 placuit
1466 3008 1593 3062 ulterius

339 3078 386 3129 his
410 3093 466 3129 non
492 3094 556 3132 esse
580 3081 708 3133 dandam
727 3082 967 3148 communionem,
994 3097 1030 3135 ne
1049 3082 1152 3135 lusisse
1172 3082 1208 3133 de
1226 3080 1371 3134 dominica
1389 3080 1595 3133 communione

339 3147 523 3212 videantur“;
547 3150 581 3201 cl.
607 3166 668 3203 can.
687 3150 733 3201 22:
758 3152 804 3212 „si
823 3152 889 3216 quis
908 3153 944 3203 de
962 3152 1103 3205 catholica
1124 3150 1245 3204 ecclesia
1264 3150 1301 3203 ad
1320 3149 1464 3203 haeresim
1484 3148 1594 3202 transi-

338 3220 401 3269 tum
421 3216 528 3285 iecerit,
547 3234 703 3286 rursusque
722 3222 882 3287 recurrerit,
901 3222 935 3273 ei
955 3221 1133 3287 poenitentia
1146 3236 1202 3273 uon
1222 3220 1389 3289 denegetur,
1408 3221 1520 3285 etpost
1539 3216 1592 3270 de·

339 3302 402 3339 cem
430 3302 522 3340 annos
549 3290 692 3354 praestari
719 3291 882 3342 communio
908 3290 1042 3358 debeat“;
1069 3290 1103 3342 cl.
1129 3306 1190 3343 can.
1215 3290 1249 3342 69
1277 3288 1495 3357 (reconciliare-
1518 3287 1592 3339 dare

339 3358 592 3424 communionem).
613 3358 742 3423 lienique
759 3361 901 3428 analogus
920 3367 964 3412 est
984 3376 1045 3413 can.
1064 3360 1110 3413 68:
1136 3360 1374 3425 „catechumena
1395 3359 1419 3410 si
1437 3373 1489 3424 per
1506 3356 1592 3409 adul·

339 3426 444 3548 ltascium
463 3428 632 3549 goncepent
657 3438 685 3481 et
710 3430 925 3495 praefocaverit,
953 3430 1062 3495 placuit
1086 3445 1150 3482 eam
1176 3430 1204 3481 in
1225 3429 1281 3481 tine
1301 3426 1401 3495 [uitae]
1420 3425 1591 3493 baptizari“.

367 3512 413 3548 mc
433 3512 461 3547 ιιι
484 3513 545 3549 ica.

443 3563 472 3633 b)
492 3567 719 3619 Concilium
738 3568 762 3618 ,t
774 3584 791 3618 n
802 3584 816 3619 c
827 3585 844 3633 y
855 3584 924 3627 ran
934 3584 951 3618 n
964 3584 991 3620 m
1017 3568 1053 3632 (a.
1073 3567 1135 3633 314)
1155 3567 1271 3635 negarit
1292 3582 1353 3619 can.
1372 3566 1450 3621 ‘2122
1469 3566 1591 3631 quibus·

263 3664 272 3677 =
339 3634 407 3686 dant
427 3636 626 3699 peccatoribus
646 3636 916 3689 reconciliationem.

444 3702 472 3773 b)
492 3706 780 3758 Tertullianus
809 3713 932 3759 testatur
960 3707 1117 3759 novitatem
1147 3708 1263 3771 decreti,
1291 3723 1347 3772 quo
1374 3706 1498 3771 primum
1528 3720 1588 3771 pax

339 3772 467 3825 moechis
491 3775 635 3840 promissa
660 3784 713 3840 cst,
741 3777 864 3829 durante
892 3778 1057 3829 exclusione
1081 3777 1291 3830 homicidarum
1316 3781 1345 3828 et
1370 3776 1589 3828 idololatrarum

339 3856 358 3892 a
382 3842 474 3895 vcnia.
505 3844 546 3895 lle
570 3845 665 3910 pudic.
685 3862 707 3897 c.
728 3845 756 3897 1:
774 3846 885 3908 „Audio
905 3846 1031 3899 edictum
1051 3862 1115 3899 esse
1135 3846 1321 3913 propositum,
1340 3848 1369 3897 et
1387 3844 1503 3910 quidem
1525 3858 1589 3909 per-

338 3911 519 3975 emptorium.
538 3914 698 3979 Episcopus
717 3916 916 3981 episcoporum
936 3916 1036 3969 edicit:
1055 3918 1076 3967 E
1130 3920 1159 3968 ct
1178 3915 1325 3968 moechiae
1348 3916 1377 3966 et
1389 3912 1589 3966 luminationis

340 3978 447 4033 delicta
465 3984 643 4046 poenitentia
661 3984 767 4036 iunctis
787 3985 927 4037 dimitto‘.
947 3986 1018 4039 lbid.
1038 4002 1060 4037 c.
1085 4000 1108 4037 r:
1127 3985 1264 4051 „Assistit
1282 3984 1456 4048 idololatres
1476 3981 1589 4035 assistit

339 4048 493 4117 homicida,
522 4052 550 4102 in
576 4054 672 4105 medio
699 4070 797 4106 eorum
824 4056 938 4107 assistit
966 4060 995 4107 et
1021 4055 1166 4119 moechus,
1193 4054 1301 4121 pariter
1328 4052 1364 4105 de
1391 4050 1587 4119 poeniteutiae

338 4117 433 4171 olflcio
461 4121 571 4187 sedent,
608 4122 637 4174 in
666 4138 749 4175 sacco
777 4130 806 4176 et
834 4124 929 4178 cinere
957 4125 1165 4189 inhorrescunt,
1193 4124 1294 4176 eodem
1314 4122 1384 4175 tletn
1414 4121 1587 4190 gemiscunt,

339 4188 449 4240 eisdem
470 4188 603 4255 precibus
621 4193 763 4261 ambiunt,
781 4192 892 4245 eisdem
912 4194 1035 4263 genibus
1054 4196 1182 4275 exorant,
1207 4194 1329 4245 eandem
1350 4192 1487 4243 invocant
1511 4192 1586 4243 mat-

338 4272 408 4309 rem.
440 4258 514 4326 Quid
532 4260 606 4327 agis,
636 4262 810 4315 mollissima
829 4268 858 4316 et
878 4263 1090 4317 humanissima
1108 4262 1286 4329 disciplina?
1316 4266 1366 4315 aut
1385 4260 1520 4313 omnibus
1542 4258 1586 4312 eis

338 4326 392 4378 hoc
411 4342 475 4381 esse
495 4330 633 4383 debebis:
662 4332 758 4395 „beati
776 4332 854 4385 enim
873 4332 1014 4401 pacifici“,
1041 4335 1092 4385 aut
1110 4333 1134 4385 si
1153 4348 1210 4385 non
1229 4331 1373 4399 omnibus,
1391 4332 1490 4383 nostra
1512 4343 1585 4382 esse.

339 4396 524 4450 idololatram
543 4398 661 4464 quidem
679 4406 708 4454 et
727 4402 904 4456 homicidam
922 4404 1011 4455 semel
1025 4402 1157 4470 damnas,
1177 4402 1328 4454 moechum
1348 4414 1416 4453 vero
1434 4399 1470 4451 de
1489 4398 1586 4450 medio

338 4466 457 4534 excipis,
477 4466 647 4522 idololatrae
666 4486 871 4538 successorem,
899 4472 1062 4525 homicidae
1081 4475 1304 4537 antecessorem,
1330 4470 1481 4535 utriusqus
1500 4468 1585 4519 colle·

337 4535 430 4604 gam?
449 4538 592 4591 Personae
604 4541 767 4605 acceptatio
785 4542 859 4593 estt‘
878 4541 915 4595 Et
934 4558 995 4608 cap.
1014 4543 1064 4594 ult.
1084 4540 1126 4593 sic
1138 4556 1199 4594 ram
1211 4543 1303 4594 totam
1317 4538 1447 4608 colligit:
1478 4538 1585 4605 „Quae-

337 4621 460 4685 cumque
479 4608 645 4676 auctoitas,
664 4625 863 4676 quaecumque
880 4612 955 4665 ratio
973 4611 1093 4663 moecho
1111 4614 1141 4663 et
1152 4610 1430 4677 tornicatoripacem
1449 4606 1586 4661 ecclesia-

338 4677 442 4727 sticam
468 4676 572 4743 reddit,
599 4680 723 4731 eandem
743 4680 859 4734 debebit
881 4684 908 4731 et
927 4680 1092 4733 homicidae
1110 4684 1137 4734 ct
1153 4680 1324 4733 idololatrae
1344 4680 1585 4745 poenitentibus“.
