3450 5342
872 443 1065 499 -230-

447 630 482 682 A.
511 625 720 688 Dnttrccsta:
749 623 1283 695 Drevnejsij'lglilaudarsltij
1318 619 1547 678 Sinaksar'
1572 637 1611 690 ps·

339 707 486 754 ustsvu
509 694 874 751 Ierusalimsltomu
899 694 1083 764 (Antiquom
1109 693 1313 764 synararium
1344 691 1610 748 Chilandarense

338 767 432 822 iuxta
451 771 558 820 τυπικὸν
584 763 922 834 Hierosolymitanum)
942 763 1157 828 11.‚ata-taa.
1184 761 1415 831 Dmitrievskij
1440 760 1539 830 operi
1559 775 1611 813 suu

341 851 367 892 a.
389 837 457 892 1905
476 835 568 899 edito,
588 835 626 890 ad
645 833 940 889 animadversiones
953 833 995 888 ab
1005 832 1096 902 chic
1115 832 1254 902 prolatas
1271 831 1444 904 quasdam
1469 832 1613 884 corres-

340 921 420 960 ones
440 913 470 960 et
489 903 706 960 annotationes
725 903 821 958 addit

449 991 476 1045 V.
508 977 543 1046 de
565 987 667 1056 ouili:
696 988 864 1044 Kievslri
913 988 1140 1058 mitropolit
1169 987 1328 1043 Gauriil
1357 986 1612 1042 Banulesko

342 1059 491 1117 Bodoui
521 1065 529 1126 l
562 1057 713 1114 ioviensis
748 1063 836 1114 metr.
867 1005 902 1114 ὲ.
934 1057 1258 1124 BanuleskoBodoni)
1286 1056 1341 1124 ΙΙ.,
1375 1059 1519 1112 ets-ass.
1557 1057 1611 1110 Ha

338 1129 489 1186 articulus
504 1129 620 1198 prioris
631 1126 862 1197 disquisitionis
877 1127 1069 1182 continuatio
1078 1134 1134 1182 est.
1146 1126 1302 1182 Describit
1312 1133 1428 1181 autem
1450 1114 1481 1182 (Σ
1500 1133 1612 1181 metr-s

337 1201 452 1271 politae
478 1198 559 1254 circa
583 1197 780 1253 Academiam
810 1197 898 1252 Kios.
919 1195 1075 1252 meritum.
1104 1196 1180 1252 (lum
1207 1197 1350 1252 enimes
1374 1197 1612 1266 metropolitae

340 1283 469 1324 munere
498 1267 681 1323 Academiae
710 1268 855 1336 superior
879 1272 962 1321 esset
980 1281 1115 1336 cumque
1133 1272 1198 1321 tum
1219 1267 1430 1336 professores
1453 1275 1530 1323 tum
1554 1282 1613 1320 ree

341 1347 440 1394 torem
462 1337 529 1408 ipse
549 1337 732 1404 nominaret,
753 1351 879 1416 semper
897 1336 1014 1390 honum
1030 1335 1214 1390 Academiae
1232 1350 1308 1404 prae
1326 1335 1438 1390 oeulis
1463 1337 1613 1392 babebat

344 1408 466 1462 Etenim
488 1423 550 1462 non
565 1406 666 1462 solum
682 1405 883 1460 materialiter
901 1404 928 1460 ei
942 1404 1153 1472 succurrebat,
1172 1420 1282 1460 verum
1297 1405 1530 1461 scientificum
1545 1406 1612 1460 eius

342 1477 492 1532 honorem
512 1491 628 1545 augere
647 1475 827 1530 conabatur.

449 1547 523 1600 Dein
545 1560 679 1612 causam,
694 1560 751 1599 cur
765 1542 1076 1599 BanulcslroBodoni
1095 1549 1195 1598 metro
1218 1543 1260 1598 oli
1274 1543 1365 1600 Κίον.
1387 1545 1610 1603 abdicaverit

339 1631 401 1670 uon
417 1613 746 1684 aegritudinem,utio
762 1612 932 1668 Alexandri
947 1612 971 1666 li
994 1613 1091 1668 resori
1116 1614 1197 1668 toha
1239 1618 1299 1677 tur,
1313 1613 1371 1668 sed
1389 1615 1611 1672 desideriunt.

339 1701 402 1754 quo
430 1684 607 1738 Bnnulcslto
634 1683 831 1752 metropolita
859 1682 1072 1738 lloldavensis
1093 1629 1166 1738 ileri
1191 1681 1368 1749 affectabat,
1398 1684 1516 1739 luisse
1541 1700 1612 1738 otn-

339 1755 438 1810 tendit
466 1757 659 1822 Argumenta
679 1759 783 1808 autem
798 1753 837 1806 ad
852 1752 883 1806 id
897 1751 1167 1820 comprobandum
1188 1768 1250 1807 non
1263 1753 1399 1807 omuino
1415 1755 1609 1823 spernenda

339 1823 468 1949 reuolert.
497 1823 587 1887 Quod
617 1837 691 1877 vcro
722 1821 1037 1877 sancte-xosouont
1064 1821 1255 1888 intendebat,
1282 1837 1309 1876 a.
1340 1824 1424 1878 1808.
1455 1825 1608 1878 obtinuit

366 1909 418 1974 um
438 1893 520 1946 enim
539 1891 667 1946 ecclesia
692 1891 1045 1972 l’alachicoslloldavica
1070 1906 1152 1946 anno
1174 1893 1248 1946 itm
1274 1892 1457 1948 Russiacac
1480 1895 1608 1974 synodo

339 1965 478 2043 subrecta
507 1967 598 2026 essct,
629 1961 806 2016 Banulcslro
834 1975 902 2015 etus
930 1961 1065 2016 exarcha
1083 1969 1114 2014 et
1134 1961 1309 2016 membrum
1330 1976 1356 2015 a.
1376 1964 1511 2031 synoda
1540 1979 1609 2017 con·

340 2037 564 2154 εἴηῃωῗιιθῐεὶξιίι
584 2089 751 2171 Cebovskij
774 2099 975 2154 ecclesiarum
994 2105 1026 2155 at
1044 2098 1117 2153 cleri
1136 2112 1162 2154 a.
1184 2101 1356 2156 totto-1803
1371 2099 1407 2155 in
1429 2102 1605 2171 metropoli

339 2169 499 2226 Kiovicnsi
518 2169 736 2224 exsistentium
757 2169 933 2239 catalogum
953 2169 1110 2238 proponit.

451 2257 477 2310 V.
497 2255 656 2321 Pactolo:
682 2255 977 2326 Populiarnost‘
1006 2287 1030 2294 -
1059 2255 1343 2326 objazatel¹noe
1369 2255 1604 2312 kacevstvo

340 2325 555 2381 cerkovno'
577 2325 799 2394 propovedi
821 2333 877 2390 (tte
897 2325 1035 2380 claritate
1054 2333 1085 2380 et
1104 2325 1299 2395 simplicitate
1315 2340 1428 2380 sacrae
1442 2329 1604 2382 orationis

342 2395 528 2463 necessaria)
544 2341 598 2460 ll,
619 2397 764 2473 (iod-641.

447 2463 819 2530 accommodastis
840 2463 1300 2533 zaporoislnhkozalrov
1320 2479 1339 2516 v
1355 2472 1604 2520 vozstanos·

340 2533 430 2588 leuii
454 2533 772 2590 Ierusalimslrim
798 2532 1600 2607 patriarhomTheoianompraroslavnoj

341 2600 1602 2674 zapadno-russkojcerkovuojierarhiiv1620godu.(Partieipatio

340 2671 532 2727 kozalrorom
552 2671 584 2727 in
605 2672 811 2728 restauranda
831 2687 887 2740 per
907 2672 1116 2741 patriarcham
1137 2672 1261 2727 Hieros.
1282 2672 1471 2741 Theophan.
1494 2677 1602 2730 ortuo

340 2743 421 2796 doxa
441 2741 620 2796 occidentali
651 2741 836 2802 hierarchia)
856 2741 907 2804 Il,
926 2743 1072 2797 ata-650.
1093 2741 1170 2796 Cum
1190 2757 1216 2796 a.
1236 2743 1311 2797 1596.
1337 2748 1430 2796 metr.
1464 2744 1600 2800 Michael

341 2812 466 2880 Rogana
486 2812 524 2865 ad
545 2811 690 2866 unionem
712 2827 780 2866 cum
803 2811 837 2866 R.
858 2811 1009 2864 Pontifice
1029 2811 1121 2866 simul
1141 2827 1210 2866 cum
1230 2809 1299 2866 aliis
1326 2810 1496 2881 episcopis
1518 2815 1599 2869 redi·

340 2880 425 2946 isset,
451 2881 598 2949 paulatim
625 2881 769 2936 ellectum
791 2885 846 2946 est,
867 2886 902 2933 ut
920 2886 992 2948 post
1010 2883 1045 2936 20
1062 2896 1162 2936 anuos
1191 2881 1293 2936 solum
1321 2879 1501 2951 episcopus
1525 2885 1599 2939 Leo

340 2949 497 3020 politanus
512 2950 661 3005 Ieremias
682 2949 901 3020 Tessarovskij
922 2949 1083 3004 sclrismati
1102 2951 1293 3005 adhaereret
1312 2951 1351 3004 ht
1363 2965 1438 3004 cum
1463 2951 1599 3008 Polonis

341 3025 415 3073 tunc
443 3021 593 3088 temporis
623 3020 711 3074 bellis
737 3019 907 3142 delatifiata
932 3024 1017 3074 esset
1041 3035 1175 3089 cumque
1203 3019 1402 3074 Korakorum
1431 3023 1599 3078 exermtus

340 3097 529 3158 praepotens
549 3095 640 3154 esset,
660 3090 729 3144 ideo
751 3089 833 3144 Koza
859 3104 948 3142 orum
970 3089 1141 3158 praepositi
1160 3090 1199 3144 ad
1218 3096 1298 3159 patr.
1318 3088 1415 3154 Hier,
1436 3092 1497 3159 qui
1520 3102 1595 3148 tuuc

340 3158 492 3228 temporis
514 3158 688 3213 lloscoviae
709 3159 904 3223 versabatur,
924 3163 958 3211 ut
977 3159 1184 3214 orthodoxam
1206 3157 1412 3213 hierarchiam
1430 3168 1595 3217 restaura

340 3234 394 3294 ret,
416 3243 484 3282 sese
502 3228 708 3283 coutulerunt.
730 3229 846 3282 Eorum
877 3226 1043 3282 desideriis
1071 3228 1266 3283 satisfaciens
1286 3228 1503 3296 Theophanes
1525 3232 1595 3286 llio

340 3298 421 3352 viam
445 3297 529 3352 venit
552 3298 823 3367 orthodoxamque
850 3296 1056 3352 hierarchiam
1081 3298 1159 3352 clam
1187 3299 1253 3352 sine
1279 3296 1478 3354 Polouorurn
1506 3305 1593 3371 regis

340 3382 496 3422 consensu
507 3367 630 3422 creavit.
644 3368 709 3422 Rex
720 3365 905 3422 necessitate
915 3375 1040 3421 coactus
1050 3383 1075 3422 a.
1088 3369 1162 3422 1623.
1173 3366 1406 3422 nolens-voleus
1416 3373 1593 3426 consensit.

447 3455 475 3508 P.
497 3453 649 3520 Orlovalsb':
670 3453 849 3524 Kievskij
878 3455 1097 3522 cerkovnyj
1128 3454 1252 3510 Sobor
1281 3457 1347 3510 1629
1373 3456 1481 3522 goda
1508 3457 1593 3527 (Kio-

341 3522 458 3577 viensis
480 3523 622 3592 synodus
641 3538 666 3577 a.
687 3525 764 3587 1629)
786 3523 836 3590 ΙΙ.,
856 3525 1003 3579 651-658.

448 3593 592 3647 Polouiae
619 3607 672 3647 rex
694 3594 724 3646 Si
738 3593 918 3647 rismondus
938 3592 1006 3661 [ΙΙ.,
1025 3599 1059 3648 ut
1077 3593 1199 3648 animos
1218 3593 1404 3658 conciliaret,
1424 3596 1591 3662 synodum

340 3678 409 3717 cum
431 3663 589 3717 unitorum
606 3668 670 3716 tum
686 3611 935 3717 ‹ollioooxorum
953 3663 1111 3731 Leopoliru
1125 3664 1157 3717 in
1171 3663 1252 3718 diem
1266 3665 1308 3717 ⁸28,
1321 3664 1466 3718 octobris
1483 3668 1554 3722 1629
1566 3684 1589 3722 a.

340 3732 460 3786 indixit.
482 3733 520 3787 Ut
540 3732 662 3786 animos
682 3737 892 3812 praepararet,
912 3747 967 3786 rex
986 3732 1169 3787 convocavit
1186 3735 1228 3787 29.
1248 3732 1329 3787 Iunii
1349 3735 1460 3787 unitos
1476 3736 1510 3789 iu
1527 3737 1591 3792 Vla·

340 3801 443 3869 dimir,
463 3802 657 3856 orthodoxos
677 3800 829 3856 Kiovram.
859 3801 1007 3870 Synodus
1028 3801 1205 3857 Kiovieosis
1226 3803 1326 3856 solum
1346 3809 1505 3872 quattuor
1523 3807 1589 3862 dies

340 3871 467 3925 duravit
487 3869 669 3941 nullumque
688 3870 833 3925 ellectum
851 3877 1017 3926 consecuta
1036 3879 1091 3935 est,
1116 3887 1184 3926 cum
1207 3871 1405 3926 Kozakorum
1426 3875 1589 3930 exercitus

340 3945 374 3994 ut
394 3941 536 4008 synodus
556 3939 709 4006 finiretur,
730 3955 786 4008 per
805 3939 852 3994 las
873 3946 903 3995 et
920 3941 1009 3996 nefas
1028 3942 1209 4010 postularet

443 4009 476 4062 P.
495 4007 639 4074 Liaiclch':
658 4009 712 4063 Ob
738 4009 949 4064 iskusstvc
976 4011 1032 4076 (Dc
1050 4014 1129 4072 arte)
1150 4010 1219 4076 111,
1238 4013 1333 4065 8-40.

446 4077 576 4147 Linickij
606 4077 645 4132 de
671 4078 748 4132 artis
778 4079 1024 4147 proprietatibus
1050 4089 1081 4135 et
1106 4080 1169 4135 fine
1193 4079 1364 4150 inquirens
1393 4079 1585 4138 hodiernum

340 4145 407 4200 eius
428 4151 542 4200 statum
564 4147 713 4201 describit
726 4162 782 4202 nec
801 4163 863 4202 uon
883 4147 960 4202 artis
980 4149 1074 4204 sineru
1095 4165 1166 4204 eum
1186 4164 1256 4205 esse
1275 4149 1432 4204 statuit—
1446 4149 1481 4204 id
1502 4153 1584 4221 quod

341 4216 448 4270 turritis
467 4215 606 4270 defendit
626 4246 657 4256 -
679 4217 898 4288 :izmeudivuju
918 4223 1047 4273 atoronu
1068 4219 1147 4274 iizni
1167 4219 1313 4287 postavit'
1331 4234 1350 4273 v
1371 4219 1461 4288 svjaz
1490 4237 1507 4274 s
1527 4222 1585 4275 nei·

340 4286 517 4354 arricuuymi
536 4287 599 4356 J'eja
624 4285 774 4340 nadalami
788 4286 809 4341 ‘i
836 4287 1022 4355 predatavit‘
1043 4304 1062 4342 v
1081 4288 1163 4357 dulce
1189 4288 1252 4357 etih
1276 4288 1362 4343 nadal
1387 4290 1582 4354 (mutabilem

340 4355 419 4410 hauc
438 4357 533 4409 vitam
554 4357 585 4410 iu
605 4356 753 4410 relatione
772 4356 811 4410 ad
831 4356 1037 4412 immutabilia
1061 4357 1127 4412 cius
1154 4357 1305 4427 principia
1331 4372 1513 4427 proponere
1530 4376 1583 4414 nee

339 4440 401 4478 uon
421 4423 452 4479 in
473 4424 539 4479 luce
559 4426 670 4480 horum
692 4425 917 4495 principiorum
938 4441 1005 4480 eam
1027 4427 1247 4496 reproducere)
1267 4431 1310 4496 tp.
1328 4429 1383 4493 ⁸23).

341 4580 347 4591 Ι
448 4511 634 4592 A.Ellckoo3
660 4511 892 4592 'ilreoillalrt
924 4514 1118 4579 ltusanov,
1150 4513 1392 4583 anamenityj
1427 4515 1579 4586 russkij

338 4585 473 4650 rerarlc
517 4585 632 4650 epoht
670 4589 921 4662 imperatore
950 4583 1199 4639 Alelrsaudra
1230 4583 1281 4637 180
1315 4583 1579 4664 (Theophylactus

338 4650 654 4774 hullllltnlffi'lii
689 4653 1040 4776 lltt¹lttdt¹t⁰⁹⁰⁸
1075 4660 1216 4777 ‘impii
1246 4652 1501 4778 traleth
1515 4653 1578 4780 ¹1¹1¹···

565 4737 587 4790 p
681 4737 689 4789 ι
908 4730 1136 4788 aronemlcr.
1196 4737 1244 4777 av.
1343 4764 1350 4777 .
1560 4737 1612 4805 a*
