3450 5342
659 355 697 364 —
724 323 784 380 2⁴39
815 355 853 364 —

117 522 156 568 ut
186 509 267 571 libri.
299 513 348 587 qni
374 531 431 568 non
455 514 638 588 reperiuntur
662 513 693 570 in
716 533 828 570 canone
852 512 1079 583 l'alaestiuensi,
1106 511 1143 570 ah
1168 512 1384 570 Alexandrinis

118 597 254 658 Iudaeis
278 599 384 656 canolii
407 597 601 668 edicerentur,
625 599 711 656 lhcile
735 609 764 656 et
787 601 859 656 statis
884 599 1049 676 explicatur
1065 603 1200 676 sequenti
1223 599 1383 678 hypothesi

122 685 259 742 fundata
290 686 321 742 in
353 687 416 762 ipso
446 684 614 742 charactere
646 695 673 742 et
706 685 879 744 condicione
903 685 1078 744 ludaeorum
1104 686 1383 744 Alexandrinorum

121 771 219 830 Libri
244 772 373 848 religiosi
405 793 439 830 eo
463 783 592 850 tempore
623 783 706 830 erant
737 775 804 833 ruri.
852 772 954 830 ludaei
977 775 1032 850 ipsi
1065 775 1096 830 in
1118 775 1293 832 commercio
1316 793 1382 832 cunt

122 859 258 918 Graecis
282 858 422 916 vivebant
446 879 603 936 eorumque
628 859 830 936 philosophiae
860 879 979 938 operam
1008 858 1138 921 dabant:
1172 859 1249 918 unde
1272 863 1383 931 evenit,

122 955 160 1004 ut
187 967 248 1004 nou
278 957 338 1004 tarn
370 948 490 1021 rigorosi
521 955 620 1004 essent
650 947 679 1004 iu
712 945 933 1022 quaestionibus
957 947 1102 1022 religiosis
1125 967 1212 1024 quatu
1236 946 1381 1005 Palaesti-

124 1053 254 1106 nenses3
279 1045 430 1111 praeterea
447 1031 587 1090 carebant
603 1032 698 1090 solida
710 1035 834 1090 scientia
850 1033 926 1109 legis
941 1046 970 1090 et
982 1033 1196 1111 Prophetarum
1216 1053 1270 1091 nec
1285 1035 1382 1092 ornati

125 1131 220 1178 erant
243 1121 345 1178 critico
368 1119 486 1177 indicio.
519 1118 589 1176 ldeo
613 1121 713 1196 magni
734 1119 932 1178 aestimabant
961 1140 996 1178 eo
1019 1131 1149 1198 tempore
1179 1140 1276 1197 opera,
1306 1140 1382 1197 quae

125 1206 427 1282 religioso-moralem
452 1207 651 1265 characterem
667 1227 737 1284 prae
761 1227 791 1264 se
808 1206 943 1265 ferebant
966 1219 1055 1286 atque
1078 1209 1142 1264 sine
1157 1205 1247 1264 dubio
1263 1209 1382 1284 seriptis

126 1313 316 1371 paganorum
348 1293 412 1370 plns
444 1292 591 1351 calebant.
639 1293 701 1351 Hos
725 1292 815 1352 libros
838 1315 908 1352 vero
932 1293 1187 1370 religioso-morali
1211 1293 1382 1352 charactere

124 1383 309 1458 compositos
332 1400 349 1436 a
373 1383 522 1438 canonicis
553 1391 631 1438 certe
662 1401 720 1438 non
744 1401 781 1438 ex
805 1383 870 1458 ipsa
892 1379 987 1438 l'orma
1008 1378 1190 1456 distinguere
1213 1389 1378 1458 potuerunt,

127 1487 200 1524 cnm
224 1467 361 1524 viderent
384 1469 414 1524 in
434 1471 470 1524 iis
493 1469 642 1544 pietatem,
666 1470 811 1537 virtutem,
836 1469 1012 1546 sapientiam
1031 1465 1203 1526 ludaeorum
1227 1467 1381 1525 celebrari.

127 1555 237 1631 ltaque
267 1554 297 1612 hi
322 1553 390 1610 libri
421 1555 561 1632 paulatim
593 1556 732 1612 maiorem
756 1555 958 1612 auctoritatem
983 1553 1081 1632 adepti
1110 1554 1381 1612 anirnmerahautur
1431 1615 1437 1624 ,

127 1640 166 1698 ad
193 1640 284 1699 libros
307 1661 403 1700 sacros
420 1653 569 1718 tamqnam
593 1641 838 1718 supplementum.
860 1640 990 1718 [deoque
1013 1661 1071 1698 non
1092 1650 1138 1700 cst
1153 1639 1283 1712 dubium,
1307 1644 1380 1718 quin

126 1727 331 1786 Alexandrini
358 1731 496 1786 maiorem
521 1748 606 1804 quom
622 1727 859 1786 l'alaestinensea
874 1727 974 1786 ludaei
992 1729 1196 1786 auctoritatem
1212 1727 1296 1786 libris
1319 1748 1380 1786 non

127 1817 283 1872 canonicis
314 1815 499 1873 attribuerint
533 1827 561 1872 ct
593 1817 623 1872 in
655 1816 739 1890 praxi
764 1813 867 1872 eodem
892 1813 977 1871 modo
1000 1826 1089 1892 atque
1112 1817 1269 1872 canonicos
1292 1813 1378 1872 adhi-

128 1899 257 1963 buerint.
282 1902 359 1978 quod
383 1923 420 1960 ex
443 1904 508 1979 ipsa
531 1921 629 1958 eorum
656 1904 686 1958 iu
703 1903 825 1958 llraecis
842 1900 942 1957 bibliis
958 1900 1152 1978 dispositione
1167 1911 1257 1978 patet.
1279 1903 1378 1976 Quae-

129 1990 256 2046 stionem
281 1989 318 2046 dc
341 2010 454 2047 (anone
485 1990 606 2065 citraque
630 1990 819 2045 instensioue
844 1989 875 2044 in
898 2008 985 2045 sensu
1007 1991 1108 2045 stricte
1131 1987 1297 2064 dogmatico
1320 2007 1377 2046 nee

128 2074 280 2152 ponebant
304 2097 357 2134 nco
381 2073 560 2134 solvebant*
811 2137 814 2144 ,

235 2163 320 2220 Alius
344 2159 511 2240 auctor-¹3⁴)
534 2161 570 2218 de
586 2164 765 2238 ‹purtestione
789 2180 839 2218 cur
862 2159 929 2217 libri
954 2181 1013 2218 nen
1032 2162 1166 2218 cationis-i
1184 2162 1215 2218 in
1231 2181 1374 2218 canonem

127 2250 237 2326 recepti
263 2271 320 2307 non
344 2253 411 2314 sint,
435 2252 586 2327 scrprentia
609 2251 724 2306 statuit:
752 2245 852 2306 labri
870 2250 919 2325 qni
936 2251 967 2306 in
984 2245 1077 2304 biblia
1093 2247 1242 2305 Hebraica
1265 2250 1375 2325 recepti

129 2346 205 2405 sunt,
240 2336 355 2394 collecti
386 2348 469 2394 erant
500 2336 586 2412 paulo
617 2350 681 2413 post
705 2337 928 2413 captivitatem:
964 2345 1118 2412 propterea
1141 2355 1199 2392 uon
1223 2346 1290 2392 suut
1314 2334 1374 2404 alii,

129 2424 187 2478 nisi
211 2425 260 2500 qui
285 2427 345 2480 noti
371 2435 453 2481 erant
477 2443 568 2500 usque
592 2422 629 2479 ad
654 2421 724 2480 illtul
743 2435 866 2498 tempus.
889 2423 1069 2481 Posteriores
1088 2421 1121 2478 l'.
1137 2421 1172 2482 Τ,
1189 2419 1257 2478 libri
1273 2423 1374 2498 scripti

129 2519 195 2566 sunt
219 2509 332 2568 duobus
356 2511 403 2568 vel
427 2511 514 2567 etiam
547 2508 639 2567 trilnts
670 2508 795 2566 saeculis
819 2521 928 2586 postca,
962 2522 1025 2584 post
1050 2507 1174 2565 reditum
1198 2507 1375 2568 Iudaeorum

128 2615 166 2653 cx
189 2595 352 2676 Babylone.
377 2596 434 2654 seu
459 2595 513 2654 hac
539 2595 657 2673 periodo
680 2598 757 2653 iuter
781 2593 905 2654 ludaeos
929 2594 1169 2652 l‘alaestincnses
1193 2615 1279 2652 nemo
1302 2606 1376 2664 erat,

130 2685 177 2760 qni
201 2696 284 2742 tanta
308 2682 384 2761 apud
416 2684 554 2762 populum
578 2697 653 2740 esset
677 2681 742 2750 tide,
780 2691 810 2740 nt
834 2684 952 2758 propria
974 2693 1119 2758 potestate
1144 2680 1196 2738 hos
1219 2679 1309 2737 libros
1333 2681 1374 2738 ad

128 2772 238 2847 priores
261 2770 421 2848 adiungere
446 2781 551 2848 posset.
576 2769 663 2846 Apud
689 2768 841 2826 Hebraeos
865 2788 957 2844 nsque
981 2767 1018 2824 ad
1042 2769 1237 2824 Nativitatem
1261 2766 1285 2827 I.
1302 2767 1372 2828 Chr.

131 2855 250 2932 vigebat
273 2860 380 2935 opinio,
403 2858 481 2914 hunc
504 2857 550 2913 vel
576 2856 657 2914 illum
674 2855 780 2912 librum
799 2875 884 2932 posse
900 2853 1044 2911 declarari
1061 2875 1174 2912 sacrum
1191 2853 1374 2912 solummodo

131 2943 318 3021 repropinata,
353 2944 403 3003 sed
428 2943 585 3022 prophetas
610 2945 639 3000 in
664 2941 760 3000 medio
783 2963 834 3000 suo
859 2943 918 2998 iarn
941 2961 1000 2998 non
1023 2939 1170 2999 videmnt.
1215 2941 1374 2998 Praeterea

133 3032 313 3089 narrationes
343 3045 372 3090 et
402 3032 567 3089 sententiae
599 3033 630 3086 in
659 3029 705 3087 his
728 3027 812 3086 libris
835 3037 992 3086 contentae
1015 3030 1151 3104 quamvis
1179 3027 1238 3084 sint
1270 3026 1374 3086 landa-

130 3115 211 3186 biles,
227 3127 325 3176 tamen
339 3117 413 3176 adeo
430 3127 561 3175 recentes
575 3119 605 3174 in
622 3118 762 3174 memoria
778 3126 807 3173 ct
828 3116 1096 3192 repraesentatione
1112 3113 1210 3192 populi
1230 3114 1374 3172 llehraici

132 3214 211 3262 erant
234 3215 264 3262 nt
290 3204 427 3271 llebraei,
462 3206 570 3282 quippe
594 3205 800 3281 antiquitatem
825 3221 973 3260 sacrorum
1008 3221 1124 3259 suornm
1153 3203 1253 3276 niagni
1279 3202 1375 3258 lacere

133 3291 216 3362 soliti,
239 3293 270 3348 in
295 3292 341 3350 his
364 3313 422 3350 non
446 3295 545 3350 omnia
569 3289 704 3348 viderent
727 3293 836 3348 sacra*

236 3379 452 3454 Cognitionem,
487 3380 727 3456 propagationem
758 3385 788 3433 ot
810 3396 894 3434 nsum
917 3373 1058 3432 libroruin
1081 3394 1140 3431 non
1163 3377 1375 3431 canonicorum

133 3463 206 3542 apud
230 3465 353 3524 ludaeos
377 3477 430 3524 oto.
455 3467 484 3522 in
509 3467 660 3542 primaeva
683 3463 809 3520 ecclesia
833 3460 973 3520 adscribit
996 3461 1107 3518 Paulus
1131 3455 1373 3536 soknins-¹³⁵)

133 3550 322 3628 divulgationi
348 3555 491 3611 versionis
517 3552 617 3626 Lxx3
650 3551 725 3608 hanc
749 3557 845 3608 autem
871 3550 902 3605 in
925 3547 1049 3606 ecelesia
1080 3545 1226 3604 introduci
1250 3567 1374 3605 necesse

132 3637 191 3707 tuit,
224 3661 288 3698 cum
318 3643 350 3698 in
381 3643 477 3698 sinum
501 3639 643 3698 ecelesiae
674 3639 763 3695 etiam
794 3636 905 3693 ethnici
938 3636 1145 3712 reciperentur,
1180 3636 1288 3712 qnippe
1320 3635 1372 3710 qui

132 3725 278 3786 christiani
291 3747 329 3784 ex
345 3727 471 3785 ethnicis
486 3727 619 3784 conversi
636 3725 756 3798 linguae
774 3722 938 3780 llehraieae
956 3721 1050 3798 ignari
1066 3720 1241 3796 originalem
1257 3730 1373 3778 textum

133 3813 282 3872 bibliorum
307 3813 480 3889 intellegere
503 3833 562 3870 nou
585 3823 710 3889 possent.

234 3901 302 3960 l'na
337 3901 410 3958 mihi
445 3914 558 3978 praeter
581 3897 653 3956 hacc
676 3897 825 3955 mentione
860 3894 952 3972 digua
982 3914 1045 3950 esse
1080 3892 1197 3951 ridetur
1227 3895 1373 3971 (priscam,

135 3997 267 4064 quantam
291 4008 396 4066 nempe
419 3988 621 4045 anctoritatem
646 4006 663 4042 n
686 3982 966 4058 Norifl'l'estameuti
990 3979 1179 4058 scriptoribus
1202 3979 1286 4038 libris
1309 4001 1372 4038 uon

135 4077 277 4132 canonicis
300 4072 471 4132 attributum
494 4093 557 4130 csse
581 4083 721 4129 censeant
746 4071 832 4128 llnssi
855 4069 997 4146 theologi.

234 4162 320 4223 Alex.
338 4159 549 4238 Speronslrij
567 4155 622 4236 ¹³⁶)
646 4158 719 4216 haec
737 4157 851 4215 scribit:
880 4157 965 4234 „lpse
978 4153 1114 4212 Christus
1126 4157 1246 4230 eiusque
1258 4175 1281 4212 s.
1300 4173 1372 4230 apo-

136 4247 194 4304 stoli
217 4250 280 4305 sine
303 4247 391 4305 dubio
416 4257 558 4305 noverant
582 4243 670 4300 libros
695 4265 753 4302 non
774 4245 939 4314 canonicos,
963 4241 1039 4320 qnod
1063 4261 1100 4298 ex
1124 4240 1274 4298 nonrmllis
1290 4239 1372 4297 loru-

174 4417 210 4473 ¹³⁸)
231 4417 350 4479 Dagaer.
371 4415 476 4480 lstorija
491 4456 496 4466 .
511 4455 535 4466 ..
557 4433 582 4482 p.
601 4417 660 4465 271.

173 4485 209 4548 13”)
229 4485 335 4552 lstorija
356 4488 498 4554 rethores.
518 4483 625 4536 Pisanii.
646 4499 670 4548 p.
691 4486 723 4554 *ll
743 4485 771 4532 et
791 4495 849 4545 seq.

174 4555 210 4621 11Ίὸ)
231 4556 332 4621 Kratlij
351 4555 455 4608 istoric.
475 4555 565 4605 ocerlr.
584 4552 669 4622 llrist.
691 4554 731 4602 tu.
752 4553 816 4602 lasl
839 4565 866 4614 p.
885 4552 950 4600 395:
972 4550 1064 4611 „Carta
1083 4547 1102 4602 l.
1123 4546 1264 4612 hpncroca
1282 4559 1300 4599 n
1319 4545 1373 4598 Ero

229 4639 335 4679 cantus
359 4636 501 4680 anserum
527 4625 591 4676 (teth
616 4620 755 4676 conuiuia
780 4620 858 4671 6less
883 4630 1013 4670 anatome
1042 4629 1074 4668 Ch
1096 4628 1372 4668 tlcssauonttateltanti

182 4744 235 4787 slav.
250 4747 291 4788 rur.
305 4747 374 4788 neor.
1164 4719 1198 4771 1⁸
