3450 5342
832 461 984 517 ..g-

287 648 407 705 ritorum
439 646 494 703 hae
527 650 555 704 iu
580 668 610 705 re
634 668 722 725 opera
746 684 785 693 -«
809 670 884 729 (puae
908 662 1009 707 auctor
1037 671 1065 729 p.
1088 652 1111 711 I.
1134 662 1354 711 enumerat-
1377 651 1536 724 adornata,

286 732 404 791 adiecta
426 742 479 793 cst.

390 820 425 877 ln
451 818 666 881 introductione
697 838 798 885 auctor
827 822 863 881 de
895 824 1079 883 hierarchiae
1110 825 1328 884 ecclesiasticae
1356 829 1473 901 origine
1504 834 1536 882 et

285 904 453 965 evolutione
484 910 546 983 agit
577 922 615 985 tp.
642 912 767 988 1--24).
799 912 957 989 Supposita
987 909 1091 969 dirius
1114 915 1316 990 opiscoporum
1340 915 1533 971 institutione

284 994 415 1070 episcopi
446 994 483 1051 ab
508 996 635 1053 invicem
662 998 897 1077 independentes
919 1007 948 1055 et
973 1000 1050 1057 inter
1072 1018 1103 1056 se
1126 999 1265 1077 aequales
1288 1000 1407 1057 filerunt
1431 998 1534 1077 quoad

286 1081 347 1139 iure
372 1081 552 1159 episcopalia
574 1081 669 1161 (pl).
687 1086 896 1165 Depeudcutia
912 1106 983 1143 vero
993 1087 1081 1143 unius
1094 1084 1132 1143 ub
1149 1085 1223 1145 alios
1233 1086 1378 1145 ccundum
1397 1080 1438 1149 G.
1450 1107 1468 1143 e
1480 1088 1535 1143 tri-

285 1166 355 1244 plici
379 1180 527 1225 momento
550 1168 714 1231 derivanda
736 1185 789 1233 est:
817 1171 849 1246 n)
873 1171 911 1230 ab
935 1172 1106 1231 immediata
1122 1172 1303 1251 quorundam
1327 1176 1534 1253 episcoporum

286 1252 323 1311 ab
347 1254 487 1331 apostolis
512 1258 707 1329 institutiones
730 1264 763 1341 pt)
787 1259 824 1319 ab
847 1258 928 1317 urbis
950 1259 1127 1337 episcopalis
1149 1258 1308 1335 diguitateg
1332 1258 1364 1339 γ)
1385 1281 1404 1318 a
1426 1280 1534 1338 recep⁴

286 1342 375 1397 tionis
398 1342 552 1420 principio.
596 1346 784 1424 lteceptiouis
808 1348 984 1424 principium
1008 1348 1039 1404 iu
1063 1346 1118 1404 hoc
1139 1346 1327 1418 consistebat,
1349 1346 1429 1425 quod
1452 1367 1537 1405 eom-

286 1430 415 1484 muuitas
445 1427 607 1489 christiana
637 1454 758 1493 numero
781 1446 809 1492 et
833 1433 900 1491 aliis
923 1431 1009 1491 rebus
1032 1432 1161 1503 inferior,
1196 1435 1332 1493 instituta
1360 1443 1390 1492 et
1413 1438 1532 1512 praxim

286 1515 405 1572 maioris
428 1520 646 1577 communitatis
669 1528 833 1599 acceptans.
868 1541 902 1578 eo
925 1520 990 1597 ipso
1013 1540 1043 1577 se
1067 1519 1120 1577 sub
1143 1520 1223 1578 illius
1246 1520 1438 1579 directionem
1462 1520 1533 1578 suh-

284 1601 363 1658 iecit.
409 1600 488 1659 Huic
511 1608 671 1683 receptioni
695 1608 818 1667 multum
848 1610 881 1665 in
903 1606 1089 1665 hierarchiae
1112 1606 1329 1666 ecclesiastieae
1359 1607 1532 1665 evolutione

285 1686 386 1745 tribuit
411 1688 452 1765 (p.
478 1690 494 1745 i
520 1692 605 1769 sqql.

391 1775 569 1837 insecundo
592 1784 688 1857 eapite
712 1780 749 1840 de
768 1781 976 1840 ecclesiacticis
992 1778 1176 1837 districtibus
1192 1781 1328 1858 loquitur.
1349 1781 1532 1839 Praemissis

283 1862 375 1919 variis
399 1860 435 1919 dc
459 1862 640 1926 districtibus
657 1870 866 1927 ecelesiasticis
883 1868 1005 1926 theoriis
1018 1868 1236 1945 provinciarum
1251 1868 1384 1925 civilium
1400 1867 1530 1925 udmiui-

284 1949 454 2005 strationem
478 1948 628 2011 describit.
666 1954 942 2013 Administrationis
966 1973 1035 2011 vcro
1058 1954 1133 2011 ratio
1156 1975 1215 2011 nou
1238 1954 1394 2031 regebatur
1416 1955 1528 2030 regulis

284 2038 473 2113 systematiee
488 2036 701 2111 determinatis,
725 2041 776 2101 sed
799 2041 960 2101 secuudum
976 2042 1122 2098 variarum
1147 2042 1298 2117 regionum
1317 2040 1355 2099 ad
1372 2042 1529 2120 imperium

284 2120 450 2179 Romanum
481 2130 678 2187 uuuexiouem
707 2128 899 2187 evolvebatur
929 2131 970 2207 (p.
995 2130 1057 2204 31⁴9.
1105 2128 1199 2185 Immo
1221 2130 1296 2185 sicut
1318 2129 1350 2186 iu
1374 2131 1438 2205 ipsa
1460 2150 1531 2206 pro·

283 2209 447 2267 vinciamur
478 2208 625 2273 divisione
655 2225 734 2274 certa
765 2236 867 2273 norma
889 2235 948 2273 uon
979 2213 1158 2274 serrabatur.
1191 2214 1234 2273 ite
1263 2214 1529 2275 administrationis

285 2294 379 2351 forma
401 2298 485 2353 varia
508 2298 571 2358 fuit.
595 2302 681 2361 Alios
704 2304 783 2361 cuim
801 2303 970 2381 provincias
992 2312 1111 2359 senatus
1130 2300 1366 2368 administrabat,
1382 2302 1456 2360 elias
1472 2304 1527 2360 im-

282 2390 399 2459 perator
429 2382 482 2441 sub
506 2406 559 2445 sua
588 2387 751 2448 directione
774 2388 910 2451 habebat.
957 2389 1030 2446 Cum
1063 2397 1159 2446 autem
1183 2389 1339 2466 imperium
1363 2390 1526 2447 Romanum

282 2472 386 2544 gentes
418 2471 597 2547 reipublicae
628 2476 775 2535 subiectas
807 2475 966 2535 secuudum
996 2494 1091 2531 utores
1114 2494 1181 2533 suos
1212 2477 1314 2533 rivere
1337 2479 1527 2553 permitteret,

281 2554 312 2612 id
337 2576 393 2632 quo
418 2558 448 2614 iu
465 2562 591 2637 siugulis
616 2566 776 2641 provinciis
800 2566 830 2621 iu
853 2565 966 2621 unitate
990 2560 1224 2628 continebantur,
1241 2562 1384 2645 praefecti
1400 2563 1525 2619 ltomaui

284 2645 441 2701 auctoritas
466 2644 529 2704 l'uit.
552 2649 620 2709 llic.
644 2660 675 2708 ut
700 2652 857 2727 uuicuique
881 2652 926 2707 ius
949 2668 1032 2706 suum
1049 2646 1176 2705 tribuere
1198 2658 1305 2726 posset,
1328 2668 1382 2726 per
1401 2651 1527 2707 maiores

283 2730 454 2805 provinciae
483 2733 578 2804 urbes,
610 2758 667 2815 quo
684 2736 806 2815 populiis
829 2758 864 2795 cx
890 2737 1011 2812 regione
1026 2737 1190 2812 propinqua
1212 2734 1386 2805 confluebat,
1402 2737 1527 2815 circum-

280 2812 342 2873 ibat
366 2813 406 2894 (p.
431 2818 470 2875 36
496 2826 582 2900 sqq.).
619 2824 761 2883 ¹Alterum
801 2823 987 2884 clementum.
1017 2820 1095 2899 quod
1125 2824 1224 2879 varias
1247 2824 1383 2880 nationes
1406 2823 1438 2879 in
1460 2843 1527 2901 pro-

283 2903 384 2961 vincie
407 2906 584 2967 exsistentes
608 2912 639 2968 iu
662 2931 750 2969 uumu
775 2909 980 2985 coniungebat.
1014 2911 1223 2985 imperatomm
1246 2909 1343 2967 cultus
1373 2909 1527 2985 religiosus

284 2990 347 3045 luit.
393 2990 441 3048 Ab
466 2994 593 3072 Augusti
617 3017 723 3075 ucmpe
746 3006 877 3075 tempore
900 2997 1056 3053 societates
1079 2995 1235 3071 religiosae
1260 2998 1291 3054 iu
1314 2996 1456 3073 regalium
1480 3018 1527 3054 sa·

283 3073 434 3135 cerdotum
456 3081 611 3159 collegium
636 3084 870 3143 transformatae.
901 3092 932 3141 ut
955 3085 1163 3160 imperatorum
1185 3084 1295 3142 cultum
1320 3095 1526 3161 promoverent

282 3172 310 3217 et
341 3163 373 3219 iu
396 3165 458 3223 eius
480 3168 638 3229 violatores
661 3170 940 3229 animadverterent.
975 3169 1104 3227 cilicium
1134 3168 1190 3227 sibi
1214 3170 1450 3228 commendatum
1474 3170 1526 3227 ha·

279 3247 393 3307 ¹bebant
416 3255 510 3329 (pus
535 3252 619 3336 squ).
643 3257 802 3315 'Vinculum
825 3267 980 3315 externum
1005 3255 1108 3313 harum
1132 3259 1305 3315 societatum
1326 3257 1524 3333 Augustorum

281 3336 391 3414 templa
406 3338 523 3399 ‘fuerunt
546 3342 586 3421 (p.
603 3343 666 3419 att).
690 3344 804 3403 Harum
821 3355 919 3401 autem
942 3344 1115 3400 societatum
1138 3343 1247 3402 divisio
1263 3364 1355 3421 usque
1379 3343 1416 3401 ad
1436 3343 1525 3401 linem

280 3422 335 3484 III.
349 3427 458 3485 saeculi
483 3448 547 3487 cum
572 3433 789 3507 provinciarum
814 3431 947 3487 civilium
971 3427 1119 3487 divisione
1142 3452 1201 3489 non
1223 3430 1417 3490 coincidcbat.
1440 3433 1525 3509 isque

273 3519 373 3569 „status
397 3533 491 3573 rerum
522 3516 654 3589 durabat,
685 3518 779 3575 donec
803 3537 820 3573 a
845 3518 1031 3574 llioclctiauo
1062 3537 1138 3574 nova
1168 3518 1386 3595 provinciarum
1416 3517 1524 3576 divisio

282 3606 401 3675 peraeta
425 3611 469 3659 est
492 3598 532 3681 (p.
557 3606 618 3673 52).

387 3687 543 3766 Descripta
570 3690 640 3749 dein
663 3691 820 3769 multiplici
844 3692 1059 3768 provinciarum
1083 3692 1214 3748 situlum
1239 3689 1414 3749 evolutione.
1449 3710 1525 3769 quae

281 3790 299 3827 a
322 3770 418 3830 medio
443 3775 481 3832 ll.
505 3779 620 3835 saeculo
651 3778 747 3836 locum
770 3776 900 3835 habebat
922 3773 978 3856 (54
1001 3773 1086 3856 squ),
1121 3777 1159 3835 ad
1182 3776 1358 3852 metropoles
1388 3778 1526 3836 ecclesia-

281 3858 370 3915 sticas
393 3858 602 3922 describendas
624 3867 739 3922 transit.
784 3866 930 3922 Enarrata
953 3866 1171 3941 provinciarum
1194 3863 1363 3921 evolutione
1386 3863 1424 3921 ad
1447 3864 1523 3923 lrauc

280 3944 497 4004 conclusionem
529 3948 669 4010 devenit:
702 3953 871 4029 provincias
901 3952 1032 4027 singulas
1063 3952 1154 4007 trariis
1178 3951 1345 4008 constitisse
1379 3949 1524 4027 gentibus,

280 4048 355 4106 quae
379 4032 487 4108 lingua
524 4038 593 4100 iure,
628 4036 764 4110 moribus,
797 4039 875 4095 cultu
899 4036 1014 4097 etech
1039 4041 1167 4095 invicem
1199 4038 1319 4095 omniuo
1349 4036 1525 4095 differebant

278 4116 484 4198 internamque
516 4125 606 4181 ritant
633 4146 683 4201 per
710 4146 809 4183 earum
834 4128 865 4182 iu
889 4146 977 4183 tinam
1008 4127 1189 4202 provinciam
1219 4126 1455 4182 coniunctionem
1479 4127 1525 4181 iu-

279 4210 387 4261 tectam
404 4210 557 4271 mansisse.
574 4244 613 4251 —-
630 4211 718 4268 rerbo
741 4215 829 4269 etism
855 4211 986 4286 singulus
1010 4213 1178 4289 provincias
1201 4214 1231 4268 iu
1253 4211 1352 4288 plures
1368 4213 1524 4271 societates

281 4288 394 4349 divisas
418 4292 516 4354 luisse.

381 4379 474 4438 Hisce
498 4385 788 4462 suppositisarridet
812 4388 837 4441 ui
864 4386 1039 4463 hypothesis
1063 4385 1267 4462 metropolium
1298 4385 1524 4450 christianarum

277 4463 475 4525 evolutionem
509 4492 567 4528 uon
591 4472 722 4529 civilium
737 4475 955 4549 provinciarum
969 4473 1139 4538 evolutioui‚
1152 4471 1205 4529 sed
1217 4472 1333 4529 illarum
1351 4473 1523 4529 societatum

278 4550 438 4610 evolutioui
466 4557 651 4635 respondisse
675 4578 740 4615 cum
765 4580 857 4636 enque
881 4559 1057 4616 coincidisse
1081 4559 1120 4637 (p.
1138 4561 1177 4615 8⁶2
1202 4556 1288 4638 squ).
1312 4558 1347 4615 ld
1371 4556 1453 4636 quod¹
1469 4556 1525 4615 du-

277 4637 348 4714 plici
372 4642 524 4701 eoufirmut
550 4654 734 4718 argumento:
760 4667 815 4703 une
838 4668 877 4702 ex
900 4668 922 4703 s.
946 4647 1031 4703 Pauli
1057 4644 1220 4713 itineribus,
1243 4666 1366 4723 quorum
1390 4644 1523 4701 ordinem

279 4732 308 4781 ct
331 4726 551 4804 chronologiam
576 4731 736 4788 secundum
764 4734 891 4809 llamsay
916 4732 994 4792 l'l'he
1014 4733 1133 4789 illuuch
1157 4734 1188 4790 iu
1212 4733 1391 4790 thellomuu
1403 4732 1525 4807 llmpirc
