3450 5342
673 415 845 472 ..31-

139 602 176 659 ad
201 606 219 658 ‘l
245 605 312 660 (for.
336 606 364 670 ὃ,
388 607 415 659 3.
438 603 609 678 alligantur.
643 605 755 662 Contra
784 625 857 682 quos
888 604 1051 664 rationibus
1074 625 1091 662 e
1114 613 1205 673 textu,
1237 613 1385 676 contextu,

138 689 361 767 lexicographia
376 687 520 748 desumtis
535 689 670 749 vindicat
684 700 795 750 rectum
815 690 985 750 difficillimi
1009 692 1095 750 incisi
1119 711 1245 750 sensum.
1273 691 1386 763 ,Habi-

138 777 260 834 tationis
283 777 419 834 coelestis
441 778 560 835 nomine
583 779 758 856 exprimitur
777 780 941 854 ingonem,
963 787 1029 857 post
1052 777 1279 836 destructionem
1304 797 1386 836 secu-

138 877 235 921 turam
258 883 323 920 esse
347 862 559 922 habitationem
589 863 854 923 indestructibilem
886 863 925 943 (p.
950 867 1032 940 511)
1057 859 1182 944 Γυμνοί
1202 876 1246 922 est
1270 863 1385 942 praedi-

139 959 235 1008 catum
267 950 446 1008 characteris
476 953 596 1009 omnino
626 951 761 1010 moralis:
792 953 954 1030 percipitur
982 954 1012 1010 in
1036 972 1070 1010 eo
1099 951 1267 1010 sollicitudo
1297 951 1385 1010 facile

139 1039 302 1114 perspicua.
335 1057 370 1094 ne
394 1037 477 1099 forte.
508 1045 662 1116 postquam
685 1037 723 1096 ad
745 1038 950 1097 coelicolarum
975 1040 1123 1116 regionem
1155 1040 1385 1116 pervenerimus,

141 1123 238 1180 ethice
262 1122 331 1180 nudi
356 1125 552 1194 inveniamur,
574 1124 691 1202 indigni
715 1126 797 1183 stolis
820 1127 966 1184 aetemis“
993 1123 1033 1203 (p.
1057 1123 1141 1200 512).

245 1210 318 1268 [lom
343 1213 530 1288 ‹puocationes
553 1211 787 1287 eschatologicae
810 1210 992 1270 sublimitate
1015 1211 1173 1280 excellant,
1195 1213 1301 1269 mirum
1326 1233 1385 1270 nott

139 1311 182 1352 est
200 1295 351 1354 aliundare
368 1300 398 1354 iu
416 1299 470 1355 hoc
493 1308 666 1375 argumento
688 1300 854 1358 criticorum
879 1297 1058 1357 subtilitates
1074 1307 1103 1356 et
1118 1317 1239 1370 errores,
1263 1319 1385 1376 quorum

142 1385 292 1461 praecipui
317 1397 513 1443 recensentur.
549 1386 594 1442 lta
617 1387 680 1442 fuse
702 1388 860 1464 exponitur
895 1405 1013 1458 ,reeens
1045 1386 1224 1464 apostolicae
1252 1385 1385 1444 eschato·

139 1470 236 1542 legiae
259 1473 492 1548 interpretatio&
516 1471 675 1530 secundum
698 1493 787 1550 quam
810 1475 982 1531 resurrectio
1001 1481 1179 1530 inortnorum
1197 1483 1227 1530 et
1243 1471 1383 1530 iudicium

139 1556 331 1634 perficiuntur
365 1572 433 1615 ante
467 1560 573 1616 t'aeietn
610 1559 729 1616 Domini
766 1560 811 1631 (ἓν
841 1566 876 1640 τῇ
909 1559 1079 1638 παρουσίᾳ)
1115 1557 1284 1617 immediate
1322 1569 1385 1638 post

138 1656 263 1701 mortem
287 1660 313 1700 et
338 1645 457 1722 «pridem
481 1665 517 1703 ea
540 1648 604 1703 vioe
627 1645 841 1724 chronologica.
871 1666 930 1724 que
952 1656 1104 1704 terrestres
1129 1657 1245 1704 nostrae
1269 1645 1385 1704 habita-

139 1733 235 1788 tiones
265 1729 453 1789 ‹lestruuntur
484 1733 531 1809 (l‘.
567 1733 711 1792 Bronton:
741 1734 774 1792 P.
807 1734 855 1790 W.
889 1731 1077 1803 richmiedel).
1112 1731 1208 1809 Quam
1239 1733 1384 1792 theoriam

140 1816 358 1892 tllubokovskij
400 1820 472 1895 ipsis
514 1839 613 1876 eorum
644 1824 825 1893 argumentis
867 1822 1087 1898 scripturisticis
1118 1829 1145 1878 et
1175 1819 1386 1898 philosophicis

140 1916 219 1960 recte
242 1903 392 1962 adornatis
407 1904 502 1963 diluit.
530 1909 577 1975 ,rh
593 1906 703 1964 Paulus
717 1906 826 1986 ubique
844 1907 968 1966 refertur
984 1906 1020 1964 ad
1038 1904 1134 1964 ideam
1163 1908 1383 1983 »praesentiae«

141 1991 263 2050 t'bristi.
286 1995 356 2068 quia
378 1994 515 2070 principii
535 1995 679 2051 rationem
694 1993 784 2052 habet
801 2006 830 2052 et
841 1993 1030 2072 'fundamenti
1049 1995 1141 2050 instar
1157 2003 1200 2050 est
1219 1995 1250 2050 in
1267 1996 1385 2051 notione

145 2079 327 2154 »perusiae«.
359 2079 394 2135 ln
418 2100 453 2136 ea
475 2100 545 2137 vero
570 2080 679 2138 Paulus
701 2101 760 2138 non
784 2083 869 2152 sistit
893 2079 943 2138 sed
968 2081 1062 2156 logice
1085 2100 1122 2136 ex
1146 2099 1182 2137 ea
1204 2089 1384 2138 momentum

141 2164 229 2222 realis
256 2164 436 2224 »adventus«
464 2167 586 2224 Domini
609 2165 734 2227 deducit.
761 2167 910 2226 lladicalis
934 2167 1084 2226 criticismi
1110 2187 1189 2225 error
1212 2177 1257 2223 est
1273 2166 1385 2224 ordinis

141 2253 288 2309 inversio:
318 2253 447 2310 assolent
478 2256 604 2331 primum
619 2252 776 2312 ‘extollere
811 2253 1017 2313 secundarium
1041 2265 1070 2312 et
1093 2275 1127 2310 eo
1151 2256 1215 2332 ipso
1238 2274 1256 2311 a
1278 2255 1386 2332 princi-

141 2340 242 2414 piante
267 2339 339 2396 illud
362 2339 531 2398 divellere*
559 2349 599 2418 tp.
613 2342 696 2416 548.)
724 2342 997 2420 Oppouuntetiam,
1017 2343 1168 2418 perusiam
1193 2339 1289 2398 studio
1313 2342 1385 2398 recti

140 2423 265 2502 bonitpti
287 2426 390 2483 obesse
421 2426 603 2502 (Pfleidcrer,
627 2427 666 2485 H.
690 2428 712 2488 I.
736 2425 945 2508 Holtzmannl:
977 2430 1066 2504 attpti.
1096 2426 1253 2506 respondet
1276 2425 1387 2486 Glubo-

141 2510 270 2586 lrovskij,
300 2517 468 2590 praesentia
491 2514 603 2572 Christi
625 2517 657 2572 in
680 2515 726 2574 his
748 2518 834 2574 terris
866 2536 923 2574 non
955 2525 998 2573 est
1027 2515 1201 2591 simpliciter
1232 2513 1386 2591 impletive

141 2596 192 2655 sed
222 2602 369 2673 exigitisa
397 2603 486 2658 etiam
516 2600 585 2658 honi
616 2604 712 2679 operis
734 2613 763 2660 et
785 2602 877 2661 studii
900 2601 990 2660 ethici
1022 2600 1112 2676 (Phil.
1135 2604 1163 2665 4,
1188 2603 1214 2658 5
1240 2597 1280 2679 8.)
1310 2602 1386 2659 Item

141 2683 268 2742 obiectio
284 2686 409 2744 Paulum
425 2691 666 2747 resurrectionem
682 2690 845 2767 aliquorum
862 2698 977 2748 tantum
992 2687 1134 2751 docuisse,
1158 2688 1388 2746 immortalitatis

141 2793 259 2850 quoque
290 2773 480 2833 facultativae
515 2781 634 2853 (posse
669 2797 727 2835 non
761 2773 871 2855 mori“)
906 2775 1080 2854 hypothesis
1115 2774 1151 2832 de
1187 2773 1388 2852 peccatoribus

140 2859 346 2918 annihilandis
369 2874 397 2918 et
419 2865 677 2941 interpretationes
700 2864 883 2922 chiliasticae
910 2861 1085 2921 indicentur.
1110 2861 1277 2936 Qualitetes
1294 2881 1388 2920 resus-

142 2949 297 3004 citatorum
329 2947 407 3025 tptttd
438 2952 543 3007 attinet
574 2971 639 3008 cum
670 2949 746 3010 Rud.
775 2949 905 3029 Cornely
937 2957 1034 3008 tuctur
1051 2943 1106 3011 (Η.
1130 2948 1284 3026 physicam
1309 2950 1389 3006 coni·

140 3035 311 3092 unctionem
341 3037 504 3093 resuscitati
536 3057 601 3094 eunt
632 3047 744 3095 mortuo
775 3036 852 3114 apud
882 3035 1055 3114 Apostolum
1087 3034 1277 3112 comprobari.
1322 3034 1390 3111 Qua

141 3121 269 3199 physica
301 3123 506 3180 coniunctione
541 3122 706 3181 excluditur
739 3124 907 3202 explicatio,
943 3143 1001 3202 qua
1036 3126 1130 3203 σῶμα
1161 3125 1322 3200 accipietur
1353 3121 1389 3180 de

143 3208 238 3265 ferma
268 3210 452 3269 existentiae.
483 3213 578 3286 prouti
609 3229 686 3268 nnnc
718 3211 827 3268 relucet
859 3212 890 3268 in
914 3229 1033 3288 corpore
1056 3209 1166 3267 carnali
1195 3244 1231 3250 —
1257 3208 1335 3286 quod
1358 3211 1389 3266 in

144 3296 241 3351 tuturo
263 3295 380 3353 saeculo
404 3316 462 3353 non
486 3295 624 3355 subsistet
647 3296 747 3373 (Ferd.
763 3297 873 3356 Christ.
897 3297 996 3374 Baur),
1019 3307 1080 3354 tum
1104 3299 1234 3374 acceptio
1258 3294 1388 3354 eiusdem

142 3383 262 3438 termini
285 3380 322 3438 tle
346 3385 442 3458 specie
466 3383 617 3461 corporali,
647 3386 735 3456 omni,
766 3404 853 3463 quam
886 3403 963 3442 nunc
990 3381 1088 3444 habet.
1120 3383 1390 3461 comprehensione,

142 3487 238 3525 vacua
261 3469 349 3546 (Aug.
371 3466 526 3550 Sabatier),
550 3480 610 3528 tum
633 3470 868 3550 photographica
890 3471 1089 3548 repristinatio
1112 3489 1165 3547 per
1187 3490 1219 3528 os
1242 3467 1388 3547 quoddam

144 3559 194 3637 ll:
219 3553 375 3624 residuum,
406 3567 437 3614 ut
468 3556 525 3614 Ed.
551 3558 642 3614 Reuss
672 3568 738 3634 post
767 3557 907 3616 rabbinos
938 3555 990 3616 sed
1020 3567 1122 3614 contra
1154 3577 1271 3615 sensum
1304 3555 1388 3614 Pauli

145 3645 317 3700 autumavit.
346 3647 392 3700 m'.
418 3645 525 3700 Paulus
548 3652 640 3701 totum
663 3643 777 3702 reducit
800 3643 838 3703 ad
861 3644 1043 3702 voluntatem
1068 3643 1202 3702 divinam
1226 3643 1389 3700 absolutam

145 3738 175 3785 et
204 3728 453 3806 independentem
537 3750 631 3809 neque
662 3730 706 3789 fas
737 3741 781 3791 est
811 3730 989 3790 contendere
1021 3731 1203 3790 materialem
1235 3750 1391 3790 conserva-

144 3817 255 3874 tionem
280 3814 528 3874 individualitatis
552 3828 668 3876 nostrae
691 3820 886 3878 necessariam
919 3839 991 3883 esse,
1021 3825 1052 3875 ut
1076 3821 1244 3896 regenerari
1268 3819 1385 3896 possit*

145 3923 172 3978 p,
197 3903 267 3959 640.
294 3902 483 3962 Elementum
506 3904 660 3982 physicum
684 3907 739 3964 erit
762 3904 919 3982 analogum
943 3915 1066 3975 terreno,
1091 3925 1128 3963 ex
1161 3925 1217 3982 quo
1241 3924 1306 3963 cum
1331 3925 1389 3964 uott

145 4002 295 4047 excrescat
327 3991 507 4053 naturaliter.
538 3993 691 4050 renovatio
719 3991 897 4051 miraculosa
927 4011 991 4050 esse
1022 3991 1194 4057 ostenditur,
1225 4011 1299 4069 quae
1332 4011 1390 4048 non

145 4072 258 4152 indiget
283 4077 426 4134 materiali
451 4078 579 4136 caducae
601 4077 794 4138 habitationis
817 4080 1042 4138 conservatione
1065 4075 1107 4158 (p.
1131 4079 1213 4156 641).

249 4163 461 4241 Quodcumque
477 4165 695 4243 eschatalogiae
710 4175 798 4245 caput
812 4164 1021 4235 consideretur,
1045 4164 1156 4243 duplex
1171 4164 1279 4242 ubique
1296 4165 1391 4222 elucet

145 4248 266 4320 grandis
298 4252 375 4308 inter
404 4251 530 4310 Paulum
561 4261 589 4310 et
620 4252 760 4312 rabbinos
790 4252 975 4310 differentia:
1008 4252 1228 4328 eschatologiee¹
1255 4253 1391 4330 Apostoli

147 4339 263 4413 propria
279 4351 346 4394 sunt
373 4342 399 4394 1.
427 4336 579 4397 „sublimis
596 4339 748 4398 character
770 4340 894 4412 ethicus,
919 4341 969 4417 qui
994 4359 1011 4396 a
1034 4337 1166 4416 qualibet
1189 4338 1391 4397 materialismi

147 4423 324 4480 t'ormalitate
348 4427 378 4482 in
402 4445 539 4503 processu
561 4428 782 4486 resurrectionis
805 4424 1002 4486 describendo
1027 4426 1141 4484 alienus
1164 4435 1208 4484 est
1231 4434 1261 4483 et
1285 4427 1312 4487 2,
1331 4445 1394 4483 rea-

147 4511 249 4567 liemus
285 4514 441 4573 animatus.
481 4515 532 4590 qui
567 4533 725 4591 numquam
759 4516 791 4571 in
824 4512 993 4572 abstrusum
1027 4511 1270 4590 spiritualismum
1311 4511 1390 4570 abit*

147 4601 154 4657 l
180 4646 184 4655 .
211 4597 294 4656 ssddt.

158 4618 177 4672 p
250 4670 355 4762 t'apite
381 4685 432 4743 l'l.
456 4681 661 4764 (etr-815).
684 4685 820 4764 Apostoli
844 4684 1010 4744 doctrinam
1035 4683 1071 4742 de
1088 4684 1202 4762 angelis
1224 4695 1252 4742 et
1277 4683 1395 4743 daemo-
