3450 5342
664 363 699 372 —
727 332 787 386 ‘237
815 333 868 372 --'

121 519 219 576 huius
242 522 369 576 auctoris
392 522 560 598 opinionem
585 541 649 577 (san.
666 525 724 576 lor
749 541 829 578 (tenc.
852 519 989 578 'l'rullani
1014 522 1167 595 ‹oar-2)
1192 517 1283 596 (qued
1306 519 1381 576 cele-

122 605 246 663 bratum
279 615 340 663 terat
372 620 489 664 centum
525 609 611 664 artinis
644 617 709 684 post
741 619 863 664 mortem
896 607 1068 681 Nestentaet
1100 606 1228 683 loquitur
1256 605 1293 662 de
1326 604 1382 666 hec

122 701 301 772 systemate,
333 696 402 770 quia
425 695 575 752 severitati
609 693 785 771 disciplinae
818 696 978 750 ‹eaiienicae
1003 692 1169 772 (ἀκρίβεια)
1204 694 1326 770 opponit
1351 701 1379 749 et

122 779 318 838 commendat
341 779 582 838 consuetudinem
607 793 634 837 et
658 782 774 857 praxim
799 781 940 837 leniorem
965 779 1149 858 (συνήθεια).

237 883 424 942 Contrarium
447 894 547 942 tamen
570 883 681 962 absque
705 883 882 942 difficultate
905 885 1060 943 evincitur.

243 989 396 1066 imprimis,
420 991 442 1046 si
470 991 499 1046 in
523 1010 587 1048 can.
614 985 693 1046 102⁰
715 1010 795 1050 conc.
815 989 951 1046 'l'rullani
975 1009 1070 1046 sermo
1094 998 1171 1045 esset
1194 987 1231 1044 de
1256 1009 1378 1045 censue-

124 1074 234 1134 tudine
251 1087 280 1132 et
295 1078 389 1153 praxi,
413 1095 501 1153 «priam
517 1074 640 1134 exbibet
664 1095 846 1134 nemecaeen
872 1076 993 1134 loannis
1016 1077 1185 1144 Nesteutae,
1210 1077 1377 1132 necessario

125 1165 160 1220 in
185 1182 250 1219 cari.
268 1157 305 1219 2⁰
329 1163 459 1221 eiusdem
484 1163 600 1220 coecilii
625 1165 764 1240 seriptum
789 1163 966 1220 Ieiunateris
990 1173 1141 1239 tamquam
1163 1181 1267 1218 norma
1289 1160 1378 1219 disei-

124 1251 230 1327 plinae
263 1249 481 1307 ecclesiasticae
514 1249 704 1308 indicandum
729 1259 800 1307 erat.
827 1251 860 1306 ln
884 1250 940 1306 hec
963 1250 1043 1307 enim
1073 1268 1194 1318 canone,
1225 1249 1277 1326 qui
1299 1248 1377 1306 nihil

126 1336 213 1394 aliud
236 1347 287 1408 est,
319 1356 407 1414 quam
438 1336 603 1394 coditicatio
638 1339 707 1394 iuris
738 1339 901 1394 eemrnunis
932 1336 1074 1394 ecclesiae
1105 1335 1265 1406 orientalis,
1298 1334 1376 1412 qued

125 1432 200 1482 tune
223 1425 362 1500 temporis
385 1422 514 1499 vigebat,
548 1435 756 1481 enumerantur
779 1425 878 1482 erunia
905 1423 1031 1481 concilia
1060 1421 1212 1498 generalia
1234 1432 1263 1478 et
1287 1424 1377 1498 parti-

126 1510 250 1577 cularia,
280 1530 408 1568 canones
433 1510 597 1588 Apostolici
632 1521 661 1568 et
684 1531 785 1568 omnes
817 1510 960 1588 epistolae
990 1512 1149 1567 canonicae
1173 1509 1303 1572 Patrem,
1337 1543 1375 1550 -

127 1599 231 1675 scripti
248 1605 345 1654 antem
359 1597 543 1674 patriarchae
556 1598 677 1656 Ioannis
688 1595 850 1656 Nesteutae
868 1597 949 1654 nulla
962 1598 993 1653 tit
1006 1598 1124 1656 mentio.
1148 1596 1275 1652 Etiamsi
1289 1597 1379 1670 igitur

126 1705 231 1742 verum
255 1697 340 1750 esset,
364 1687 471 1742 inean.
488 1688 546 1742 loa
572 1684 801 1743 cene'l'rullaei
825 1704 988 1742 sermenem
1013 1682 1050 1740 de
1062 1681 1174 1760 duplici
1197 1703 1299 1740 norma
1315 1683 1377 1739 scil.

127 1774 276 1830 severiore
301 1771 465 1851 (ἀκρίβεια)
490 1783 518 1829 et
542 1772 661 1832 leniore.
685 1792 760 1848 qnae
784 1769 1070 1828 inconsuetudinem
1094 1771 1176 1827 veuit
1200 1766 1376 1849 (συνήθεια)

130 1893 168 1900 —-
193 1857 269 1916 nihil
292 1858 401 1916 exinde
424 1861 589 1935 argumenti
612 1879 664 1936 pre
686 1860 845 1916 existentia
861 1857 1242 1915 nemeeanenisNasteetae
1262 1855 1376 1913 desumi

127 1954 228 2022 posset
241 1979 278 1986 -
294 1947 382 2002 imme
395 1949 487 2003 maier
499 1945 660 2004 difficultas
672 1945 819 2004 eraderet.
840 1949 1017 2021 Sequereter
1028 1945 1107 2000 enim
1122 1945 1222 2020 gravis
1234 1945 1376 2020 quaestio,

127 2051 179 2089 cnr
191 2032 348 2089 concilium
358 2031 531 2090 'ltullanurn
546 2032 707 2110 approbata
719 2031 938 2090 consuetudine.
952 2051 1038 2108 quma
1050 2029 1172 2087 exhibet
1183 2048 1377 2102 nemeaeum,

128 2121 223 2196 ipsum
249 2138 477 2176 nemocanouem
503 2141 561 2177 een
585 2118 815 2196 approbaverit?

236 2223 378 2280 Attamen
401 2256 444 2264 —
467 2243 504 2280 ex
534 2236 673 2280 contextu
703 2225 842 2300 sequitur,
875 2225 905 2280 in
935 2242 998 2282 ean.
1034 2225 1101 2278 102.
1132 2240 1212 2282 crine,
1235 2221 1371 2278 'l'rellani

127 2309 277 2388 nereidem
294 2329 354 2382 neti
371 2330 454 2385 pesse
471 2311 637 2383 significare
661 2308 902 2367 consuetudinem
927 2319 1076 2386 tamquam
1094 2307 1223 2384 aliquam
1242 2327 1374 2365 normam

128 2397 291 2472 oppositam
315 2395 490 2472 disciplinae
514 2398 681 2454 canonicae.
708 2395 812 2453 l'erbis
836 2398 935 2453 etrite:
959 2394 1122 2474 ‹topia-911
1145 2395 1245 2454 mone
1260 2394 1373 2454 εἰδέναι

126 2483 210 2560 ἡμᾶς
241 2483 289 2541 oet
308 2483 343 2542 tri
363 2505 394 2542 ts
416 2483 574 2562 ἀκριβείας
597 2483 632 2543 αἱ
656 2507 686 2542 te
709 2483 875 2562 συνηθείας
904 2515 945 2524 -
973 2502 1048 2558 qemi
1080 2480 1169 2537 verbe
1198 2481 1372 2557 deprompta

126 2580 193 2626 sent
224 2589 262 2626 ex
292 2589 354 2627 can.
387 2572 414 2628 :t
446 2593 467 2628 s.
493 2570 596 2628 llasilii
629 2605 669 2612 -
701 2590 795 2647 neque
830 2569 986 2626 concilium
1020 2567 1195 2625 'tristanum
1230 2588 1324 2644 neque
1349 2589 1371 2624 s.

130 2656 257 2713 Basilius
286 2655 444 2734 loquentur
467 2656 503 2714 de
527 2657 637 2734 duplici
668 2655 826 2733 disciplina
857 2676 961 2712 sei-*era
985 2687 1017 2696 -—
1049 2656 1191 2711 ‹tationica
1279 2664 1309 2710 et
1332 2653 1373 2709 le·

130 2744 218 2813 ntore,
242 2763 316 2821 equae
339 2744 370 2800 in
395 2743 635 2802 consuetudinem
660 2745 742 2800 uenit
769 2775 806 2786 -
825 2741 877 2800 sed
901 2743 1059 2818 lequuntur
1074 2741 1110 2797 de
1128 2739 1240 2797 duobus
1264 2742 1373 2816 prinei-

129 2831 192 2906 piis,
227 2849 301 2906 quae
335 2831 433 2906 qtrivis
467 2830 557 2887 index
592 2833 665 2887 sciet
699 2840 820 2907 opertet,
856 2832 886 2885 ie
918 2827 1102 2905 applicandis
1137 2826 1245 2902 regulis
1280 2829 1372 2903 ipsius

130 2915 213 2973 huius
237 2915 413 2993 disciplinae
445 2919 611 2976 canonicae.
644 2921 752 2974 Sensus
778 2936 884 2992 iretnpe
908 2914 1061 2972 verbennu
1094 2913 1177 2970 reddi
1208 2926 1303 2990 potest
1326 2935 1373 2971 se·

129 3005 228 3080 quenti
252 3001 358 3060 mede:
383 3005 463 3062 h'cire
499 3025 552 3061 nes
583 3013 704 3080 eportet,
732 3023 807 3080 quim
832 3003 1025 3080 requirantur,
1054 3011 1083 3057 ut
1108 2999 1188 3076 leges
1211 3003 1372 3058 canonicae

128 3109 190 3146 curn
214 3092 293 3147 omni
318 3093 475 3148 severitate
506 3091 647 3168 applicari
679 3093 811 3168 possint:
841 3088 928 3146 simul
959 3098 1060 3144 trieren
1090 3089 1217 3145 sciamus
1249 3099 1371 3163 opertet,

129 3195 200 3253 quae
224 3177 284 3234 siet
307 3189 482 3235 excusantes
506 3180 751 3246 circumstantiae,
783 3175 890 3254 quibes
922 3177 1026 3253 positis
1050 3194 1068 3230 a
1090 3175 1248 3230 severitate
1272 3174 1372 3248 legum

131 3262 263 3320 recedere
287 3263 390 3322 deceat
413 3275 442 3320 et
464 3265 571 3326 liceat:
604 3265 805 3343 συνήθεια
831 3265 920 3338 igitur
950 3262 1098 3335 signifieat
1121 3261 1176 3317 bec
1206 3260 1268 3316 lece
1292 3259 1371 3316 idem

130 3349 195 3418 fere,
219 3349 297 3427 (qued
320 3351 500 3430 argentillam
526 3351 573 3408 rel
597 3351 819 3429 φιλανθρωπία
841 3351 904 3426 (cfr.
930 3353 1070 3418 sinerer,
1097 3347 1208 3424 l'opres
1231 3370 1247 3404 o
1271 3367 1373 3405 nonre-

128 3435 242 3494 lenone
265 3438 306 3494 Io.
329 3437 474 3496 Postnika
498 3471 538 3480 -
564 3460 589 3515 p.
616 3441 653 3494 lb
678 3439 881 3508 -t,1niuime
901 3432 1369 3494 rereconsuetudinemdenotat.

233 3540 319 3616 Quod
344 3562 409 3599 cum
425 3543 467 3598 ita
479 3544 525 3612 sit,
549 3545 680 3620 sequitur
702 3541 771 3598 inde
796 3549 1103 3615 grttreargumentem
1127 3541 1371 3597 eontraexisten-

131 3630 197 3685 tiam
221 3636 250 3685 et
273 3637 375 3686 centra
397 3631 542 3701 originem
566 3630 775 3687 nomocauonis
801 3629 920 3685 loannis
937 3628 1097 3684 Nesteutae
1121 3636 1189 3683 ante
1212 3626 1370 3683 concilium

130 3714 309 3774 Trullanum.
340 3716 425 3784 Nam,
456 3718 542 3774 sicuti
564 3736 659 3773 canen
693 3718 762 3772 rer.
787 3716 873 3772 linies
896 3714 1014 3772 concilii
1039 3713 1228 3783 demonstret,
1252 3713 1371 3788 regulae

131 3803 285 3858 canonicae
309 3813 474 3878 spectantes
498 3802 686 3880 disciplinam
710 3802 952 3880 poenitentialem
976 3801 1027 3858 ille
1050 3809 1181 3878 tempore
1204 3811 1266 3858 teta
1288 3802 1317 3855 vi
1342 3808 1373 3856 et

131 3886 305 3962 obligatione
329 3887 477 3948 valebant.
501 3891 537 3950 Iu
557 3909 755 3948 neumneneue
779 3901 877 3946 autem
896 3889 1056 3946 Nestaetae
1080 3886 1204 3945 liabetur
1228 3899 1372 3965 systema-

131 3977 185 4032 tica
206 3983 236 4032 et
259 3977 378 4033 omnino
401 3975 557 4034 arbitraria
588 3975 770 4034 abbreviatio
795 3977 935 4053 temperis
959 3977 1166 4052 poenitentiae.

234 4079 357 4156 Insuper
389 4113 427 4120 -
461 4099 551 4156 usque
583 4077 620 4136 ad
644 4079 800 4136 concilium
826 4079 1002 4135 'l'rellanem
1025 4091 1110 4154 prout
1140 4097 1177 4133 ex
1210 4093 1371 4133 nietnerato

130 4185 236 4222 canone
259 4175 349 4242 patet,
384 4164 502 4222 valebat
526 4167 712 4242 principium,
736 4164 898 4222 secuudum
923 4163 1001 4241 qued
1033 4162 1214 4220 solummodo
1246 4166 1277 4220 in
1300 4183 1372 4220 casu

131 4251 260 4327 specialis
283 4253 468 4310 contritionis
491 4252 586 4310 cordis
610 4263 638 4308 et
662 4251 763 4308 habite
787 4263 921 4330 respectu
945 4251 982 4307 ad
1002 4251 1076 4308 aliats
1100 4271 1202 4307 cieuses
1226 4265 1372 4307 excusarr-

130 4350 169 4394 tes
190 4347 340 4414 peccatem
357 4341 544 4416 poenitentis,
568 4340 651 4396 licuit
668 4337 818 4396 discedere
843 4359 860 4394 a
877 4357 979 4394 norma
1002 4336 1177 4413 disciplinae
1201 4337 1370 4394 eanonicae.

129 4424 165 4483 In
184 4445 382 4483 nomocanone
406 4436 503 4482 etitem
520 4426 680 4482 Nesteetae
704 4425 823 4481 omniuo
848 4424 997 4482 diversum
1022 4425 1197 4500 principium
1222 4441 1371 4478 cominen-

130 4510 215 4572 datur.
248 4513 337 4570 Pater
360 4513 520 4591 spiritualis
544 4513 657 4589 (patuerit
683 4510 721 4567 ibi
748 4511 957 4568 confitentem:-
985 4510 1052 4571 Fili,
1076 4508 1192 4586 qualem
1217 4509 1371 4584 poeniteu-

131 4599 193 4654 tiam
218 4613 299 4676 potes
323 4601 464 4658 serrare?
490 4635 527 4640 --
555 4600 599 4654 lle
624 4601 650 4654 vi
677 4599 767 4672 igitur
790 4610 818 4653 et
843 4596 1024 4672 obligatione
1048 4615 1191 4653 carronum
1216 4595 1370 4670 poeniten-

176 4730 231 4772 Slav.
247 4731 287 4772 titt.
301 4731 369 4774 theol.
1166 4712 1197 4762 15
