3450 5342
663 472 706 480 —
733 442 792 496 ltttt
816 470 857 481 --

133 626 292 685 nabilitate
323 637 559 702 argumentorum
591 648 667 706 quae
697 627 839 685 divisioni
869 639 1054 706 praetextum
1086 628 1254 707 praebuere,
1298 631 1385 689 simul

131 733 202 772 cum
224 714 388 771 universali
411 712 587 792 ardentique
609 723 678 773 voto
701 730 741 784 aa
763 734 822 773 uuo
841 715 972 773 alterove
996 714 1090 787 modo,
1114 718 1300 774 tristissimae
1317 716 1387 775 huic

132 798 278 859 divisioni
301 800 371 859 finis
394 803 570 879 imponatur.
593 802 684 859 Faxit
707 802 808 859 liene!

751 940 772 997 Ι.

337 1044 634 1103 chuiuumh'icaeui
658 1044 787 1103 Concilii
809 1043 846 1103 de
869 1043 1017 1103 Paschate
1041 1044 1188 1105 decretum

517 1144 658 1209 quantum
682 1150 859 1208 cognoscere
883 1133 1007 1193 intersit.

243 1235 311 1293 Non
334 1234 425 1293 semel
447 1246 561 1293 tantum
585 1238 749 1313 scriptores,
786 1237 837 1313 qui
861 1237 1014 1293 materiam
1038 1233 1075 1293 de
1103 1239 1161 1313 quis
1185 1237 1299 1313 agimus
1322 1257 1387 1313 per-

135 1322 315 1388 tractabant,
338 1320 375 1379 de
398 1323 556 1379 amissione
572 1322 698 1381 Nicaeni
721 1322 758 1380 de
774 1322 920 1379 Paschate
945 1321 1053 1379 decreti
1078 1323 1226 1401 querelam
1250 1344 1385 1397 movere3
1454 1362 1458 1369 ·
1559 1348 1563 1357 ·

136 1430 176 1469 eo
199 1408 277 1487 quod
299 1429 336 1467 ex
360 1410 452 1487 ipsius
483 1420 597 1467 tantum
622 1411 805 1487 inspectione
829 1410 911 1467 varia
946 1428 1039 1487 enque
1062 1412 1166 1485 gravia
1197 1408 1286 1467 dubia
1309 1412 1388 1467 circa

137 1499 304 1576 praecisam
341 1495 467 1554 Consilii
503 1496 685 1554 voluntatem
719 1495 818 1553 dirimi
859 1510 987 1573 possent.
1036 1496 1074 1553 t't
1109 1495 1228 1574 aliquod
1267 1497 1386 1555 ail'eram

134 1582 320 1661 exemplum,
344 1602 436 1661 penes
458 1582 566 1641 multos
589 1584 716 1641 invaluit
741 1584 841 1661 opinio
864 1584 942 1659 ipsos
966 1582 1114 1641 Nicaenos
1137 1584 1242 1641 Patres
1266 1584 1387 1641 alexan·

134 1670 218 1729 drini
243 1669 515 1729 decennovennalis
538 1669 687 1747 paschalis
711 1670 789 1749 cycli
811 1689 876 1727 esse
899 1684 1056 1741 creatorem
1088 1690 1196 1749 eosque
1220 1670 1387 1729 decrevisse

134 1766 172 1815 ut
204 1766 319 1815 tantum
354 1758 437 1814 iuxta
462 1755 734 1815 Alexandrinorum
770 1758 916 1835 principia
951 1756 1097 1835 paschalis
1132 1757 1315 1814 sollemnitas
1349 1756 1387 1815 ab

136 1842 276 1902 omnibus
315 1843 520 1901 celebraretur.
565 1846 622 1902 Ast
658 1855 760 1902 contra
805 1842 881 1901 hauc
920 1846 1089 1920 opinionem
1131 1856 1197 1903 stat.
1243 1846 1387 1920 inprimis,

137 1935 220 2009 quod
236 1950 295 1988 non
317 1930 418 1999 semel,
441 1942 506 2008 post
523 1931 650 1989 Concilii
673 1930 910 1993 celebrationem,
934 1931 1056 1989 Pascha.
1081 1932 1195 1988 etiam
1223 1931 1387 1987 Alexan·

138 2015 261 2087 driae,
294 2037 353 2075 non
376 2016 432 2075 fuit
454 2018 538 2075 iuxta
568 2017 840 2076 Alexandrinorum
870 2019 1016 2095 principia
1046 2016 1237 2077 celebratum:
1269 2015 1386 2087 deiude,

142 2124 223 2174 vero,
260 2104 413 2161 Romanae
443 2103 596 2163 Ecclesiae
620 2103 800 2163 consuetudo
823 2124 906 2181 (quae,
946 2118 1114 2162 constanter
1137 2104 1195 2161 alio
1218 2117 1246 2161 ct
1271 2106 1388 2183 proprio

140 2210 196 2249 usa
218 2200 263 2249 est
285 2190 379 2269 cyclo,
412 2192 563 2267 octoginta
592 2202 729 2269 quattuor
758 2210 910 2249 annorum.
944 2225 981 2235 -
1015 2190 1086 2248 Alia
1112 2210 1227 2269 quoque
1252 2191 1387 2258 invaluit,

140 2296 220 2355 quae
250 2276 310 2335 iere
340 2276 518 2335 universalis
548 2280 653 2347 erasit,
693 2280 801 2357 opinio,
843 2278 993 2335 Nicacnos
1023 2277 1127 2334 Patres
1165 2277 1220 2335 hoc
1252 2278 1387 2355 inprimis

139 2373 270 2423 statuere
286 2364 423 2433 voluisse,
438 2384 477 2421 ne
499 2384 664 2444 unquam
681 2365 916 2424 Christianorum
930 2364 1046 2423 Pascha
1061 2366 1091 2421 in
1108 2362 1156 2421 die
1174 2367 1235 2441 ipsri
1253 2376 1388 2441 quartae·

140 2449 276 2509 decimae
306 2450 402 2521 lunae,
440 2471 515 2528 quac
553 2450 727 2511 ludaeorum
758 2452 898 2509 Paschati
929 2452 984 2509 fuit
1015 2472 1032 2507 a
1064 2452 1127 2509 lieo
1159 2453 1317 2527 assignata.
1357 2454 1388 2509 in

142 2538 274 2596 futurum
304 2536 509 2596 celebraretur.
553 2538 634 2596 Hinc
662 2537 887 2597 admirationem
921 2558 1022 2615 parcre
1054 2536 1149 2602 debet,
1180 2538 1388 2615 stupetactioni

142 2624 274 2696 affinem,
301 2622 380 2702 quod
402 2626 465 2703 ipse
488 2624 671 2683 Athanasius
695 2626 745 2703 qui
769 2624 901 2682 Nicaeno
926 2624 1098 2683 interfuerat
1121 2625 1264 2685 Concilio.
1288 2638 1316 2681 et
1340 2626 1385 2682 cui

140 2712 341 2771 Nicaenorum
364 2710 484 2769 Patmm
509 2732 592 2770 mens
614 2715 724 2789 optime
747 2714 931 2769 innotescere
953 2710 1088 2779 debebat,
1124 2714 1156 2769 in
1180 2714 1229 2769 suri
1255 2710 1387 2789 paschali

140 2798 268 2879 epistolii
289 2819 342 2877 pro
364 2818 443 2856 anno
466 2800 528 2856 333
553 2797 631 2868 data,
661 2798 793 2877 paschali
816 2798 996 2857 solemnitati
1027 2801 1121 2877 ipsam
1145 2800 1276 2875 praecise
1300 2798 1389 2856 lunae

140 2884 400 2963 decimusquartae
422 2883 509 2952 diem,
543 2898 575 2944 nt
597 2906 666 2945 mox
695 2884 870 2953 ridebimus,
904 2888 1108 2963 assignaverit.
1136 2920 1171 2927 -
1200 2886 1239 2942 lst
1269 2886 1386 2943 tertium

142 2972 265 3031 afferam
288 2973 464 3049 exemplum,
492 2970 529 3028 ah
552 2972 688 3031 omnibus
711 2971 748 3030 de
771 2992 802 3029 re
824 2972 1014 3050 scriptoribus
1037 2974 1217 3031 unanimiter
1240 2973 1388 3043 asseritur,

143 3059 381 3119 Christianorum
404 3058 521 3117 Pascha
543 3079 658 3137 semper
681 3060 773 3137 sequi,
797 3078 956 3137 numquam
980 3080 1049 3118 vero
1075 3058 1246 3117 ludaeorum
1272 3058 1389 3117 Pascha

141 3144 320 3225 praecedere
350 3143 474 3206 debere:
507 3156 553 3203 ast
576 3166 614 3203 ex
636 3147 808 3205 certissimis
836 3157 950 3204 constat
974 3143 1157 3204 documentis
1182 3144 1258 3223 quod
1283 3147 1389 3203 iterata

141 3235 221 3303 vice,
244 3234 331 3291 aunis
354 3231 494 3291 videlicet
518 3235 582 3290 475
604 3244 633 3291 et
656 3234 727 3301 495,
751 3231 868 3290 Pascha
891 3245 1020 3290 nostrum
1041 3236 1071 3291 in
1088 3232 1243 3291 Dominicis
1269 3252 1388 3309 respou-

142 3319 229 3378 denti
252 3318 313 3377 diei
339 3321 377 3376 13
401 3318 514 3377 Iudaici
538 3321 648 3378 mensis
670 3318 773 3381 Nisan.
804 3330 842 3387 et,
866 3332 1087 3397 consequenter,
1118 3317 1248 3397 pridie
1275 3317 1388 3375 Iudaici

139 3406 300 3465 Paschatis
323 3406 378 3463 luit
400 3404 589 3465 celebratum.

249 3493 298 3550 Ex
327 3491 421 3551 tribus
451 3493 532 3551 hisce
562 3491 769 3551 difficultatum
800 3492 846 3550 vel
878 3494 974 3571 potius
1005 3493 1204 3567 aenigmatum
1235 3491 1388 3568 exernplis,

140 3579 232 3638 facile
265 3579 455 3656 intelligetur,
488 3591 630 3657 quantum
660 3589 738 3637 esset
767 3578 963 3637 studiosorum
996 3577 1175 3637 desiderium
1206 3590 1237 3635 ut
1267 3575 1388 3636 tandem

142 3664 307 3745 aliquando
336 3667 496 3743 genuinum
527 3666 653 3724 h'icaeni
685 3666 812 3725 Concilii
842 3665 878 3723 de
903 3666 1048 3724 Paschate
1080 3664 1228 3723 decretum
1260 3666 1388 3723 inveniri

140 3763 251 3833 posset.
288 3753 375 3811 Nunc
397 3774 466 3812 vero
489 3752 772 3811 desideratissimum
803 3752 857 3810 hoc
881 3752 1060 3811 christianae
1093 3754 1278 3830 antiquitatis
1302 3750 1390 3811 deeu-

142 3850 285 3911 mentnm‚
323 3842 539 3919 quinquaginta
561 3842 620 3898 iam
644 3838 753 3897 abhinc
781 3841 868 3897 annis
891 3858 907 3895 e
931 3838 1060 3897 tenebris
1083 3852 1205 3902 erutum,
1240 3842 1273 3899 iu
1294 3839 1389 3897 lucem

142 3926 202 3985 tuit
217 3924 329 3985 editum
345 3936 374 3985 et
389 3928 572 4005 amplissimo
588 3937 691 3985 eontra
706 3924 877 3984 diffidentes
893 3946 994 3985 omues
1010 3928 1221 3985 commentario
1245 3927 1389 3984 munitum

146 4033 167 4071 a
189 4014 262 4084 viro,
293 4014 377 4072 cuius
399 4014 556 4071 auctoritas
580 4011 701 4090 grandis
731 4010 809 4091 apud
833 4013 1002 4072 Orientales
1036 4013 1139 4071 merito
1164 4011 1318 4090 perdurat:
1352 4011 1390 4070 ab

141 4099 256 4172 inclito,
283 4102 412 4177 inquam,
436 4098 618 4159 benedictini
641 4098 753 4157 ordinis
776 4100 837 4157 tilio
860 4100 883 4156 l.
908 4100 940 4157 B.
965 4100 1085 4164 Pitra,
1120 4098 1156 4156 ad
1181 4098 1391 4158 Cardinalatus

140 4186 321 4264 dignitatem
340 4197 442 4265 postea
459 4198 571 4245 evecto.
596 4185 654 4245 Sed
670 4185 862 4244 eruditissimi
876 4187 962 4244 huius
979 4188 1033 4243 viri
1050 4207 1146 4266 opera,
1163 4186 1256 4243 latino
1272 4186 1390 4261 elegan-

141 4276 226 4352 tique
249 4294 383 4333 sermone
406 4276 579 4352 conscripta,
604 4294 662 4331 uon
678 4282 747 4331 sunt
769 4273 806 4331 de
821 4293 920 4331 eorum
946 4293 1074 4343 numero,
1098 4293 1173 4351 quae
1197 4273 1277 4329 l'acili
1302 4290 1392 4329 mauu

140 4359 181 4419 ab
204 4360 341 4419 omnibus
362 4372 508 4420 teruntur:
532 4360 602 4419 hinc
624 4361 757 4418 Nicaeno
780 4359 817 4418 de
841 4360 988 4417 Paschate
1011 4358 1128 4417 decreto
1157 4358 1193 4417 ab
1218 4362 1289 4437 ipso.
1314 4378 1393 4415 auno

147 4450 241 4519 1858,
264 4450 296 4506 in
320 4448 544 4525 Spicilegio
567 4447 811 4506 Solesmeusi
834 4446 883 4523 (Τ.
903 4446 954 4517 IV,
978 4466 1024 4525 pp.
1042 4448 1104 4505 540
1120 4457 1149 4503 et
1165 4444 1238 4525 seq.)
1263 4445 1393 4522 vulgato,

147 4532 254 4591 eadem
277 4532 488 4613 propemodum
511 4554 573 4591 sors
595 4535 727 4609 contigit,
750 4551 825 4611 quae
842 4529 939 4590 eidem
962 4532 1081 4591 decreto
1105 4554 1122 4591 a
1146 4532 1308 4590 clarissimo
1326 4532 1392 4589 As·

151 4639 311 4679 semano
341 4622 372 4678 in
396 4640 449 4678 sua
470 4618 732 4677 Bibliotheca
753 4620 856 4677 iuris
878 4619 1095 4678 orientalis
1118 4616 1165 4699 (Τ.
1190 4618 1242 4675 IV.
1265 4639 1292 4696 p.
1316 4618 1392 4693 421)

146 4706 307 4786 publicato,
337 4717 486 4767 evenerat.
529 4704 642 4764 Eodem
674 4705 753 4763 enim
785 4704 881 4776 modo,
911 4726 968 4785 quo
991 4708 1210 4765 Assemaneuse
1241 4705 1394 4782 exemplar
