3450 5342
786 478 978 534 -216-

257 675 329 726 etc!
361 702 399 711 -
433 666 464 746 y)
488 666 571 725 ldem
594 676 675 745 patet
698 686 735 725 ex
758 686 848 725 causa
871 667 1039 737 Marcionis,
1063 676 1181 724 narrata
1204 686 1221 723 a
1243 666 1504 725 Tertulliano

257 753 318 833 (lle
341 753 604 833 praescriptionib,
627 774 651 811 c.
675 754 728 830 30)
751 764 781 812 et
803 754 1054 831 Epiphanio
1077 752 1180 829 (Haer.
1204 754 1253 824 42,
1277 772 1305 811 n.
1330 750 1435 833 1-3)‚
1457 755 1505 811 cni

257 840 390 899 haeresis
412 852 442 898 et
464 839 599 899 libidinis
626 861 675 898 reo
698 842 809 898 Romae
831 842 922 899 venia
944 858 1084 899 concessa
1106 848 1150 897 est
1180 850 1209 897 et
1233 841 1338 899 iterum
1361 842 1505 918 promissa

258 928 323 996 fuit,
346 961 388 971 —
413 926 444 1002 δ)
476 937 566 986 etex
597 946 685 986 cansa
707 928 825 985 Natalis
847 937 967 985 narrata
1000 927 1037 984 ab
1060 924 1253 985 Eusebio
1288 926 1319 1003 (l.
1342 930 1370 997 5,
1393 946 1418 985 c.
1441 923 1503 1003 28),

257 1016 307 1093 qui
334 1035 387 1093 pro
421 1016 547 1093 pecnnia
569 1016 723 1093 episcopus
756 1014 888 1073 haeresis
918 1014 1013 1072 factus
1047 1022 1113 1091 post
1135 1013 1257 1072 multam
1291 1015 1504 1092 poenitentiam

255 1103 310 1159 vix
334 1100 454 1159 taudem
478 1100 515 1159 ad
539 1104 775 1160 communionem
798 1099 944 1159 admissus
967 1110 1012 1158 est
1034 1098 1137 1179 (μόλις
1158 1100 1414 1181 κοινῶνηθιζναι).

361 1208 398 1295 δ)
422 1214 638 1273 Testimonium
659 1214 696 1271 dc
712 1233 766 1272 usn
788 1213 931 1272 ecclesiae
945 1212 1082 1272 Corinthi
1105 1212 1238 1271 hauritur
1253 1234 1290 1271 ex
1313 1213 1504 1293 Dionysii

257 1300 477 1360 Corinthiorum
493 1303 621 1380 episcopi
639 1302 727 1373 (saec.
739 1301 791 1377 ll.)
807 1300 934 1377 epistola
949 1298 987 1358 ad
1003 1302 1154 1379 episcopos
1167 1300 1263 1371 Ponti,
1279 1299 1328 1357 ubi
1342 1299 1502 1359 secundnm

256 1386 494 1447 Eusebium
516 1388 569 1465 (H.
591 1388 611 1446 l.
630 1391 658 1457 4,
682 1408 706 1445 c.
723 1384 778 1467 23)
804 1386 920 1459 ,πολλἰ.
945 1384 979 1448 δὲ
1001 1386 1072 1466 περὶ
1094 1385 1199 1465 γάμου
1222 1386 1274 1447 καί
1298 1386 1420 1466 ἁγνείας
1442 1392 1505 1455 τοῖς

257 1474 362 1541 αὐτοῖς
376 1479 525 1553 παραινεῖ.
544 1472 605 1534 Καὶ
626 1472 698 1541 τοὺς
713 1474 747 1545 ἐξ
768 1474 836 1541 οίας
852 1472 885 1535 δ’
910 1470 967 1533 οἶν
981 1472 1206 1544 ἀποπτιόοειιις,
1228 1474 1285 1535 εἴτε
1299 1473 1504 1555 πλημμελίας,

257 1562 313 1623 εἴτε
335 1560 399 1641 μὴν
421 1560 575 1640 αίρετικῆς
606 1560 725 1640 πλάνης
748 1560 997 1640 ἐπιστρέφοντας,
1032 1559 1210 1631 δεξιοῦσθαι
1233 1560 1438 1638 προςτόττεθ.
1464 1596 1504 1603 -

256 1648 395 1707 Ceterum
419 1646 497 1705 idem
520 1649 615 1705 conici
638 1656 734 1725 potest
756 1668 794 1704 ex
817 1648 991 1705 auctoritate
1014 1647 1156 1725 epistolae
1180 1646 1344 1706 Clementis
1367 1649 1503 1717 Romani,

257 1754 345 1813 quam
367 1733 446 1811 apud
462 1734 633 1793 Corinthios
655 1733 771 1800 habuit;
794 1754 882 1812 quam
899 1732 1045 1792 Eusebius
1069 1734 1148 1811 (lc.)
1165 1734 1302 1793 Corinthi
1324 1735 1356 1792 in
1379 1734 1506 1793 ecclesia

257 1822 315 1897 legi
339 1821 457 1879 solitam
480 1842 544 1879 esse
566 1830 699 1880 testatur.

365 1923 398 2005 0)
422 1925 639 1984 Testimonium
672 1923 709 1982 de
743 1944 796 1983 usn
836 1923 1027 1982 ecclesiarum
1066 1922 1274 2002 Cappadociae
1309 1934 1338 1983 et
1377 1926 1504 1984 aliarum

256 2010 502 2088 Gregorius
537 2012 628 2073 Nau.
667 2010 811 2090 perhibet,
845 2012 895 2089 qni
933 2020 996 2069 ortu
1035 2008 1199 2089 Cappadox
1239 2021 1269 2069 et
1307 2012 1430 2070 multum
1473 2013 1504 2071 iu

256 2098 379 2159 Oriente
413 2101 625 2177 peregrinatus.
657 2119 722 2156 cum
756 2099 995 2177 archiepiscopus
1034 2098 1380 2177 Constantinopolitanae
1416 2109 1504 2171 esset,

254 2186 440 2244 Novatiunos
463 2186 655 2244 vehementer
676 2185 871 2264 impugnabat
895 2188 944 2247 Or.
970 2184 1019 2256 39,
1043 2204 1071 2243 n.
1098 2188 1143 2245 18.
1171 2186 1219 2247 19.

359 2292 400 2378 d)
423 2298 608 2357 Testimonio
624 2298 661 2357 de
678 2319 732 2357 usu
747 2299 938 2358 ecclesiarum
956 2299 1047 2357 Asiae
1064 2308 1109 2357 est
1131 2299 1358 2378 Polycarpi,
1381 2298 1504 2357 loannis

255 2383 402 2463 discipuli,
425 2389 652 2465 Smyrnaeorum
680 2388 820 2464 episcopi,
851 2384 889 2444 ad
911 2385 1122 2463 Philippenses
1144 2386 1277 2463 epistola,
1301 2406 1329 2449 n.
1353 2386 1384 2443 6:
1423 2384 1505 2458 „Kal

256 2472 287 2532 οί
307 2471 509 2551 πρεσβύτεροι
532 2472 567 2533 δὲ
582 2470 797 2553 εὔσπλαγχνοι,
820 2473 861 2541 είς
884 2472 1001 2540 πίννας
1016 2470 1190 2551 ἐλεήμονες,
1214 2472 1446 2551 ἐπιστρέφοντες
1467 2471 1504 2532 τὰ

256 2557 544 2639 ἀποπεπλανημένα
575 2608 581 2619 .
611 2608 617 2619 .
648 2608 654 2619 .
688 2558 734 2640 μὴ
768 2559 976 2639 ἀπότομον
1011 2558 1051 2619 ἐν
1084 2558 1225 2637 κρίσει,
1259 2558 1424 2629 εἰδότες,
1459 2559 1505 2620 ὅτι

255 2644 367 2712 πάντες
389 2644 540 2724 ὀφειλέται
564 2645 657 2725 ἐσμὲν
679 2646 861 2725 ιὶμαρτίιις“.

360 2747 392 2829 e)
416 2748 632 2808 Testimonium
655 2771 724 2809 usus
747 2751 890 2808 ecclesiae
913 2748 1138 2808 Alexandrinae
1162 2748 1212 2807 dat
1235 2751 1380 2827 imprimis
1414 2751 1505 2811 Cri·
1594 2790 1597 2795 -

255 2855 397 2912 geues,
433 2836 544 2895 Contra
566 2837 695 2902 Celsum,
726 2836 745 2895 l.
770 2840 797 2907 3,
832 2858 860 2897 u.
885 2838 945 2895 51:
984 2832 1077 2897 Oinoa
1101 2835 1135 2897 δὲ
1158 2836 1204 2904 ῶς
1226 2828 1428 2905 ἀπολωλότας
1450 2836 1505 2898 καὶ

254 2920 445 3002 τεθνηκότας
467 2929 511 3001 τῷ
536 2921 782 3002 &prolui-:1³
808 2922 964 3002 ἀσελγείας
988 2923 1006 3002 ἥ
1029 2946 1109 2991 τινος
1131 2922 1250 2984 ἀτόπου
1274 2925 1505 3003 νενικημένους,

255 3008 303 3076 ὡς
324 3008 456 3088 νεκροὺς
477 3010 647 3071 πενθοῦσι·
681 3010 734 3072 καὶ
757 3010 803 3078 ὡς
826 3010 861 3071 έκ
885 3014 1007 3089 νεκρῶν
1030 3009 1228 3079 ἀναστάντας,
1262 3010 1316 3071 ἐὰν
1339 3008 1505 3090 ἀξιόλογον

255 3095 448 3165 ἐνδείξαινται
479 3097 665 3178 μεταβολήν,
699 3097 807 3177 χρόνῳ
829 3096 944 3157 πλείονι
975 3101 1038 3157 τῶν
1060 3096 1130 3157 κατ’
1162 3095 1262 3177 ἀρχὰς
1292 3096 1504 3176 είςαγοιιένων

254 3182 383 3260 ὕστερόν
404 3205 480 3243 ποτε
501 3184 691 3261 προςίενται·
726 3186 767 3253 εἰς
790 3182 941 3261 οὐδεμίαν
963 3182 1064 3263 ἀρχὴν
1086 3183 1139 3244 καὶ
1161 3183 1350 3261 προστασίαν
1379 3189 1432 3265 τῆς
1453 3183 1502 3245 λε-

256 3270 392 3350 γομένης
415 3270 579 3351 ἐκκλησίας
601 3277 655 3332 τοῗ1
672 3270 755 3333 Θεοί1
779 3269 1016 3348 κατιιλέγοντες“
1044 3280 1098 3329 etc.
1118 3304 1159 3312 -·-
1183 3272 1258 3329 Item
1282 3270 1502 3351 Dionysius

259 3357 368 3415 Alex.
393 3357 452 3436 (ap.
475 3357 645 3427 Eusebium,
668 3359 686 3416 l.
711 3360 739 3431 6,
762 3380 786 3416 c.
810 3362 873 3434 44),
902 3358 956 3435 Ep.
981 3362 1009 3424 4,
1033 3356 1082 3415 ubi
1106 3365 1206 3415 narrat
1229 3355 1265 3416 da
1289 3358 1449 3435 Serapione
1470 3359 1503 3417 in

255 3446 459 3522 persecutione
471 3445 562 3523 lapso,
586 3448 631 3502 cui
655 3447 794 3503 morituro
807 3445 997 3503 llucharistia
1018 3443 1088 3503 data
1110 3452 1166 3518 est,
1190 3454 1220 3503 et
1231 3444 1286 3523 Ep.
1300 3443 1337 3501 ad
1351 3444 1502 3503 Cononem

257 3530 315 3609 (ap.
337 3532 429 3600 Pitra,
463 3543 483 3589 t.
506 3534 538 3601 l,
572 3554 600 3610 p.
625 3534 720 3608 bibl:
759 3530 839 3600 ,Καὶ
861 3530 934 3600 τοὺς
957 3530 1038 3609 πρὸς
1060 3538 1096 3613 τῇ
1118 3530 1222 3611 ἐξόδῳ
1245 3531 1426 3611 γινομένους
1449 3529 1503 3593 τοῦ

255 3617 336 3695 βίου,
359 3619 387 3680 εί
408 3618 528 3681 δέοιντο
542 3619 595 3679 καί
617 3618 780 3681 ίκετεόοιεν
796 3619 949 3698 ἀφέσειυς,
972 3623 1071 3699 τυχεῖν
1093 3616 1157 3696 πρὸ
1180 3616 1361 3697 ὀφθαλμῶν
1383 3620 1504 3699 ἔχοντες

254 3703 296 3771 εἷς
320 3705 357 3782 ἣν
379 3705 493 3765 ἀπίασί
508 3706 615 3783 κρίσιν,
649 3705 844 3785 λογιζόμενοι
867 3708 886 3767 ἃ
909 3706 1063 3766 πείσονται
1087 3704 1244 3783 δεσμῶται
1266 3704 1318 3765 καὶ
1341 3704 1503 3767 κατάδικοι

251 3789 507 3869 παραδοθέντες·
543 3792 734 3861 πιστεύοντες
758 3792 801 3861 δέ,
836 3793 864 3854 εί
891 3792 1033 3853 ἐντεῦθεν
1055 3792 1186 3861 λυθεῖεν,
1220 3792 1321 3853 ἀνεοιν
1343 3792 1422 3864 ἕξειν
1451 3793 1502 3855 καὶ

253 3876 436 3956 κουφισμὸν
447 3883 501 3955 τῆς
523 3878 585 3939 ἒκεὶ
596 3880 764 3958 τιμωρίας·
789 3878 894 3960 ἀληθῆ
908 3878 967 3957 γὰρ
983 3876 1122 3940 εἶναικαὶ
1144 3879 1275 3959 βεβαίαν
1287 3880 1313 3937 τΙ
1325 3902 1342 3939 ν
1357 3878 1503 3942 εὐδοκίαν

253 3969 311 4024 τοῦ
333 3960 473 4041 Κυρίου·
508 3965 561 4026 καὶ
590 3966 719 4033 τούτους
752 3966 940 4044 ἐλευθέρους
969 3966 1189 4044 παραπέμπειν
1222 3970 1276 4045 τῆς
1303 3963 1503 4045 θεοπρεποῦς

254 4050 315 4111 ἔστι
338 4050 490 4119 πολιτείας
512 4052 564 4112 καί
587 4051 858 4131 φιλανθριυπίαςίί.
886 4054 927 4109 Et
949 4053 1005 4131 Ep.
1029 4054 1047 4110 3
1072 4052 1130 4131 (ap.
1153 4052 1270 4123 Enseb,
1292 4052 1312 4110 l.
1337 4055 1364 4124 6,
1388 4074 1412 4112 c.
1436 4052 1502 4133 42):

261 4135 373 4211 ,Αὐτοὶ
389 4138 488 4200 τοίνυν
511 4139 539 4201 oi
552 4139 627 4200 θεῖοι
649 4140 805 4219 μάρτυρες
816 4140 896 4219 παρ’
923 4138 1004 4219 ἡμῖν,
1027 4139 1056 4201 ol
1067 4144 1122 4200 νῦν
1137 4146 1190 4201 τοῦ
1201 4136 1339 4218 Χριστοῦ
1353 4140 1502 4221 πάρεδροι

256 4222 310 4285 καὶ
331 4229 385 4303 τῆς
406 4224 560 4305 βασιλείας
583 4226 677 4287 αὐτοῦ
699 4228 850 4296 κοινωνοί,
884 4226 938 4287 καὶ
959 4228 1083 4306 μέτοχοι
1105 4232 1158 4307 τῆς
1178 4226 1312 4305 κρίσεως
1334 4227 1429 4290 αὐτοῦ
1451 4228 1504 4289 καὶ

257 4310 491 4382 συνδικάζοιτες
513 4312 609 4391 αὐτῷ,
633 4317 696 4374 τῶν
711 4313 1013 4391 παραπεπτανκότῶν
1036 4312 1183 4392 ἀδελφῶν
1201 4336 1284 4383 τινος
1309 4314 1504 4384 ὑπευθύνους

256 4402 317 4465 τοῖς
338 4402 402 4458 τῶν
426 4398 545 4459 θυσιῶν
576 4400 746 4480 ἐγκλήμασι
770 4402 966 4479 γενομένους,
999 4399 1233 4480 προςελιίβοντο.
1278 4398 1340 4460 Καὶ
1363 4400 1417 4479 τὴν
1439 4404 1502 4464 ἑπι-

255 4484 394 4565 στροφίγν
415 4486 468 4546 καὶ
497 4486 662 4566 μετάνοιαν
684 4486 788 4547 αὐτῶν
811 4485 936 4557 ι’δόντες,
972 4486 1083 4566 δεκτήν
1104 4509 1135 4547 τε
1158 4486 1302 4565 γενέσθαι
1326 4487 1504 4571 δυναμένην

254 4575 300 4649 τῷ
333 4570 378 4650 μὴ
401 4572 585 4651 βουλομένῳ
617 4574 697 4633 καθ’
723 4572 797 4635 ὅλου
824 4572 878 4633 τὸν
911 4573 1048 4635 θάνατον
1069 4580 1125 4634 τοῦ
1158 4572 1350 4653 ἁμαρταιλοῦ
1372 4575 1418 4645 ὡς
1450 4577 1504 4657 τὴν

253 4658 418 4737 μετάνοιαν
448 4660 679 4739 δοκιμάσαντες,
714 4659 902 4731 είςεδέξαντο
932 4659 986 4721 καί
1015 4661 1193 4740 συνήγαγον
1222 4660 1276 4720 καί
1305 4664 1503 4744 συνέστησαν,

254 4744 307 4805 καὶ
327 4750 514 4826 προσευχῶν
536 4746 641 4815 αὐτοῖς
663 4746 716 4807 καί
739 4746 904 4808 ἑστιάσεων
928 4746 1170 4827 λιτοινιόνιγσαν“Ι
