3450 5342
1131 19 1688 219 'w

302 531 468 588 letarum
491 531 640 588 sententia
663 541 767 586 natura
802 529 968 586 humana
1004 527 1114 586 nullo
1148 527 1258 585 modo
1291 529 1563 605 operationis

303 617 543 695 principium
565 613 624 672 dici
650 618 748 692 possit.
772 635 831 672 riou
854 615 1030 692 principium
1054 613 1170 692 quod.
1200 613 1279 692 quod
1301 617 1440 692 utrisque
1466 613 1567 672 lateu-

303 702 383 762 tihus
406 713 519 762 tautum
544 721 710 779 persona
733 714 785 770 cst,
820 723 878 758 non
900 703 1075 779 principium
1107 723 1188 780 spuo,
1218 715 1250 759 ut
1273 703 1303 758 iu
1326 703 1412 758 euius
1453 721 1570 778 nega-

304 792 415 847 tione
438 789 704 847 Monotholctarum
729 791 877 847 sententia
894 791 1024 866 praecise
1040 790 1190 846 consistat.
1214 787 1313 864 Quare
1330 787 1369 846 ad
1393 809 1461 845 rem
1487 787 1572 866 quod

303 887 424 955 spectat,
460 896 529 934 num
555 876 703 934 Honorias
726 875 833 947 ‹lrrgrna
867 875 903 932 dc
927 873 1040 932 duahus
1065 877 1095 933 iu
1119 875 1239 934 Christo
1272 873 1507 952 operationibus
1540 890 1569 931 et

262 973 270 990 ‘
304 962 506 1022 voluntatibus
522 963 698 1020 luculentius
714 961 829 1020 tradere
846 963 947 1040 pararit.
964 982 1052 1040 apuam
1074 960 1247 1020 insecundo
1262 963 1389 1038 epistola
1406 963 1513 1020 fecit?
1524 959 1567 1034 ⁴³}

305 1051 383 1108 Num
414 1049 548 1107 doctrina
570 1070 588 1106 a
613 1049 744 1107 Honorio
767 1053 915 1126 praeposita
939 1049 1228 1106 Monotlreletismum
1258 1048 1315 1106 ullo
1338 1047 1432 1107 modo
1458 1049 1568 1125 sapit?

827 370 872 382 —
896 341 958 396 1152
984 373 1019 380 -

410 1157 458 1214 et.
485 1153 544 1211 esd
556 1155 580 1210 si
596 1153 744 1212 Honorius
761 1155 791 1211 in
809 1155 906 1229 reipsa
921 1153 1040 1210 omnino
1056 1152 1201 1210 catholice
1218 1155 1315 1214 sentit.
1338 1151 1414 1230 quid
1435 1152 1567 1210 tandem

305 1244 347 1300 rei
364 1253 416 1307 est,
450 1261 524 1298 cur
557 1261 618 1298 rem
634 1240 811 1298 catholicam
834 1240 1054 1297 catholicis
1078 1239 1213 1298 verbis
1237 1240 1403 1316 exprimere
1423 1237 1567 1298 dubitet?

305 1327 385 1404 Quid
408 1337 460 1389 est.
484 1347 552 1384 cur
583 1325 744 1384 duarum
780 1329 1057 1403 operationum
1092 1347 1133 1384 sc
1157 1327 1406 1384 voluntatum
1449 1347 1568 1384 voca-

304 1414 433 1472 bulum
457 1413 628 1489 refugit?
651 1413 750 1472 Causa
771 1429 823 1478 est.
847 1415 925 1491 quia.
949 1433 1014 1470 euru
1035 1414 1090 1471 hoc
1107 1412 1281 1471 vocabulum
1299 1433 1386 1471 sensu
1412 1410 1567 1471 dirersis-

302 1503 377 1560 simo
400 1499 535 1558 adhiberi
552 1521 637 1578 posse
654 1503 785 1563 sentiret,
809 1503 872 1578 ipsc
896 1501 1007 1558 nullo
1031 1499 1138 1558 ruodo
1162 1501 1269 1558 clarc
1292 1499 1568 1574 distinguere

303 1597 471 1667 poterat.
495 1608 661 1665 quonam
684 1586 909 1644 tandemscnsa
933 1607 951 1644 a
974 1585 1123 1645 duobus
1147 1585 1429 1660 litigantibus.
1457 1591 1570 1664 Sergio

303 1684 333 1734 et
355 1675 521 1752 Sophronia
544 1673 742 1732 adhiberetur.
772 1675 941 1748 Quenmam
962 1689 1064 1742 ,tamea
1088 1695 1206 1732 sarisam
1231 1674 1278 1731 rel
1309 1675 1406 1751 potius
1447 1696 1466 1752 q
1482 1695 1571 1732 nos-

305 1783 390 1820 uam
413 1782 553 1820 sensus
577 1762 628 1820 illo
651 1759 954 1819 vocabulo.duarn1n
977 1763 1196 1837 operationum*
1225 1761 1273 1818 rel
1289 1760 1413 1820 duarum
1437 1761 1569 1819 ,volun-

304 1858 415 1907 tatum·
443 1847 563 1906 sobesec
586 1868 670 1926 posse
693 1849 798 1906 saltem
833 1850 1064 1924 suspicatus
1095 1851 1141 1912 sit,
1164 1848 1306 1926 epistolae
1331 1849 1414 1926 ipsae
1442 1847 1569 1906 docent.

411 1955 457 2010 Ac
489 1954 652 2029 primum
691 1952 811 2030 quidem
837 1953 962 2010 lourrncs
987 1953 1177 2030 Philoponus.
1214 1953 1276 2010 loco
1300 1955 1418 2030 saepius
1460 1955 1567 2010 citato.

309 2050 526 2110 commemorat,
561 2039 694 2096 llonorio
717 2039 792 2096 nihil
817 2039 892 2096 adeo
915 2039 995 2096 crudi
1019 2041 1117 2103 fuisse,
1152 2059 1239 2118 apuam
1264 2049 1293 2096 ut
1319 2041 1347 2096 in
1373 2042 1441 2116 ipso
1467 2043 1567 2097 etiarn

309 2125 395 2186 modo
418 2125 560 2203 loquendi
581 2125 910 2184 cousuetudinem
937 2129 1169 2204 Scripturas
1193 2139 1374 2204 sequeretur:
1399 2125 1485 2184 idem
1504 2127 1571 2184 Ho-

310 2215 409 2272 norius
432 2215 496 2290 ipsc
518 2223 704 2290 protestatur,
726 2209 792 2270 cuni
815 2213 1044 2290 explicationem
1062 2235 1143 2272 suam
1160 2211 1197 2270 de
1213 2234 1333 2271 numero
1352 2217 1571 2290 operationum

310 2319 344 2356 ac
368 2299 550 2358 voluntatum
575 2302 606 2357 in
630 2299 751 2357 Christo
775 2303 818 2357 sie
843 2299 1005 2358 concludit:
1033 2301 1090 2358 ,Εἴ
1115 2321 1167 2358 nos
1191 2299 1308 2378 quidem
1344 2301 1573 2359 secundum

310 2387 543 2444 sanctiones
566 2385 794 2468 divinorum
818 2387 1063 2466 eloquiorum
1087 2402 1201 2466 oportet
1224 2407 1326 2465 sapere
1350 2387 1398 2444 vel
1418 2391 1569 2464 spirare*

411 2489 569 2551 Videlicet.
593 2493 748 2566 utb'crgio.
771 2490 808 2548 de
830 2512 950 2549 numero
974 2495 1176 2568 operationum
1202 2494 1232 2548 in
1250 2491 1368 2548 Christo
1392 2495 1574 2568 quaerenti.

308 2576 420 2656 aliquid
444 2577 549 2635 saltem
573 2577 749 2654 respondere
773 2595 879 2656 posset,
913 2581 1078 2636 averitate
1103 2579 1233 2636 revelata
1258 2599 1315 2636 uon
1339 2577 1486 2642 alienum,
1529 2578 1572 2636 ad

309 2667 405 2743 ipsam
428 2667 677 2741 Scriptorum
702 2665 842 2740 confugit.
867 2677 897 2722 ut
914 2665 1036 2729 valeret,
1060 2687 1129 2724 num
1147 2665 1245 2744 aliquo
1263 2667 1294 2722 iu
1318 2665 1383 2722 loeo
1406 2663 1456 2722 de
1480 2687 1573 2743 ope·

310 2754 508 2809 rationum
532 2753 571 2807 in
595 2751 758 2809 Christo
790 2773 949 2810 numero
981 2751 1094 2830 alitprid
1117 2751 1244 2810 doceret.
1268 2751 1378 2810 Incidit
1402 2766 1511 2810 autern
1539 2757 1570 2811 in

308 2838 403 2895 locum
427 2838 569 2914 epistolae
593 2837 631 2894 ad
655 2839 844 2896 Corinthios:
884 2841 1073 2910 „Divisioucs
1096 2859 1166 2896 voro
1190 2841 1349 2914 gratiarum
1374 2853 1454 2902 suut*
1482 2839 1569 2897 idem

310 2937 408 2982 autem
421 2927 560 3002 Spiritus:
585 2935 613 2980 ct
636 2923 799 2983 divisiones
815 2929 1063 2984 ministrationum
1081 2939 1156 2987 suut.
1180 2924 1259 2983 idem
1283 2935 1380 2983 autem
1397 2925 1570 2986 llominus:

311 3020 340 3069 et
363 3009 589 3068 divisiones
613 3015 893 3089 operationum
917 3026 1014 3084 sunt,
1039 3011 1138 3070 idem
1163 3013 1466 3090 ve1·olleus,qui
1495 3035 1570 3092 ope-

311 3106 392 3156 ratur
414 3100 513 3156 omnia
537 3102 566 3155 in
591 3097 752 3156 ourrrihas:

414 3203 462 3260 Ex
485 3223 542 3280 qno
566 3203 629 3260 loct)
653 3205 693 3259 sic
728 3203 772 3260 ad
807 3205 1010 3262 Christum
1046 3207 1154 3282 arguit:
1193 3206 1240 3262 „si
1266 3201 1429 3260 divisiones
1456 3225 1569 3282 opera-

308 3291 421 3348 tionum
446 3305 514 3346 suut
537 3290 654 3350 inultae.
678 3304 704 3346 ct
730 3291 783 3348 has
806 3312 908 3348 otnrrcs
934 3293 1013 3348 llcns
1039 3294 1068 3348 in
1099 3291 1276 3348 memhris
1311 3289 1451 3348 omnibus
1478 3293 1566 3370 pleni

308 3379 437 3454 corporis
459 3390 596 3453 oporatur
611 3422 617 3432 .
634 3422 640 3434 .
657 3422 663 3433 .
679 3379 701 3432 si
726 3379 757 3435 in
781 3377 816 3435 al
827 3380 833 3432 i
844 3380 852 3434 i
863 3401 884 3439 s.
909 3377 938 3434 id
962 3395 1005 3434 cst
1027 3381 1057 3436 in
1074 3377 1212 3436 membris
1229 3379 1288 3436 suis
1300 3379 1427 3454 Spiritus
1445 3379 1569 3438 Christi

310 3463 529 3521 multiformiter·
563 3478 706 3540 operatur,
741 3466 772 3521 in
804 3485 861 3541 quo
885 3467 997 3525 vivunt.
1034 3479 1188 3522 moventur·
1218 3475 1246 3522 et
1276 3473 1351 3532 sunt,
1389 3484 1570 3541 quanto

309 3553 449 3627 tnagis
473 3572 490 3627 p
504 3573 519 3607 c
533 3573 546 3607 t·
577 3552 863 3628 scrrretipsam
888 3551 1077 3610 ttrotliatorem
1103 3553 1158 3608 Ilei
1184 3566 1211 3608 et
1236 3551 1386 3608 homiuum
1424 3553 1501 3628 ple
1518 3575 1570 3612 ne

311 3650 347 3696 et
382 3639 576 3716 porl'cctc.
610 3638 823 3715 multisque
858 3639 983 3696 modis
1019 3637 1217 3696 iistttthitibus
1241 3637 1374 3696 confiteri
1399 3659 1456 3695 nos
1484 3661 1571 3698 com·

308 3727 447 3782 munione
471 3727 620 3800 utriusque
643 3738 765 3782 naturae
788 3726 929 3783 condecet
954 3749 969 3782 o
983 3747 1000 3803 p
1013 3749 1028 3782 c
1043 3748 1055 3782 r
1067 3747 1084 3784 a
1097 3741 1108 3783 t
1121 3747 1137 3784 u
1150 3727 1208 3782 ml⁴
1252 3723 1284 3782 ld
1309 3737 1365 3781 cst:
1390 3726 1415 3782 si
1433 3729 1572 3804 Spiritus

312 3811 423 3868 Christi
459 3811 647 3868 ntcrnhris
681 3815 749 3881 suis,
773 3812 827 3870 hoc
851 3825 894 3870 cst
919 3812 1054 3870 lidelihus
1088 3815 1183 3886 gratia
1206 3831 1259 3870 sua
1280 3811 1391 3877 tribuit,
1415 3829 1449 3869 nt
1475 3835 1572 3891 opcra

310 3897 407 3953 mira
444 3896 761 3956 diversissima
798 3900 893 3956 facere
917 3902 1038 3977 possint,
1062 3911 1092 3958 ut
1116 3910 1190 3961 sant.
1222 3901 1313 3958 trariis
1336 3898 1450 3976 linguis
1475 3901 1572 3980 loqui.

313 4002 410 4040 sacras
434 3983 547 4039 litteras
572 3998 648 4041 rcctc
672 4006 820 4063 exponere
842 3999 871 4044 et
896 3986 987 4044 multa
1012 3987 1078 4052 alia,
1112 3997 1276 4064 quanto
1312 3986 1439 4060 aragis
1477 3990 1574 4046 eonti-

312 4068 433 4127 tendum
458 4082 510 4126 cst.
535 4071 684 4128 (luistum
721 4076 858 4149 ipsum
901 4095 958 4130 non
983 4088 1096 4131 tannim
1121 4093 1209 4130 untnn
1234 4071 1280 4130 vel
1306 4072 1432 4129 alterurn
1461 4073 1573 4132 horum

312 4176 432 4232 opermn
465 4157 569 4214 l‘accrc.
603 4158 654 4214 scd
679 4163 774 4234 potius
813 4163 956 4218 urnula
995 4181 1070 4238 (puae
1103 4158 1294 4217 infidelibus
1318 4171 1458 4236 separata
1484 4163 1574 4220 inve-

312 4245 440 4309 niuntur,
464 4245 559 4319 ipsum
584 4266 601 4321 p
616 4267 630 4300 c
644 4266 657 4301 r
681 4267 723 4302 se
746 4268 869 4304 unum
894 4249 991 4306 facere
1008 4281 1050 4289 -
1071 4247 1219 4324 „plene
1244 4265 1286 4303 ac
1309 4245 1511 4324 perfecte·
1535 4283 1572 4292 -

311 4327 538 4387 undcl.¹hristus
561 4353 631 4389 sanc
660 4332 816 4391 maedis
839 4335 1009 4392 multis*
1038 4336 1206 4411 operari,
1230 4331 1444 4392 dicenduscst.
1471 4339 1517 4392 ita
1542 4355 1573 4394 ut

311 4415 420 4472 exiridc
445 4437 502 4474 arm
540 4419 703 4476 mcurhrum
726 4419 845 4497 aliquod
871 4423 997 4500 simplex
1022 4421 1074 4479 scd
1098 4424 1228 4479 <titinium
1253 4419 1453 4478 membrorum
1482 4427 1574 4482 inira·

358 4639 395 4705 ⁴⁵)
415 4639 454 4693 Gl.
475 4632 610 4694 Palma.
630 4643 646 4692 l.
668 4657 690 4692 (¹.
712 4640 769 4693 152·
