3450 5342
859 405 1031 460 ..gr-

325 587 458 656 primam
476 586 670 642 efficiendam
686 603 746 640 non
762 587 905 641 conducit
918 587 978 642 nisi
999 591 1183 656 negative,
1204 586 1221 640 i.
1234 602 1258 640 e.
1273 589 1430 656 peccatum
1447 599 1555 638 norunt

324 656 527 720 excludenda,
547 657 596 711 vel
615 672 654 711 re
664 659 804 711 molius
824 657 966 724 positive,
981 658 1133 724 peccatori
1147 655 1276 711 actualia
1290 655 1402 711 auxilia
1416 653 1559 709 ulteriora

323 733 354 781 et
373 726 520 781 uberiora
544 724 744 790 correiliando,
765 726 821 790 rel,
849 729 874 780 oi
895 741 942 780 res
965 733 1127 794 praecepta
1153 726 1192 780 sit
1211 733 1298 780 actus
1326 725 1559 791 caritatisque

324 795 493 850 dammodo
513 811 581 864 per
599 795 780 850 accidens
801 811 900 864 ireque
921 795 1011 849 etiam
1042 797 1140 848 instar·
1170 795 1322 864 perfectae
1342 799 1374 848 et
1390 795 1561 862 condignae

316 871 438 919 'causae
457 864 589 932 gratiam
610 865 805 918 remissionis
823 864 986 933 exigendo,
1001 865 1054 920 sed
1071 867 1174 934 ponus
1188 865 1226 918 de
1239 879 1379 926 eriuaruo
1399 861 1562 924 merendm

325 940 434 988 contra
452 939 554 988 autem
576 939 683 988 votum
712 934 859 1002 baptismi
881 934 928 988 vel
950 937 1134 988 sacramenti
1162 934 1368 1002 poenitentiae
1387 940 1434 986 est
1456 938 1561 986 votum

326 1006 474 1072 reiquae
494 1006 602 1058 veniae
626 1003 758 1072 gratiam
785 1003 928 1072 producit
957 1004 1139 1071 positive,
1169 1003 1400 1064 immediate,
1431 1017 1500 1070 per
1528 1017 1564 1054 se

326 1073 375 1128 vel
402 1072 585 1127 ordinata
612 1087 649 1127 ex
677 1073 839 1140 proprio
871 1073 970 1140 ipsius
1001 1072 1275 1128 institutionis
1304 1088 1377 1126 suae
1408 1071 1498 1126 tine
1526 1071 1563 1124 ad

325 1142 458 1212 gratiam
479 1142 583 1210 potius
602 1141 718 1196 abrilito
738 1149 861 1210 peccato
881 1142 1087 1196 imlucendem
1110 1147 1245 1210 primum
1266 1157 1358 1210 qutun
1379 1141 1566 1210 aagendam,

327 1211 455 1266 eandem
486 1211 674 1280 postulando
694 1212 779 1266 velut
803 1226 896 1267 eausa
921 1211 1169 1267 instrumentalis
1197 1211 1334 1281 quidem,
1353 1209 1407 1266 sed
1429 1211 1567 1278 perfecta

325 1288 357 1334 et
375 1281 538 1349 condigna.
565 1281 699 1334 Tertium
720 1288 775 1344 est,
795 1281 879 1350 quim
906 1287 1013 1336 irinum
1035 1281 1078 1335 rei
1100 1290 1279 1350 praeceptae
1305 1287 1352 1334 est
1381 1290 1490 1333 vetum
1513 1278 1566 1342 rei,

326 1365 406 1420 (puae
433 1350 503 1404 licet
528 1350 629 1419 possit
656 1350 823 1419 aliquando
851 1367 921 1404 esse
941 1351 1033 1404 modo
1053 1366 1111 1404 sno
1131 1350 1266 1405 medium
1287 1349 1324 1404 nd
1347 1352 1565 1403 remissionem

326 1419 586 1488 consequendam,
606 1425 641 1473 ot
659 1425 746 1475 actus
771 1418 918 1484 caritatis,
943 1435 1005 1474 non
1026 1427 1127 1474 tamen
1147 1427 1195 1475 cst
1213 1419 1377 1475 dicendum
1400 1418 1565 1472 inedium

325 1491 680 1558 persenecessariu1113
708 1498 739 1542 at
764 1497 871 1544 votum
903 1493 1085 1544 sacramenti
1115 1487 1296 1544 alterutrius
1323 1491 1487 1543 memorati
1519 1495 1566 1541 est

327 1564 435 1612 votum
466 1557 558 1612 medii
579 1573 639 1612 uon
659 1558 759 1612 solum
788 1559 962 1622 eminentia,
982 1559 1036 1612 sed
1056 1558 1147 1612 etiam
1177 1557 1351 1620 necessarii,
1381 1557 1475 1626 idque
1505 1572 1568 1610 non

326 1633 446 1682 tantum
478 1627 679 1682 materialiter
698 1643 752 1681 ner
771 1628 872 1682 divise
901 1628 1083 1682 necessitate
1111 1629 1337 1697 qualicumque,
1359 1635 1391 1681 ut
1412 1627 1567 1696 simplicis

326 1700 490 1765 praecepti,
510 1713 619 1750 verum
639 1704 670 1751 et
689 1698 862 1752 formaliter
880 1705 910 1750 et
930 1715 1033 1762 sensu,
1047 1697 1100 1766 oui
1114 1699 1307 1766 corapositus
1329 1703 1466 1761 vocatur,
1479 1695 1565 1765 qnod

327 1771 555 1822 sacramentum
581 1773 670 1835 pacto
689 1767 824 1836 quodam
847 1781 922 1820 vero
941 1775 988 1822 est
1008 1767 1143 1822 medinm
1164 1770 1194 1821 in
1215 1767 1307 1820 medii
1328 1770 1426 1834 ipsius
1447 1767 1571 1823 ratione

326 1836 552 1899 necessarimm
568 1837 758 1903 nequeenim
776 1837 947 1891 secundum
959 1837 1116 1905 disputata
1131 1835 1199 1891 ideo
1210 1836 1332 1890 exsistit
1344 1839 1568 1898 necessarium,

326 1905 400 1975 quia
418 1912 466 1958 est
485 1911 693 1974 praeceptum,
714 1906 768 1959 sed
788 1906 858 1959 ideo
879 1906 1067 1975 praecipitur
1087 1906 1286 1986 petitiones,
1307 1905 1377 1973 quia
1396 1905 1501 1974 ipsum
1518 1919 1567 1958 ne·

326 1977 497 2032 cessarium
518 1979 573 2040 est,
594 1981 701 2042 utpote
720 1991 774 2043 per
791 1975 1019 2030 institutionem
1042 1976 1096 2030 Der
1116 1983 1243 2030 exstans
1273 1974 1409 2029 medium
1438 1975 1566 2030 unicum

327 2043 512 2168 primarium
538 2043 632 2113 idque
658 2044 872 2113 independens
892 2048 941 2110 ita,
962 2051 996 2100 ut
1016 2045 1234 2100 secrmdnrium
1262 2044 1395 2112 quodvis
1421 2059 1482 2098 non
1503 2042 1568 2097 sni-

341 2113 412 2169 iciat
431 2114 491 2168 uisi
519 2129 588 2167 cum
609 2114 718 2168 ordine
737 2114 776 2167 ad
797 2115 933 2170 medium
964 2115 1145 2182 primarium
1176 2129 1233 2182 pro
1259 2113 1492 2183 opportunitate
1516 2113 1569 2166 ad·

327 2183 507 2238 hibendum.
526 2213 560 2222 -
579 2181 702 2236 ⁴leeedit
727 2183 896 2238 discrimen
925 2192 1081 2252 quartum,
1102 2189 1183 2252 quod
1205 2189 1322 2248 votmn,
1341 2183 1400 2237 iam
1422 2186 1514 2238 etiam
1536 2181 1567 2235 in

328 2267 361 2306 se
380 2257 563 2321 spectatum.
589 2252 632 2306 rei
652 2259 834 2320 praeceptae
862 2253 1027 2307 exterioris
1056 2255 1178 2322 quidem
1205 2269 1263 2321 pro
1293 2253 1372 2306 lacto
1401 2256 1568 2321 reputatur

322 2321 498 2376 secundum
527 2321 621 2375 huius
651 2322 713 2376 vim
744 2323 892 2377 moralem
923 2329 1029 2390 totam,
1055 2339 1125 2377 cum
1157 2330 1261 2376 votum
1292 2322 1477 2376 sacramenti
1503 2335 1565 2374 non

326 2391 438 2446 afferat
456 2391 587 2445 effectus
608 2394 792 2446 sacramenti
811 2407 928 2446 omncs.
951 2423 981 2430 —
1003 2393 1059 2447 Est
1072 2392 1206 2461 denique
1225 2391 1393 2446 discrimen
1413 2391 1568 2458 quintum,

326 2461 410 2530 quod
431 2465 539 2514 votum
561 2460 603 2514 rei
624 2465 805 2540 praeceptae
832 2461 1057 2532 cuiuscumque
1075 2462 1204 2532 ideoque
1223 2468 1253 2516 et
1272 2461 1371 2529 ipsius
1393 2459 1566 2530 1·‹n;ationis

328 2529 513 2584 sacramenti
538 2529 575 2582 ad
605 2529 843 2598 dispositionem
872 2531 954 2585 illam
981 2532 1121 2600 pertinet,
1149 2545 1228 2600 clune
1254 2531 1387 2610 quadam
1415 2545 1471 2584 sua
1496 2545 1565 2584 eon-

319 2601 468 2668 'gruentia
486 2597 607 2652 allicere
632 2599 732 2666 possit
759 2600 857 2654 Deum
878 2601 915 2654 ad
936 2602 1067 2670 gratiam
1091 2600 1294 2665 remissionis,
1315 2603 1340 2654 si
1360 2599 1442 2664 velit,
1462 2613 1566 2652 conce·

327 2668 479 2730 dendam;
501 2668 555 2722 sed
585 2675 692 2722 votum
719 2673 905 2724 sacramenti
925 2677 959 2724 ut
978 2671 1071 2724 medii
1100 2670 1250 2740 primarii,
1280 2675 1373 2740 prout
1391 2671 1430 2724 ab
1451 2669 1566 2723 illamet

327 2736 532 2807 dispositione
551 2753 608 2805 per
627 2737 884 2807 1·ationissaltern
912 2739 1141 2794 ‹listinctionem
1173 2740 1401 2801 internoscitur,
1430 2738 1564 2808 gradum

327 2806 518 2862 condicionis
537 2805 665 2874 obtinet,
684 2823 746 2876 qua
766 2823 828 2862 nrm
847 2809 974 2876 impleta
995 2809 1077 2863 Deus
1100 2809 1337 2877 dispositionem
1357 2809 1565 2878 qualemcum-

327 2892 386 2945 que
406 2891 463 2945 pro
482 2876 572 2930 venia
596 2877 741 2931 donanda
760 2877 827 2930 loeo
847 2877 939 2932 medii
966 2878 1106 2947 primarii
1134 2893 1243 2947 reapse
1269 2889 1464 2946 nequaquam
1483 2891 1564 2930 aere·

329 2951 439 3015 ptaret.
459 2943 609 3012 (Streub).

431 3015 477 3068 Ad
497 3018 521 3068 2.
548 3015 658 3068 Inutile
684 3015 872 3083 agitiwimus
897 3023 1093 3085 pracceptum
1117 3016 1295 3084 positivum,
1323 3014 1394 3084 cuia
1413 3033 1450 3070 ex
1473 3015 1565 3070 modo

329 3087 406 3207 ipsc,
432 3099 494 3152 quo
516 3084 598 3138 Deus
619 3083 720 3138 media
739 3085 879 3150 instituit,
906 3095 1105 3154 praeceptum
1127 3087 1315 3154 poieurandi
1335 3101 1412 3141 usus
1432 3085 1561 3140 actualis

328 3170 343 3207 c
355 3153 458 3208 avium
481 3156 689 3222 consequitur.
710 3155 813 3217 Quare
829 3159 899 3223 post
919 3156 1091 3210 institutam
1107 3156 1238 3210 clavium
1256 3161 1440 3222 potestatem
1461 3153 1564 3209 emilis

327 3239 402 3279 vera
422 3223 620 3304 perfectaque
639 3223 778 3278 contritio
798 3225 846 3277 vel
867 3226 974 3278 caritas
995 3229 1165 3293 peccatoris
1183 3226 1328 3294 baptizati
1348 3225 1386 3279 ad
1406 3241 1497 3279 usum
1513 3239 1563 3292 prr

328 3298 449 3348 testatis
477 3292 570 3346 huius
590 3308 651 3346 non
673 3293 775 3346 minus
800 3308 893 3361 quarm
915 3295 951 3347 ad
974 3309 1024 3348 res
1044 3300 1224 3364 praeceptas
1254 3301 1371 3348 ceteras
1392 3295 1501 3348 reterri
1520 3293 1565 3346 in·

326 3362 485 3485 telliffiitur.
522 3361 603 3415 Hinc
628 3377 684 3429 per
709 3377 742 3416 se
762 3367 868 3416 vritum
897 3377 974 3416 usus
994 3363 1063 3418 talis
1083 3363 1265 3432 implicitum
1286 3366 1481 3418 coniunctum
1504 3361 1563 3416 sibi

327 3432 378 3486 illa
418 3433 497 3496 abet,
517 3434 613 3486 immo
631 3432 670 3486 ab
690 3432 747 3485 lroe
767 3437 840 3485 voto
853 3432 977 3486 realiter
996 3449 1057 3486 nou
1076 3433 1289 3501 distinguitur,
1309 3449 1377 3488 taum
1399 3433 1564 3488 sanesitin

328 3517 361 3557 se
387 3501 534 3563 voluntas
560 3501 756 3554 custodiendi
780 3501 878 3570 legem
902 3502 955 3556 Dei
981 3502 1111 3572 itleoque
1141 3501 1317 3556 insumendi
1345 3502 1445 3558 media
1473 3501 1563 3556 saluti

329 3572 505 3625 necessaria
525 3577 553 3624 et
569 3570 709 3637 fugiendi
728 3571 849 3638 culpam
871 3588 994 3626 onmem
1014 3572 1122 3627 saltem
1143 3587 1282 3640 gravene
1303 3571 1477 3626 cuiusmodi
1497 3587 1564 3640 pro·

328 3640 464 3708 positum
491 3640 661 3707 respiciens
690 3655 727 3693 ex
756 3657 788 3694 sc
808 3642 920 3708 ornum,
949 3659 1027 3711 «luae
1048 3643 1131 3697 Deus
1158 3643 1224 3695 fieri
1254 3641 1327 3704 vult,
1355 3641 1458 3711 alege
1484 3656 1563 3695 nova

328 3709 452 3763 condita
471 3709 530 3762 iam
550 3708 640 3762 etiam
661 3709 700 3762 ad
715 3719 908 3764 sacramenta
928 3727 984 3779 per
995 3712 1049 3765 Dei
1064 3713 1254 3766 voluntatem
1275 3712 1305 3766 in
1320 3727 1352 3766 re
1367 3710 1563 3780 suscipienda

330 3778 530 3844 terminatur;
560 3794 615 3833 nec
635 3779 659 3831 si
681 3786 788 3834 totum
809 3781 993 3834 sacramenti
1013 3782 1177 3848 expetendi
1202 3781 1377 3849 explicitum
1399 3781 1564 3850 accederet,

331 3849 396 3914 hoc,
416 3848 454 3901 ad
474 3849 691 3902 contritionem
706 3849 839 3916 quidem,
858 3849 940 3903 aliud
961 3851 1125 3905 exsisteret
1145 3867 1178 3904 ac
1199 3866 1271 3919 pars
1286 3851 1437 3919 propositi
1457 3851 1562 3904 eadem

330 3917 512 3970 contritione
532 3918 758 3985 comprehensi:
778 3933 840 3986 qua
860 3921 890 3971 in
912 3919 1029 3973 ratione
1048 3935 1116 3974 eum
1138 3919 1204 3973 aliis
1225 3921 1306 3974 votis
1326 3919 1477 3988 explicitis
1496 3933 1564 3972 con·

328 3986 450 4040 cineret.
463 3985 611 4040 Similiter
621 3992 651 4040 et
661 3988 778 4041 attritio
790 3987 951 4041 suilli-iens
964 3989 1001 4042 ad
1014 3989 1133 4058 reliqua
1148 3990 1246 4042 media
1262 3991 1368 4042 veniae
1382 3987 1565 4043 secrmdaria

328 4071 398 4109 cum
417 4055 521 4110 fructu
541 4055 697 4123 capienda,
725 4063 759 4110 ut
778 4072 857 4125 quae
877 4058 1016 4111 excludat
1037 4058 1179 4126 pereeondi
1200 4058 1318 4112 (saltem
1340 4057 1490 4125 graviter)
1512 4073 1566 4108 vo·

330 4125 490 4192 luntatem,
511 4129 618 4178 votum
639 4125 824 4194 exquirendi
844 4127 952 4180 saltem
974 4133 1166 4182 sacramenta
1181 4131 1372 4195 praestituta,
1392 4127 1418 4181 si
1438 4143 1499 4182 non
1518 4141 1564 4180 ex·

329 4193 476 4316 plicitum,
504 4192 686 4262 implicitum
716 4201 818 4249 tamen
846 4196 877 4249 in
898 4211 930 4248 se
950 4197 1128 4250 contineret.
1167 4197 1282 4251 Deinde
1308 4205 1409 4252 autem
1431 4194 1563 4265 praecipi

338 4262 450 4316 remini
470 4266 624 4331 peccatori
643 4267 745 4332 ipsum
767 4273 992 4319 sacramentum
1013 4269 1105 4320 etiam
1127 4273 1335 4334 repugnare
1355 4281 1431 4334 ergo
1451 4266 1477 4320 si
1496 4280 1567 4320 cen·

328 4332 414 4386 tritio
439 4337 559 4386 tantum
585 4333 623 4386 ad
644 4341 807 4402 praecepta
835 4335 1012 4398 relerretnr,
1042 4351 1200 4404 uunquam
1228 4336 1307 4390 toret
1333 4341 1439 4390 vetum
1466 4334 1565 4404 ipsius

243 4467 248 4476 Ι
307 4401 524 4466 sacramenti,
544 4402 675 4470 ideoque
695 4404 797 4458 nodus
818 4405 896 4458 solvi
911 4420 1070 4473 nunqnam
1093 4413 1207 4473 posset.
1229 4405 1439 4468 (Quamobrem
1461 4403 1563 4486 potius

329 4471 503 4535 dicendum,
525 4472 658 4540 praecipi
672 4473 874 4526 determinate
886 4473 1001 4528 lromini
1018 4475 1168 4542 pec‹·,ntrn·i
1181 4475 1370 4528 vriluntatem
1386 4477 1561 4529 interrorem

327 4549 358 4594 et
380 4541 557 4609 petitionem
580 4546 764 4596 sacramenti
785 4543 977 4603 «exteriorem,
1003 4543 1103 4597 donec*
1121 4560 1169 4597 res
1190 4545 1283 4613 penta
1303 4545 1480 4599 «retineatur
1499 4559 1564 4610 per-

330 4616 537 4675 severantenn
558 4611 640 4665 unde
660 4611 700 4665 sit
719 4612 862 4665 contritio
877 4612 1022 4680 implicite
1043 4613 1150 4667 saltem
1168 4614 1320 4678 votumfi.
1333 4625 1357 4667 e'.
1369 4613 1563 4682 propositum

327 4680 420 4733 huius
450 4680 618 4734 voluntatis
644 4681 800 4734 interioris
830 4691 858 4734 et
885 4682 1041 4750 petitionis
1067 4683 1230 4737 exterioris
1258 4689 1452 4744 sacramenti;
1482 4681 1563 4750 atqui
