3450 5342
718 430 908 484 -115-

183 616 219 666 et
229 617 290 666 stet
307 618 338 665 et
347 612 580 693 oadatUPaulus
599 612 769 682 apostolus,
789 616 823 666 ut
834 611 1061 695 missionarius,
1084 627 1146 666 nou
1188 611 1268 668 otuit
1286 628 1349 667 non
1368 628 1438 667 esse

184 678 331 735 columen
342 685 456 749 privati
475 680 675 750 potissimum
692 680 879 752 mysticique
898 680 1129 737 christianismi.
1172 680 1297 749 iugulos
1317 682 1356 736 ad
1378 681 1439 751 pri·

186 754 293 805 vatam
301 764 339 831 ac
349 751 512 831 mysticam
523 751 774 807 communionem
785 764 855 806 cum
870 750 933 805 Deo
943 750 1178 806 exhortabatur.
1197 746 1300 819 Neque
1311 750 1381 807 ideo
1392 766 1438 805 as·

185 818 330 885 eetaiuit,
349 835 423 889 qum
434 820 570 875 Iudaeus
589 822 692 877 luerat
701 828 731 876 et
741 820 933 887 Pharisaeu,
954 820 1009 875 sed
1020 819 1090 889 quia
1103 820 1303 875 ascetismum
1318 820 1386 876 viae
1398 822 1436 875 ad

187 887 439 969 communionem
467 906 538 945 cum
568 891 632 945 Deo
657 890 875 959 compendium
904 904 974 945 esse
999 889 1163 945 iudicabat.
1201 889 1302 945 Nihilo
1334 891 1436 945 minus

185 958 272 1013 idem
292 958 409 1040 Paulus
423 967 556 1016 noverat
575 960 657 1015 viam
677 961 756 1015 hanc
768 975 832 1015 non
845 974 916 1016 esse
936 958 1116 1015 multorum.
1137 959 1225 1015 Unde
1245 975 1306 1015 non
1326 974 1437 1015 omnes

188 1026 229 1081 ad
249 1027 379 1083 eandem
398 1029 565 1085 ineundam
594 1029 762 1096 invitabam
788 1030 905 1085 sciebat
924 1042 999 1083 sane
1019 1028 1180 1085 Christum
1201 1044 1263 1083 non
1284 1028 1384 1083 solum
1405 1027 1436 1082 in

187 1096 349 1151 desertum
381 1098 543 1168 migrasse,
575 1099 629 1153 sed
658 1098 750 1153 etiam
784 1097 903 1169 nuptiis
937 1098 1145 1153 benedixisse.
1184 1096 1276 1153 Recte
1332 1096 1435 1157 uidem

192 1165 371 1248 Dobschirtz
395 1166 470 1223 dicit
498 1168 629 1223 Paulum
660 1167 861 1223 »moralitate«
893 1182 950 1223 sus
974 1166 1135 1237 lastigium
1163 1168 1315 1223 mor-alec
1339 1167 1437 1221 ristis·

106 1280 111 1289 .
189 1250 305 1290 norum
324 1252 390 1292 erus
410 1238 561 1308 temporis
581 1252 757 1307 superasse.
781 1236 842 1293 Sed
863 1236 948 1291 haci
973 1252 1008 1292 sa
1026 1236 1299 1292 animadversione
1319 1237 1437 1291 moveri

186 1304 308 1373 debuit,
333 1313 368 1361 ut
385 1312 537 1376 qrrareret,
556 1307 640 1362 unde
658 1312 744 1362 tanta
764 1306 851 1362 Pauli
871 1253 1035 1363 exceiiitas
1055 1322 1089 1360 ec
1108 1306 1210 1361 virtus
1231 1305 1369 1376 proiecta
1390 1306 1438 1361 sit.

191 1372 266 1443 Ipse
279 1376 358 1430 bene
371 1376 509 1432 ostendit
522 1378 671 1432 moralem
684 1376 907 1431 christianismi
926 1384 1046 1447 partem
1061 1376 1091 1430 in
1107 1374 1194 1430 t'auli
1208 1374 1438 1445 praedicatione

189 1458 254 1498 non
280 1460 471 1515 magnopere
497 1445 676 1502 eminuisse.
714 1445 913 1501 Manifestum
940 1450 987 1500 est
1013 1443 1076 1501 vim
1102 1460 1138 1499 ac
1165 1444 1314 1500 virtutem
1344 1444 1437 1499 huius

191 1528 325 1583 magnae
337 1516 578 1596 praedicationis
596 1532 614 1571 a
632 1516 765 1586 privato,
785 1514 917 1585 mystico
933 1513 1019 1569 Pauli
1039 1513 1269 1569 christianismo
1285 1528 1437 1582 manasse,

187 1583 232 1663 ab
250 1584 345 1639 animi
365 1586 429 1640 Deo
448 1586 618 1656 propinqui
637 1586 759 1641 ardore.
796 1584 928 1665 Oportet
947 1584 1071 1639 tandem
1092 1584 1259 1653 aliquando
1279 1584 1357 1639 abici
1376 1582 1439 1653 opi·

190 1668 326 1733 airinom,
346 1656 531 1710 monachum
547 1670 610 1714 non
623 1670 693 1712 esse
707 1654 768 1710 nisi
782 1654 905 1709 aridum
921 1652 1131 1723 frigidumque
1147 1660 1281 1708 ascetam
1298 1658 1327 1708 et
1341 1654 1439 1709 laxari

189 1730 348 1777 notionem
370 1723 552 1780 christianae
572 1724 800 1792 beneticentiae,
830 1727 864 1779 ut
883 1723 974 1779 etiam
997 1722 1169 1792 spiritualia
1190 1722 1338 1777 beneficia
1359 1738 1439 1777 corn-

191 1793 373 1873 prehepdat.
393 1794 479 1849 Duae
498 1800 603 1863 partes
621 1794 691 1849 illae
710 1807 880 1862 numquam
896 1796 1068 1861 potuerunt
1086 1806 1156 1847 esse
1176 1796 1345 1861 separatae,
1365 1790 1439 1861 quia

187 1862 443 1918 christianismus
472 1864 594 1919 moralis
623 1863 691 1919 sine
719 1879 749 1918 m
774 1864 852 1917 stico
880 1868 964 1917 esset
995 1862 1080 1917 velut
1108 1862 1212 1930 planta
1242 1862 1309 1916 sine
1338 1861 1440 1915 radice

191 1932 411 1988 homobonus
440 1933 507 1989 sine
535 1949 638 1989 amore
657 1934 720 1989 Dei.
748 1879 847 1987 Error
867 1930 1068 1987 Dobschiitzii
1097 1930 1232 1985 tortasse
1262 1946 1299 1985 ex
1329 1932 1439 1985 timore

190 2001 348 2056 ascetismi
379 2009 469 2058 ortus
493 2012 549 2067 est,
579 2018 670 2073 quem
700 2003 768 2072 ipse
795 2002 878 2057 idem
910 2016 979 2056 esse
1010 2015 1045 2055 ac
1077 1998 1305 2123 mpsticismum
1338 1999 1440 2067 (cuius

191 2086 267 2140 pars
280 2072 433 2141 quaedam
453 2076 512 2139 est)
530 2072 710 2127 existimare
724 2072 856 2127 videtur.
877 2069 1014 2126 Nimium
1034 2069 1100 2124 eius
1125 2084 1171 2123 em
1192 2068 1330 2124 studium
1350 2068 1441 2123 schri-

191 2140 348 2195 stianismi
359 2142 500 2197 moralis«
518 2142 610 2197 etiam
624 2142 654 2195 in
669 2141 873 2197 aestimandis
888 2138 1099 2195 monumentis
1113 2138 1285 2193 litterarum
1301 2142 1439 2208 apparet.

189 2210 356 2290 Tempora,
369 2212 484 2281 quibus
495 2210 747 2266 christianismus
762 2211 914 2280 mysticus
926 2208 1025 2265 elucet
1035 2213 1128 2291 atque
1139 2208 1263 2275 eminet,
1277 2208 1438 2262 abundare

189 2279 304 2334 litteris
329 2283 439 2335 aetatis
457 2281 520 2336 ima
543 2280 625 2336 inem
645 2296 739 2351 quam
765 2280 1007 2349 pulcherrimam
1034 2278 1218 2333 iacientibus
1237 2278 1326 2341 dicit;
1356 2277 1441 2331 velut

189 2350 257 2405 Act.
275 2350 423 2418 apostole
451 2358 490 2417 at,
510 2368 531 2405 u
554 2350 565 2405 i
583 2349 836 2405 christianismus
857 2348 1043 2419 practicus«
1065 2347 1179 2415 floruit,
1199 2346 1357 2403 fideliores
1377 2348 1441 2401 exi·

189 2418 299 2473 stimat
324 2435 394 2475 esse
418 2420 537 2487 iontes;
565 2419 713 2475 Hermam
745 2436 773 2473 v.
792 2436 821 2489 g.
839 2418 900 2473 iam
921 2430 1030 2487 ‚paene
1056 2416 1215 2472 criminari
1242 2430 1275 2471 se
1304 2430 1441 2485 suosque

189 2488 320 2569 tratrem
341 2490 449 2559 nigros
468 2490 583 2544 colores
597 2489 664 2544 eius
684 2488 823 2559 picturae
836 2502 969 2611 arguere
990 2485 1211 2541 sublimitatem
1228 2500 1360 2551 morum,
1382 2486 1441 2539 sin-

189 2565 359 2623 ceritatem,
373 2559 580 2614 veracitatem.
598 2559 637 2613 Et
646 2559 721 2613 haec
731 2556 854 2627 quidem
895 2556 1047 2612 obschiitz
1058 2555 1140 2623 dicit,
1152 2560 1319 2625 postquam
1331 2555 1439 2624 paucis

190 2633 264 2683 aute
277 2628 400 2697 paginis
419 2629 552 2684 eundem
567 2629 733 2696 superbiae
751 2642 787 2683 ac
800 2640 899 2682 vanas
917 2626 956 2681 de
971 2641 1003 2680 se
1017 2624 1256 2694 praedicationis
1273 2624 1437 2679 accusavit.

190 2697 279 2761 Quae
298 2698 329 2752 in
349 2713 412 2752 uno
431 2698 557 2754 homine
575 2712 669 2767 aegre
687 2700 929 2767 componuntur.

298 2767 335 2822 In
354 2767 501 2822 [asciculo
520 2769 545 2827 3.
582 2767 606 2821 Ι.
632 2767 847 2822 Stratonov
873 2764 905 2821 in
925 2761 1184 2819 commentatione
1207 2778 1264 2817 sua
1286 2760 1441 2817 »Zametlri

191 2852 234 2905 po
258 2836 358 2891 istorii
385 2835 524 2906 zemslrib
550 2834 913 2904 soborov‘liloskovskoj
943 2832 1035 2889 Rusi‹
1063 2831 1191 2902 exponit
1215 2831 1295 2886 inter
1318 2831 1375 2886 alia
1404 2830 1442 2885 de

190 2905 316 2975 origine
335 2905 428 2961 libelli
450 2906 586 2961 »Beseda
604 2906 802 2974 Valaamskib
822 2904 1060 2969 eudemones«,
1081 2916 1174 2972 quem
1195 2901 1276 2957 inter
1295 2916 1320 2957 a
1341 2902 1442 2957 150³-

194 2978 264 3030 1510
281 2976 489 3045 compositum
510 2990 581 3031 esse
599 2978 639 3032 ab
659 2976 785 3031 homine
803 2976 879 3029 laico
899 2972 1066 3030 existimat.

299 3045 336 3100 ln
361 3046 469 3101 eodem
490 3045 636 3101 fasciculo
657 3045 689 3099 B.
708 3044 860 3114 Spinozae
880 3043 1044 3097 Tractatus
1070 3038 1400 3109 theologico-politicus
1426 3054 1443 3095 a

195 3114 235 3170 bl.
256 3114 410 3184 Lopatlrin
429 3116 461 3169 in
481 3114 648 3170 Russicum
670 3129 783 3169 versus
803 3112 853 3169 edi
873 3118 1001 3181 coeptus
1021 3116 1077 3165 est.

297 3295 447 3359 llucarm
475 3312 500 3357 ιι
523 3293 716 3367 aoneeeuls
746 3292 938 3371 iosyurons
970 3282 1147 3353 oPoocir
1181 3292 1301 3364 sonus
1324 3282 1441 3349 XVII.

190 3402 216 3446 n
240 3399 381 3449 susara
403 3378 541 3445 xrnl.
565 3381 672 3445 ntra.
697 3376 731 3441 C.
755 3378 839 3463 tipo.
867 3379 957 3437 1904.
1001 3371 1150 3441 litterae
1173 3371 1331 3439 secretae
1357 3370 1443 3437 lesu·

192 3468 325 3549 iterum,
347 3465 399 3551 uui
425 3465 456 3533 io
480 3464 610 3547 tiresia,
634 3462 735 3534 Petro
759 3462 867 3531 Primo
892 3460 1060 3547 refluente,
1083 3456 1231 3527 fuerunt.

302 3575 357 3633 De
383 3575 650 3631 conversione
671 3570 886 3629 Russornm
910 3568 1089 3627 missionarii
1112 3562 1221 3623 bonam
1245 3582 1327 3643 spem
1352 3560 1442 3621 habe-

191 3661 273 3726 bant,
297 3664 321 3719 si
345 3659 578 3719 tamenlibertas
602 3659 754 3735 religionis
776 3656 884 3735 populo
901 3653 1117 3713 concederetur.
1144 3653 1269 3725 ,Russia
1292 3652 1355 3707 sire
1379 3648 1442 3707 Mo·

192 3750 294 3807 scoria
327 3767 386 3806 non
417 3758 463 3806 est
485 3766 546 3805 nux
569 3744 758 3822 infregibilis,
793 3746 817 3803 si
841 3745 969 3820 optimus
993 3741 1075 3798 Deus
1098 3742 1292 3807 misereretur,
1327 3747 1443 3797 tautum

191 3843 366 3913 opus·esset
388 3837 476 3892 unicis
498 3834 620 3891 licentii
643 3852 801 3891 caesarea:
824 3828 987 3901 indicibile,
1012 3838 1123 3905 quanta
1145 3826 1246 3905 populi
1269 3825 1354 3903 copia
1377 3843 1443 3902 par·

190 3921 273 3980 tibus
297 3923 405 3979 nostris
427 3918 598 3979 accederet‘*
625 3919 705 3998 (pag.
729 3917 813 3998 234).
842 3916 970 3993 ,Ingens
995 3914 1078 3972 brevi
1095 3935 1179 3991 seges
1195 3913 1286 3981 fieret,
1311 3911 1444 3970 sisolum

189 4008 313 4067 daretur
341 4008 466 4066 facultas
497 4005 618 4065 cuilibet
649 4005 688 4065 ad
711 4005 846 4063 libitum“
884 4004 963 4081 (pag.
988 4002 1074 4079 250).
1109 4001 1342 4061 Conuersionem
1366 3998 1445 4057 banc

189 4107 292 4155 autem
322 4096 388 4153 sine
418 4096 534 4171 magnis
564 4096 686 4152 iacturis
713 4091 792 4151 haud
824 4092 889 4148 ficri
913 4110 1005 4168 posse,
1040 4089 1150 4165 optime
1174 4086 1315 4147 sciebant.
1352 4084 1444 4159 ,Huc

192 4184 303 4241 fateor*
333 4214 372 4225 -
396 4184 439 4239 ite
461 4180 564 4239 scribit
587 4180 707 4259 quidam
730 4198 831 4237 eornm
855 4210 897 4221 -
932 4178 997 4235 sine
1020 4173 1201 4253 martyribus
1225 4194 1284 4231 non
1308 4184 1446 4248 ageretur

190 4272 352 4347 negotium,
388 4267 440 4327 sed
463 4268 519 4327 hoc
541 4279 594 4339 est,
617 4266 696 4346 quod
718 4286 770 4345 pro
793 4266 926 4343 praemio
949 4282 966 4320 s
989 4262 1054 4319 Deo
1077 4263 1155 4338 grati
1180 4260 1342 4336 suscepturi
1367 4278 1446 4316 esse·

191 4362 275 4415 mus'·
311 4356 389 4434 (pag.
414 4355 497 4429 234).
534 4356 675 4415 Omnium
706 4354 833 4432 primum
864 4347 1054 4428 exoptabant,
1088 4357 1120 4406 ut
1150 4356 1271 4424 possent
1306 4343 1447 4403 reducere

189 4464 294 4502 omnes
324 4442 400 4512 illos,
430 4443 481 4519 qni
511 4444 543 4499 in
574 4439 710 4499 absentia
739 4437 925 4498 sacerdotum
948 4434 1158 4493 catholicorum
1181 4434 1383 4491 transiverunt
1408 4430 1446 4489 sd

191 4530 324 4589 schisma
353 4530 432 4609 (pag.
452 4529 536 4605 237).
570 4526 630 4586 sed
653 4535 777 4586 eventus
800 4524 1018 4604 exspectationi
1042 4523 1164 4579 minime
1187 4516 1347 4597 respoudit.
1382 4516 1446 4576 Nn-

190 4637 289 4675 merus
318 4636 525 4675 conversorum
556 4634 660 4673 revere
689 4612 777 4671 valde
807 4622 870 4670 erat
899 4612 1044 4687 exiguus:
1079 4628 1104 4666 s.
1131 4608 1212 4666 1698
1241 4614 1447 4679 ,accesserunt

190 4724 230 4762 ex
254 4704 370 4762 haeresi
393 4713 515 4763 sanctae
537 4701 680 4761 ecclesiae
704 4720 846 4779 personae
871 4709 950 4769 tres;
985 4698 1084 4755 unitus
1115 4694 1170 4753 fuit
1193 4693 1337 4752 ecclesiae
1361 4711 1436 4749 unns
