3450 5342
491 551 603 607 l'nioni
624 549 833 605 restituendae
852 550 883 604 in
899 551 1043 620 proximo
1057 549 1186 604 concilio
1204 549 1352 604 ecclesiae
1371 549 1528 604 Russime
1544 567 1599 603 neu

383 621 511 676 favebit.
539 620 716 676 Doctriuam
738 619 941 688 theologicam
963 619 1121 674 emendari
1141 635 1175 673 ac
1200 619 1307 688 perfici
1335 619 1552 673 necessarium
1572 633 1608 673 est.

384 691 443 745 etsi
465 697 510 744 tot
530 705 581 744 res
601 689 639 744 ad
660 689 847 758 theologiam
875 693 1051 814 spectantes
1071 688 1204 743 edantur
1222 689 1252 742 in
1274 687 1393 742 Russia
1416 697 1498 758 quot
1516 703 1609 757 praere:

384 759 586 814 Germaniam
606 765 637 814 et
656 757 798 828 Angliam
819 757 895 812 nulli
920 759 937 812 i.
960 757 1164 812 Emendatum
1186 757 1366 812 institutum
1391 759 1608 812 seminar-ieme

382 829 568 884 clericalium
595 844 630 883 ac
648 827 776 882 libertas
800 827 953 882 sentiendi
978 827 1113 896 optimos
1139 827 1260 882 fructus
1280 827 1603 952 ceptissliimezfflt

1342 915 1357 950 r

887 1069 1127 1148 RUSSlCA.

495 1241 536 1310 K.
560 1239 803 1328 Zaprtidskij,
828 1243 1012 1332 vocitasti]
1036 1243 1147 1312 sobet.
1169 1247 1208 1304 ll.
1228 1249 1308 1304 ltit'ttt
1335 1249 1428 1322 tlt-to
1446 1247 1482 1320 r.)
1507 1251 1544 1305 tt
1560 1268 1607 1324 [aa

495 1334 559 1391 Hoc
574 1332 676 1392 libello
692 1327 727 1394 Z.
752 1335 900 1391 notionem
925 1333 1042 1392 concilii
1059 1335 1238 1390 oecumenici
1258 1333 1415 1412 explicare
1441 1351 1472 1392 et
1491 1334 1610 1391 illustrare

383 1430 513 1481 conatur.
544 1421 675 1478 Primum
699 1432 789 1494 negat
810 1420 936 1478 concilia
960 1422 1057 1478 vorari
1088 1421 1275 1478 oecumenica
1305 1419 1343 1478 ob
1374 1425 1519 1479 omnium
1548 1437 1612 1477 totu-

383 1507 463 1566 orbis
485 1520 581 1565 terrae
594 1509 796 1586 episcoporum
819 1508 1073 1566 convocationem:
1094 1509 1281 1565 oecumenica
1304 1519 1460 1566 vocantur
1475 1523 1613 1586 propterea,

384 1594 462 1672 quod
485 1595 614 1673 episcopi
638 1596 791 1651 civitatum
814 1594 1019 1672 principalium
1045 1595 1159 1671 imperii
1185 1595 1308 1651 Romani
1332 1593 1468 1652 aderant
1493 1611 1523 1652 ut
1546 1595 1613 1670 lega:

383 1681 504 1760 quidam
535 1681 833 1764 (npefmraanrenu)
868 1683 1084 1758 provinciarum
1116 1683 1155 1758 (p,
1186 1677 1226 1758 a),
1261 1681 1302 1738 'L't
1336 1685 1483 1758 agnoscit
1514 1683 1614 1740 concilis

383 1771 472 1825 etiam
497 1768 630 1826 infimum
652 1767 762 1826 clerum
785 1777 814 1824 et
833 1768 997 1826 saeculares
1022 1767 1196 1836 interlineas,
1220 1769 1262 1824 ita
1285 1774 1363 1842 (cum
1390 1768 1520 1844 Hefelel
1543 1769 1614 1826 solun

383 1858 428 1912 ius
451 1854 679 1913 consultatit'um
703 1856 746 1912 eia
769 1852 872 1912 tribuit
894 1863 933 1932 (p.
960 1855 1019 1928 10).
1038 1853 1115 1910 l'era
1138 1852 1268 1912 membra
1284 1853 1554 1934 idbjstvitel'npmi
1574 1856 1614 1910 ile

383 1943 486 2020 nami),
504 1961 580 2020 quae
603 1939 640 1998 de
656 1940 719 2017 ipso
741 1940 879 2017 dogmate
902 1951 989 2020 atque
1005 1939 1164 2018 disciplina
1187 1941 1389 1999 ecclesiastica
1416 1941 1616 2019 disceptabant.

384 2030 475 2086 inisse
505 2038 620 2086 tantum
650 2029 803 2106 episcopos
833 2042 874 2106 tp.
908 2030 968 2104 11).
1001 2027 1039 2086 l't
1070 2026 1227 2086 concilium
1260 2029 1297 2085 sit
1320 2031 1558 2088 oecumenicum.
1584 2022 1616 2086 Z..

382 2116 504 2173 innixus
536 2117 610 2172 actis
640 2114 829 2172 conciliorum
860 2114 964 2172 saltem
999 2115 1194 2192 praesentiam
1229 2115 1473 2192 patriarcharum
1511 2115 1615 2193 postulat

383 2198 424 2279 (p.
451 2201 510 2276 13).
539 2201 699 2258 Praeterea
727 2203 818 2258 etiam
848 2202 1136 2279 metropolitanorum
1168 2203 1334 2278 praeseutia
1365 2205 1544 2260 necessaria
1570 2215 1614 2257 eret

383 2289 423 2366 (p.
460 2290 508 2347 13.
546 2287 606 2363 lt).
640 2287 852 2366 Episcoporum
888 2291 1054 2366 praesentia
1086 2291 1115 2346 in
1149 2289 1274 2345 concilio
1304 2309 1343 2346 ex
1378 2289 1512 2348 arbitrio
1545 2291 1614 2367 patri-

383 2375 536 2433 archarum
552 2374 604 2432 vel
614 2374 904 2451 metropolitanorum
921 2373 1075 2453 pendebat.
1091 2375 1216 2432 Decreta
1227 2377 1287 2432 vim
1301 2373 1460 2434 habebant
1475 2373 1615 2435 secundun

383 2457 420 2522 Ζ.
443 2459 569 2518 alibero
591 2463 721 2518 omnium
742 2481 863 2519 assensu
887 2481 945 2520 non
964 2461 1001 2520 ab
1025 2462 1123 2539 aliqua
1143 2463 1290 2538 superiore
1306 2465 1491 2521 auctoritate
1508 2466 1545 2541 tp.
1565 2467 1613 2518 iti:

383 2567 603 2626 nonnumquam
633 2567 770 2605 assensus
797 2547 914 2606 concilii
943 2547 979 2606 de
1008 2548 1106 2626 aliqua
1134 2569 1164 2605 rc
1188 2549 1291 2626 potiori
1320 2551 1397 2627 parti
1431 2551 1615 2628 praesentim

383 2633 565 2694 innitebatur
592 2644 631 2712 lp.
663 2637 732 2710 th).
761 2635 796 2694 P.
830 2637 894 2692 17³.
926 2629 962 2696 Z.
985 2633 1021 2692 dc
1045 2633 1179 2712 praeside
1201 2635 1391 2694 conciliorum
1426 2639 1613 2714 epuaestioueu

383 2724 511 2780 instituit
539 2733 627 2799 atque
656 2720 816 2782 contendit
847 2721 928 2780 nullo
951 2719 1037 2780 modo
1061 2742 1125 2779 cum
1157 2721 1332 2780 certitudine
1363 2726 1510 2799 cognosci
1541 2743 1616 2801 posse.

383 2811 449 2885 quis
473 2808 528 2865 hoc
552 2827 672 2865 munere
695 2807 812 2865 functus
835 2811 883 2868 sit.
905 2809 1100 2884 ilistinguens
1124 2810 1200 2866 iuter
1222 2818 1400 2867 momentum
1429 2809 1614 2887 dogmaticum

385 2911 413 2950 et
438 2897 612 2952 canonicum
628 2894 818 2954 conciliorum
842 2898 930 2973 priori
956 2898 1015 2952 vim
1040 2895 1262 2954 ini'allibilitatis
1285 2916 1329 2952 ex
1353 2897 1441 2974 ipsa
1466 2896 1613 2956 concilii

385 2979 661 3038 natura-tribuit
683 2994 712 3038 et
743 2982 785 3038 ita
812 2991 912 3059 aperie
943 2984 1073 3060 opinioni
1103 2983 1279 3040 asseclarum
1311 2983 1514 3058 Homjakorii
1544 2998 1615 3059 atque

383 3069 509 3144 ipsomm
534 3067 775 3145 patriarcharum,
805 3071 855 3145 qui
879 3070 1059 3148 encyclicam
1088 3091 1113 3129 a.
1140 3071 1218 3127 1859
1249 3068 1413 3136 ediderunt,
1448 3070 1614 3128 adversatur.

382 3157 431 3242 epti
456 3156 643 3212 sanctitatem
667 3165 696 3211 et
715 3155 845 3212 valorem
869 3155 1065 3233 dogmaticum
1083 3155 1263 3214 decretorum
1288 3176 1346 3214 non
1369 3155 1406 3214 ab
1433 3159 1504 3235 ipsa
1527 3169 1613 3216 natura

382 3242 500 3299 concilii
512 3240 564 3298 sed
577 3239 614 3298 ab
627 3240 786 3298 accedente
796 3263 939 3300 consensu
952 3245 1050 3321 populi
1062 3243 1216 3301 christiani
1229 3241 1401 3320 repetebant
1422 3253 1467 3322 (ρ.
1482 3247 1597 3302 19-91
1610 3286 1614 3294 .

382 3327 470 3403 Quod
498 3339 677 3385 momentum
708 3331 880 3387 canonicum
913 3331 1026 3396 attinet,
1050 3332 1217 3408 opinionem
1248 3329 1420 3408 professoris
1455 3330 1611 3389 Bcrdnikot

383 3415 438 3483 tl'o
457 3413 574 3492 povodu
590 3416 715 3472 recenzii
740 3435 779 3472 na
795 3415 993 3502 izalddovanie
1009 3417 1144 3474 l'avlora
1166 3416 1286 3492 naq)
1309 3429 1338 3474 et
1354 3419 1490 3496 episcopi
1510 3419 1613 3476 loannis

382 3535 421 3544 -
448 3515 551 3559 contra
573 3502 646 3579 prof.
675 3501 829 3560 Latiares·
852 3501 919 3578 (ῌτ.
944 3506 988 3561 Ut.
1016 3506 1105 3572 1999,
1131 3505 1168 3572 11,
1192 3525 1218 3581 p.
1246 3503 1396 3578 480-2),
1418 3525 1513 3582 quem
1536 3504 1614 3582 opini-

381 3590 479 3646 nionis
496 3609 565 3645 suae
581 3588 642 3645 fere
665 3590 782 3646 unicum
799 3589 1000 3648 adversarium
1018 3611 1082 3648 esse
1101 3589 1173 3648 dicit
1200 3623 1232 3632 -
1248 3591 1444 3668 amplectitur.
1469 3595 1612 3651 cantamen

380 3675 570 3732 conciliorum
592 3674 780 3733 definitiones
809 3697 873 3734 esse
896 3676 1052 3735 mutabiles
1083 3675 1123 3754 (p.
1148 3672 1296 3755 21-24.)
1321 3712 1359 3718 --
1385 3679 1557 3736 Concilium
1577 3700 1612 3733 oe

380 3764 563 3820 curneuicum
587 3783 646 3820 non
669 3783 733 3820 ease
749 3783 891 3840 organum
915 3763 1095 3822 ordinarium
1119 3763 1171 3822 sed
1194 3763 1464 3823 extraordinarium
1485 3765 1611 3824 ecclesiae

381 3870 436 3906 nec
466 3849 608 3906 adversus
641 3848 783 3906 idulium
814 3869 878 3906 esse.
911 3851 1146 3927 provocationem
1178 3853 1299 3928 exponit
1330 3873 1356 3930 p.
1389 3853 1462 3908 :tt--
1480 3856 1509 3910 li.
1540 3849 1610 3910 [nde

380 3934 485 3992 delinit
514 3935 670 3992 concilium
702 3938 933 3994 oecumenicum:
956 3939 1112 3996 concilium
1144 3941 1362 3995 oecumenicum
1392 3951 1437 3996 est
1462 3953 1610 3998 conventio

380 4021 639 4085 extraordinarius.
655 4024 794 4098 exiguum
810 4033 926 4100 tempus
943 4045 1073 4096 manens,
1091 4025 1474 4102 episcoporum-legatorum
1501 4038 1525 4098 t.
1565 4047 1612 4082 mp

379 4106 622 4181 tropolitanorum
645 4121 674 4164 ct
698 4109 942 4185 patriarcharum)
965 4114 1094 4170 omnium
1119 4113 1307 4170 ecclesiarum
1330 4114 1374 4170 sui
1399 4115 1473 4171 iuris
1498 4115 1611 4190 (autore

379 4191 555 4268 phalarum),
586 4195 634 4270 qui
659 4196 773 4252 inanis
803 4193 930 4253 decretis
958 4217 976 4253 a
999 4201 1109 4276 Spiritu
1140 4219 1161 4256 s.
1185 4200 1295 4275 regitur·
1325 4197 1452 4276 ideoque
1484 4203 1516 4259 iu
1539 4200 1609 4258 reba

380 4277 448 4333 tidei
483 4298 535 4354 pro
565 4279 700 4337 omnibus
734 4282 916 4360 temporibus
948 4285 1010 4341 iura
1040 4287 1171 4361 magistri
1203 4283 1373 4344 infallibilis
1406 4295 1496 4364 atque
1528 4289 1609 4361 legun

381 4366 524 4420 sanctoris
548 4377 577 4422 et
593 4365 698 4423 iudicia
717 4371 844 4445 supremi
862 4369 1016 4444 (adversus
1039 4391 1124 4448 quem
1142 4372 1263 4449 apellari
1280 4391 1338 4429 non
1355 4375 1461 4451 possit)
1479 4386 1563 4433 tenet.
1578 4405 1606 4413 -

379 4451 429 4509 Ius
445 4452 628 4510 convocandi
641 4453 767 4510 concilia
778 4459 966 4514 oecumenica
985 4450 1021 4517 Ζ.
1035 4457 1257 4535 imperatoribus
1270 4457 1373 4516 tribuit
1389 4471 1479 4538 atque
1491 4463 1608 4521 Romano

378 4539 510 4614 pontitici
534 4538 612 4596 idem
628 4541 748 4597 omnino
771 4539 911 4617 denegat:
935 4563 1021 4620 (luam
1040 4559 1138 4602 tamen
1162 4547 1338 4614 sententiam
1363 4553 1546 4624 argumentis
1561 4565 1606 4606 neu

376 4627 568 4701 persequitur.
592 4627 755 4704 (tt-30).
