3450 5342
801 383 993 437 -111-

381 572 430 628 Ex
453 570 589 629 omnibus
611 569 786 629 tractatibus
808 572 879 641 eius,
903 572 953 648 qni
977 582 1148 648 supersunt:
1168 570 1215 627 lle
1238 572 1374 649 passione
1399 570 1518 639 Christi,

274 658 320 715 111
352 657 453 717 decem
476 660 651 737 praeceptis,
685 658 819 716 nonnulli
842 678 992 715 sermones
1025 666 1169 717 extantes.
1204 656 1322 733 regulae
1350 660 1457 715 veteris
1490 666 1520 715 et

274 747 344 803 novi
374 746 544 803 testamenti
578 754 669 803 totam
703 744 868 803 doctrinam
906 746 969 801 eius
1003 746 1131 801 maxime
1166 742 1338 803 dilucidant.
1372 745 1408 804 In
1439 754 1520 822 parte

273 832 361 890 huius
383 830 452 888 libri
475 833 562 889 tertia
583 830 720 889 doctrina
741 832 781 889 M.
805 832 895 889 nostri
931 830 1091 889 secuudum
1126 830 1282 909 synthesin
1320 840 1348 889 et
1383 831 1520 909 arralysin

273 916 438 978 exhibetur.

382 1005 557 1061 lloctrinam
584 1004 776 1063 christianam
810 1012 899 1082 atque
937 1004 1091 1062 eeclesiam
1131 1004 1242 1063 Christi
1280 1026 1296 1061 e
1334 1005 1520 1063 sanctissima

274 1092 422 1150 Trinitatc
438 1089 565 1162 deducit,
588 1092 663 1149 sicut
677 1111 741 1148 mos
764 1101 809 1149 cst
827 1090 1021 1161 scholasticis,
1045 1089 1198 1167 inquibus
1221 1090 1317 1149 abeis
1341 1111 1399 1149 uon
1416 1089 1519 1147 diflert.

201 1178 204 1181 ’
273 1178 376 1237 Etiam
398 1178 554 1236 ecclesiam
576 1177 682 1235 definit
704 1198 768 1235 esse
787 1179 1045 1255 congregationem
1069 1189 1235 1235 sanctarum
1254 1178 1318 1247 Dei,
1342 1179 1392 1255 qui
1417 1180 1520 1235 risnnt

274 1275 303 1323 et
326 1277 453 1342 aguntur
476 1266 580 1343 spiritu
603 1275 632 1322 et
655 1266 719 1321 rita
742 1265 808 1321 lesu
833 1264 953 1332 Christi,
980 1267 1061 1323 cuius
1084 1266 1182 1321 unitas
1206 1274 1250 1321 est
1273 1263 1468 1341 pulcherrima
1491 1272 1520 1319 et

273 1351 467 1409 delectabilis.

382 1438 542 1496 Historicis
564 1440 632 1498 aevi
655 1439 746 1495 nostri
769 1456 895 1515 aequum
919 1448 963 1495 est
985 1438 1130 1515 respicere
1149 1436 1186 1495 ad
1210 1456 1313 1495 causas
1345 1436 1520 1507 schismatis,

274 1545 347 1603 quas
377 1526 478 1583 affert:
507 1546 566 1583 non
589 1533 704 1582 tantam
737 1523 925 1603 presbyteros
949 1524 1122 1593 saeculares,
1153 1526 1202 1601 qui
1230 1524 1345 1601 replent
1367 1524 1519 1581 ecclesiam

275 1610 398 1683 divitiis,
430 1609 631 1690 voluptatibus
653 1622 682 1667 et
705 1609 865 1669 honoribus
892 1611 977 1669 huius
1001 1609 1111 1680 mundi,
1145 1610 1197 1669 sed
1220 1613 1310 1669 etiarn
1332 1608 1521 1689 tyrannidem

277 1700 454 1777 principum,
487 1698 693 1776 praelatomm,
720 1708 750 1755 et
780 1700 903 1755 nimiam
941 1700 1143 1756 auctoritatem
1174 1706 1262 1775 atque
1289 1695 1519 1756 iurisdictionem

275 1785 494 1844 monachorum.
516 1785 577 1843 Fas
596 1793 640 1843 est
662 1785 812 1863 applicare
834 1784 889 1843 has
908 1803 1011 1843 causas
1034 1784 1071 1842 ad
1094 1784 1180 1843 huius
1203 1786 1343 1863 temporis
1366 1783 1520 1843 historicos

274 1892 382 1951 eosque
405 1872 556 1929 confutare
579 1872 671 1929 nimio
694 1874 821 1949 partium
844 1870 950 1929 studio.

383 1960 512 2017 Animus
534 1958 575 2015 M.
598 1958 743 2015 Matthiae
771 1957 807 2015 de
829 1958 937 2015 dauon*
961 1968 1126 2036 occupatur,
1159 1970 1191 2015 at
1213 1978 1276 2015 mos
1300 1970 1363 2017 erat
1386 1956 1519 2015 omnibus

276 2043 458 2123 aequalibus,
482 2044 688 2103 reformatione
704 2045 854 2115 ecclesiae,
878 2064 966 2123 quam
990 2046 1133 2122 conspicit
1149 2047 1179 2101 in
1196 2047 1370 2123 purgatione
1388 2042 1517 2102 eiusdem

275 2130 313 2189 ab
329 2130 465 2190 omnibus
486 2130 747 2191 adinventionibus
763 2131 909 2200 humanis,
933 2152 1008 2209 quae
1025 2152 1082 2189 1111
1106 2130 1285 2189 concordant
1299 2152 1366 2189 cum
1387 2130 1518 2189 doctrina

276 2218 345 2275 Iesu
368 2218 488 2291 Christi,
522 2219 718 2297 apostolomm
749 2228 778 2276 et
800 2218 1017 2296 prophetamm.
1063 2218 1104 2275 ltt
1134 2217 1192 2275 alio
1226 2218 1290 2275 loco
1313 2218 1404 2276 dicit:
1443 2218 1518 2275 solus

277 2306 396 2381 spiritus
423 2306 491 2363 lesu
515 2306 627 2363 Christi
650 2315 746 2383 potest
775 2325 944 2383 comparare
968 2306 1111 2363 unitatem
1142 2315 1170 2363 et
1194 2324 1305 2383 pacem.
1349 2304 1398 2363 Ad
1424 2303 1519 2362 media

277 2390 365 2449 huius
387 2394 510 2450 unitatis
531 2394 667 2470 pertinet.
701 2403 732 2451 ut
756 2413 857 2451 omnes
880 2392 999 2468 regulae
1023 2394 1202 2451 monasticae
1226 2392 1397 2451 auferantur
1430 2403 1457 2449 ct
1480 2390 1518 2447 ad

277 2478 388 2536 clerum
422 2478 601 2537 saecularem
624 2478 753 2542 redeant.
788 2482 838 2557 qni
861 2477 977 2557 plebem
1012 2498 1196 2538 commanem
1222 2478 1322 2538 labore
1356 2480 1518 2537 animarum

276 2564 373 2623 zeloso
396 2567 536 2625 nutriant.
560 2565 647 2623 Hanc
670 2565 907 2623 reformationem
924 2564 1083 2623 secundum
1107 2568 1375 2645 praestantissimos
1398 2566 1518 2623 sanctis-

276 2654 424 2730 simosque
439 2654 518 2710 viros
533 2650 713 2731 presbyt-eris
729 2662 758 2709 et
781 2652 866 2709 verbi
878 2652 936 2711 Ilei
952 2652 1179 2711 seminatoribus
1197 2672 1261 2711 esse
1276 2651 1518 2731 prosequendam.

385 2738 522 2798 saeuum
543 2758 637 2816 eaque
659 2740 782 2795 maximi
805 2741 946 2797 momenti
968 2758 1036 2816 pars
1059 2738 1210 2798 doctrinae
1236 2740 1276 2797 M.
1299 2740 1339 2797 M.
1362 2739 1390 2797 d.
1413 2739 1516 2797 Janow

275 2835 321 2883 est
342 2824 380 2883 de
402 2824 566 2884 venerabili
590 2835 773 2884 sacramento
799 2826 1003 2887 eucharistiae.
1036 2827 1081 2883 llo
1104 2838 1235 2905 tempore
1257 2825 1294 2885 de
1317 2828 1517 2885 commuuione

274 2912 325 2969 vel
348 2910 521 2989 ‹lastidiana
543 2932 603 2969 non
625 2919 739 2970 tantum
764 2911 928 2971 adultorum
952 2912 1004 2969 scd
1027 2924 1056 2970 et
1080 2912 1238 2971 infantium
1258 2912 1453 2991 disceptatum
1476 2920 1518 2969 est

274 2998 615 3057 11111·(1111111111111
638 3019 691 3076 pro
707 2998 881 3076 quotidiana
904 3001 1108 3057 communione
1128 3010 1248 3079 pugnat,
1272 3020 1449 3079 quamquam
1472 3020 1518 3077 sy-

276 3083 347 3143 nodi
370 3085 537 3161 Pragenses
559 3084 724 3143 celebratae
746 3106 830 3144 nsum
853 3086 995 3144 ecclesiae
1021 3095 1153 3145 statuunt
1176 3096 1263 3165 atque
1287 3086 1450 3145 luculenter
1471 3084 1518 3142 de-

276 3172 392 3229 finiunt.
416 3172 500 3247 Quae
516 3174 683 3230 communio
698 3172 872 3251 quotidiana
892 3172 1051 3231 secundum
1069 3184 1215 3233 auctorem
1233 3181 1364 3233 nostrum
1387 3192 1517 3231 connexa

274 3270 321 3316 est
343 3278 409 3317 cum
432 3258 587 3317 husitismo
610 3260 659 3316 rel
681 3262 862 3336 utraquismo
887 3260 995 3317 saeculi
1020 3260 1087 3317 XV.
1110 3262 1142 3318 in
1166 3260 1244 3319 hunc
1266 3259 1403 3319 modum:
1426 3262 1518 3317 inteu-

275 3346 387 3403 tionem
411 3346 450 3405 M.
474 3346 621 3404 Matthiae
643 3345 680 3403 de
702 3346 810 3405 Janow
840 3346 931 3405 fuisse
954 3349 985 3403 in
1009 3346 1181 3425 quotidiana
1204 3348 1409 3406 communione
1433 3347 1518 3405 laicos

276 3431 406 3490 faciendi
430 3433 542 3491 similes
560 3432 609 3489 vel
632 3433 770 3510 aequales
793 3430 983 3512 presbyteris,
1006 3433 1083 3511 qnod
1107 3455 1177 3492 vero
1199 3434 1269 3493 fecit
1291 3434 1331 3492 M.
1354 3432 1392 3492 de
1414 3434 1517 3493 dauon

276 3522 493 3577 consummarit
508 3520 706 3596 utraquismus
730 3529 759 3577 et
774 3523 928 3598 expressit,
952 3540 1040 3599 quum
1057 3530 1086 3579 et
1108 3522 1192 3580 laicis
1208 3520 1261 3579 sub
1285 3529 1409 3599 utraque
1425 3521 1518 3599 specie

276 3604 450 3663 sumendam
478 3606 686 3663 eucharistiam
709 3628 774 3665 esse
796 3616 948 3667 assereret.
971 3606 1020 3665 Ad
1043 3608 1132 3665 finem
1148 3610 1244 3686 operis
1266 3618 1399 3666 tenorem
1422 3606 1518 3685 scripti

276 3692 322 3749 sui
345 3700 445 3749 auctor
468 3694 616 3770 exprimit,
639 3714 702 3751 csse
725 3692 881 3752 historicas
904 3696 1039 3771 ineptias,
1074 3696 1098 3753 si
1121 3704 1246 3772 ponatur
1268 3694 1456 3753 husitismum
1478 3713 1519 3751 er·

276 3796 356 3835 rores
372 3777 571 3837 Wiklefiticos
595 3782 799 3857 assumpsisse,
824 3779 876 3838 sed
899 3783 976 3838 inter
998 3779 1237 3858 praedecessores
1260 3782 1300 3839 ll.
1316 3782 1439 3839 Ioannis
1458 3780 1520 3837 Hns

276 3864 307 3921 e't
328 3866 542 3941 utraquismum
566 3867 676 3923 saeculi
699 3867 768 3927 XV.
791 3868 920 3924 maxime
944 3888 1014 3925 vero
1038 3868 1078 3925 M.
1101 3868 1246 3926 Matthiae
1269 3867 1306 3926 dc
1329 3868 1438 3926 Janow
1461 3868 1520 3925 exi-

277 3960 355 4008 stere
379 3951 487 4008 realem
510 3960 684 4024 contactum,
715 3952 893 4031 quamquam
917 3954 1063 4011 clementa
1086 3956 1250 4013 wiclefitica
1273 3954 1429 4013 husitismo
1451 3975 1521 4012 nou-

276 4035 360 4094 nulla
382 4051 465 4114 parte
487 4038 651 4096 inhaerent.
1402 4064 1404 4067 ·

384 4123 494 4202 Opinio
517 4124 591 4181 haec
606 4128 733 4183 auctoris
756 4146 834 4185 nova
848 4128 1030 4203 argumentis
1054 4128 1203 4185 nonnullis
1219 4126 1366 4205 probatur,
1389 4126 1521 4186 sednon

278 4222 325 4268 est.
347 4209 421 4269 adeo
445 4210 566 4289 liquida,
590 4232 664 4289 quae
687 4212 786 4269 multis
809 4212 1042 4271 dubitationibus
1065 4234 1125 4272 non
1147 4222 1255 4275 careat.

1086 4295 1311 4362 Franciscas
1336 4279 1480 4379 secare.

374 4446 435 4529 'Dc
448 4448 515 4501 Ant.
528 4446 663 4529 Kubldek,
680 4446 815 4529 l'larlstd
830 4449 954 4532 ajallelt
968 4450 1067 4521 stoty.
1084 4451 1228 4506 Zrlristni
1241 4452 1325 4506 otislr
1338 4450 1392 4505 z=I.
1407 4448 1520 4521 zprars’

275 4532 300 4571 c.
320 4516 349 4570 k.
368 4520 483 4571 ustavu
512 4516 555 4570 ku
584 4516 727 4570 vzdelanr
756 4519 870 4573 ueitelu
901 4536 918 4574 r
950 4520 1131 4575 Krorneiiti.
1169 4520 1332 4582 (Plarlstu
1359 4532 1522 4589 eorumque

276 4585 411 4644 schalas.
439 4586 589 4653 Separata
607 4585 701 4639 editio
721 4592 872 4642 tractatus
892 4588 922 4643 in
943 4588 966 4643 I.
986 4596 1221 4659 programmate
1245 4606 1267 4645 c.
1288 4606 1312 4647 r.
1330 4588 1465 4645 instituti
1485 4589 1521 4643 ad

278 4654 514 4723 praeparandos
534 4654 772 4722 ludimagistros
793 4656 954 4712 Cremsirii
974 4658 1005 4713 in
1028 4659 1187 4727 hieracia.)
