3450 5342
885 401 1059 457 ..26-

344 597 437 663 Cone,
475 593 509 651 G.
541 590 739 660 ll'eiasttclrer‚
777 594 815 650 O.
846 587 1010 648 Ptleidcrer
1040 588 1214 650 volucruntr.
1265 589 1590 668 „Avorsr‘lpopps'voc'

343 683 412 740 Act
437 683 487 751 22,
512 682 529 736 3
555 679 633 757 (cum
656 677 697 735 M.
720 676 791 736 Chr.
815 676 942 752 Wollio)
965 675 1002 736 de
1025 674 1129 734 sedula
1150 687 1180 734 et
1203 683 1340 734 accurata
1362 674 1529 736 eruditione
1540 698 1597 736 ex-

342 768 444 846 plicat,
468 786 544 846 quac
567 775 634 835 stat,
665 765 782 822 etiamsi
803 762 916 822 Paulus
947 783 1042 842 neque
1066 783 1084 822 a
1105 765 1203 841 pueris
1235 783 1331 841 neque
1358 765 1496 822 continuo
1522 764 1597 822 Hie-

344 855 503 934 rosolymis
525 850 643 929 degisse
666 850 782 908 dicitur.

449 941 557 1018 Capito
573 935 1118 1016 seeund0(1st—232)u1teriusism
1130 935 1291 1014 procedens
1303 949 1332 992 et
1346 937 1474 994 maxime
1491 946 1597 994 contra

345 1027 433 1086 Jules
455 1027 569 1096 Boron,
593 1027 622 1083 S.
646 1024 816 1095 Scbcchtor,
838 1023 875 1080 E.
897 1023 1012 1094 Bonan,
1035 1025 1073 1082 A.
1096 1022 1136 1080 Η.
1158 1021 1278 1082 Franks
1293 1037 1324 1080 et
1339 1022 1475 1082 Heinrici
1492 1043 1596 1100 agens

347 1113 480 1193 quidde
504 1109 644 1171 methodo
666 1112 753 1170 Pauli
776 1111 931 1187 exegetica
954 1119 1032 1168 recte
1054 1111 1150 1168 teneri
1172 1108 1286 1180 debeat
1317 1108 1455 1167 ostendit.
1502 1110 1541 1170 H.
1565 1115 1595 1172 11,

347 1199 519 1260 Hirschfeld
542 1200 727 1278 potissimum
750 1196 875 1256 laudans
899 1217 1059 1274 exegeseos
1082 1195 1253 1254 rabbinicae
1277 1197 1422 1274 principia
1445 1196 1483 1254 ad
1506 1199 1595 1276 quin—

287 1294 291 1304 '
344 1309 402 1366 que
429 1289 529 1365 capita
552 1297 679 1344 revocat,
717 1285 832 1344 'festus
855 1305 878 1342 s.
902 1303 967 1342 cum
991 1281 1199 1342 traditionibus
1227 1303 1371 1342 consonus
1394 1304 1511 1360 semper
1535 1286 1595 1342 sit:

345 1395 420 1452 quac
443 1373 555 1432 directe
578 1393 638 1430 nou
668 1371 798 1444 exhibet,
829 1369 957 1429 mediate
980 1391 1019 1428 ox
1041 1391 1075 1429 eo
1099 1369 1228 1428 eruenda
1258 1379 1334 1436 sunt.
1365 1373 1455 1427 etiarn
1486 1369 1595 1428 mediis

344 1458 573 1520 abstmsioribus
597 1460 730 1530 internis,
753 1461 843 1517 immo
867 1469 896 1514 ct
919 1455 1187 1516 combinationibus
1210 1459 1300 1514 variis
1323 1459 1474 1528 externis;
1499 1457 1596 1515 biblia

345 1568 410 1606 cum
434 1545 606 1625 vigentibus
629 1546 827 1604 observantiis
859 1563 986 1604 consone
1017 1563 1132 1622 semper
1155 1542 1351 1618 intelligenda
1382 1557 1459 1602 sulit.
1504 1543 1596 1620 Quae

345 1635 494 1712 principia
525 1645 666 1710 quantum
697 1653 756 1692 non
779 1631 908 1689 Paulina
940 1633 1007 1702 sint,
1038 1631 1137 1688 allatis
1164 1631 1317 1708 exemplis,
1348 1640 1489 1707 quantum
1522 1635 1596 1690 satis

347 1732 401 1790 111,
424 1721 545 1778 evincit.
592 1719 626 1780 Ε.
657 1741 683 1795 g.
707 1720 819 1778 urentia
841 1717 879 1775 de
902 1719 995 1776 lanne
1020 1727 1048 1775 ct
1071 1717 1213 1779 Marnbre.
1241 1719 1287 1774 oui
1317 1716 1437 1796 qnidam
1469 1719 1597 1776 multum

344 1807 448 1876 fidunt,
472 1805 701 1883 exernplilicatio
731 1814 776 1864 est
806 1805 848 1862 nil
881 1807 949 1862 novi
981 1804 1112 1862 infereus
1135 1817 1164 1863 et
1187 1806 1252 1882 ipss
1282 1803 1401 1882 quidem
1433 1803 1597 1864 traditione

344 1894 460 1971 vulgari
483 1894 562 1952 'l'im
587 1897 614 1964 3,
638 1896 657 1950 8
681 1913 740 1950 non
771 1890 926 1950 rabbinica
949 1893 1130 1953 transmissa.
1162 1895 1247 1967 (luae
1270 1889 1307 1948 de
1330 1892 1477 1968 spirituali
1500 1903 1596 1969 petra

346 2001 421 2060 quae
446 1981 582 2060 Christus
606 1990 677 2052 erat,
704 1985 717 2038 1
745 1981 813 2040 Gor.
837 1982 886 2048 111,
910 1981 928 2034 l
953 1978 1090 2054 leguntur
1113 1999 1171 2036 non
1196 1981 1313 2056 ineptae
1346 1976 1461 2036 tabulae
1495 1979 1597 2036 rabbi-

347 2071 431 2126 nicae
461 2077 580 2125 terrena
610 2087 703 2137 sensa
735 2065 787 2124 sed
818 2064 953 2124 sublimis
976 2065 1063 2124 Pauli
1092 2065 1128 2122 de
1160 2067 1221 2142 iugi
1252 2081 1280 2122 et
1311 2067 1441 2142 gratiosa
1471 2067 1599 2124 Domini

346 2156 516 2233 praesentia
538 2154 696 2231 applicatio
720 2167 773 2211 est.
797 2153 902 2230 Neque
927 2154 1122 2210 ministerium
1146 2153 1317 2228 arrgelorum
1342 2147 1541 2228 11111119)
1566 2156 1599 2212 iu

348 2243 416 2318 lege
440 2239 562 2300 terenda
584 2261 636 2318 per·
658 2253 849 2298 transennam
873 2259 1104 2298 commemorans
1136 2259 1200 2296 orrm
1225 2237 1357 2296 rabbinis
1382 2239 1475 2314 legem
1499 2243 1597 2299 extol-

347 2329 407 2386 lere
430 2325 568 2391 intendit,
588 2327 638 2386 sed
652 2327 690 2386 ad
705 2325 876 2384 mediatoris
899 2328 1048 2384 notionem
1072 2327 1203 2383 animum
1227 2336 1402 2384 convertens
1425 2329 1595 2403 oppositum

346 2435 463 2493 prorsus
486 2412 556 2471 indo
579 2414 666 2471 infert
691 2426 720 2471 ot
742 2415 839 2487 legem
863 2412 1038 2471 abolendam
1064 2414 1152 2470 brisso
1177 2411 1287 2490 probat.
1313 2412 1424 2488 Legem
1448 2434 1532 2489 porro
1557 2414 1595 2472 de

346 2501 422 2559 bove
445 2502 601 2558 triturante
625 2523 643 2558 a
664 2501 744 2558 lleut
768 2503 817 2565 ⁶25,
841 2503 860 2556 1
885 2503 916 2557 iu
939 2521 984 2577 op.
1009 2499 1046 2557 ad
1070 2501 1136 2560 (lor.
1162 2501 1189 2570 1,
1214 2503 1242 2556 b.
1268 2503 1317 2556 lo.
1340 2497 1512 2558 adscribens
1539 2504 1595 2559 mi-

346 2591 425 2647 nime
448 2586 508 2644 dici
532 2599 627 2665 potest
650 2607 738 2664 agere
761 2596 863 2644 contra
886 2607 1004 2645 sensum
1027 2587 1152 2664 primum
1169 2599 1198 2644 et
1215 2587 1371 2664 proprium,
1396 2588 1446 2664 qui
1469 2589 1593 2648 moralis

346 2686 400 2732 cst.
425 2708 462 2716 -
488 2673 591 2750 Neque
615 2675 722 2732 malam
747 2673 936 2732 rabbinorum
960 2685 1051 2730 artem
1072 2675 1150 2750 sapit
1174 2673 1259 2731 Pauli
1280 2683 1382 2730 eontra
1406 2672 1594 2734 iudaizantes

346 2773 550 2838 argumentum
575 2781 612 2818 ex
636 2781 670 2819 eo
693 2759 821 2829 ductum,
844 2759 922 2837 quod
950 2761 1060 2832 ,11111111
1083 2779 1119 2818 cx
1143 2759 1202 2817 fide
1226 2761 1318 2817 vit-ie
1346 2758 1452 2840 [Heba
1471 2765 1518 2830 111,
1542 2763 1594 2834 38,

347 2847 430 2905 Rour.
456 2849 547 2914 1,17,
571 2847 638 2906 (tal.
655 2851 682 2915 3,
706 2849 766 2925 131,
789 2849 859 2924 quia
884 2845 988 2904 Habac
1012 2849 1039 2918 2,
1064 2849 1083 2903 4
1107 2847 1203 2904 sintile
1227 2845 1337 2904 dictum
1361 2845 1439 2924 (quod
1463 2850 1592 2926 respicit,

347 2953 406 2992 non
429 2936 543 3004 evertit,
567 2934 619 2993 scd
642 2934 802 3011 prophetae
832 2936 976 2992 monitum
996 2931 1034 2991 ad
1058 2935 1233 3012 principium
1257 2933 1452 3011 undequaque
1477 2934 1593 2993 firmum

347 3019 456 3091 evehit,
480 3041 537 3097 qim
560 3041 696 3098 processu
720 3019 851 3078 umbram
877 3019 1025 3098 quandam
1050 3022 1220 3078 mutationis
1245 3023 1339 3078 vitare
1357 3021 1516 3097 Apostolus
1532 3043 1592 3080 non

347 3107 449 3183 potnit.
473 3139 511 3150 -
536 3108 617 3167 Irriti
641 3128 756 3185 quoque
779 3118 846 3164 sunt
871 3108 1038 3165 criticorum
1054 3110 1224 3180 1111111111
1254 3105 1435 3166 contendunt
1457 3129 1475 3165 a
1501 3109 1591 3166 Paulo

347 3195 380 3251 in
403 3191 469 3254 Gal.
493 3198 520 3264 3,
555 3198 591 3251 111
628 3194 821 3272 philologiam
850 3195 1039 3271 vapulavisse
1068 3205 1156 3271 atque
1187 3193 1375 3252 rabbinorum
1406 3193 1592 3254 arbitrariam

346 3282 618 3358 interpretationem
647 3280 812 3338 adhibitam
842 3301 915 3338 osse.
953 3280 1064 3351 „Nolris
1088 3281 1233 3354 videntur,
1265 3283 1361 3359 inquit
1389 3275 1444 3344 Gd.
1470 3305 1496 3360 p.
1521 3287 1591 3352 211,

346 3367 442 3424 1111111
477 3368 534 3444 ipsi
569 3369 688 3426 omniuo
721 3365 868 3424 otl'cndere
891 3377 919 3424 et
944 3368 1066 3426 inultum
1090 3367 1234 3427 desudare
1258 3370 1294 3424 iis
1306 3369 1505 3428 inveniendis.
1519 3391 1592 3447 quae

348 3453 402 3510 tali
425 3456 588 3512 attentione
612 3464 641 3511 11
664 3455 774 3513 honoro
796 3452 888 3530 digna
912 3475 971 3511 non
994 3463 1069 3526 sunt,
1094 3458 1163 3534 quia
1183 3453 1292 3512 dudum
1316 3457 1347 3513 in
1370 3459 1519 3514 communi
1545 3477 1592 3514 no-

347 3535 570 3598 titia'l'uenrnt.
605 3545 633 3599 ὃ.
664 3539 774 3598 Paulus
803 3561 862 3598 non
892 3543 989 3598 minus
1019 3541 1071 3599 illa
1094 3561 1182 3619 qnam
1207 3540 1339 3599 nrodcrni
1356 3539 1490 3601 (lectores
1514 3563 1592 3620 cog-

348 3627 433 3683 nita
455 3627 596 3703 hahuit,
619 3630 668 3706 qui
693 3628 776 3684 inani
800 3625 898 3684 studio
921 3629 1016 3705 ipsum
1039 3629 1184 3688 instruere
1215 3631 1379 3706 satagunt?
1429 3631 1459 3688 b'.
1483 3631 1591 3691 Paullo

346 3714 570 3788 promissionem
592 3713 726 3771 divinam
750 3715 865 3771 111111.
892 3715 940 3784 13,
966 3717 1017 3784 ro,
1052 3717 1098 3783 11,
1123 3719 1141 3772 8
1165 3729 1312 3793 receptam
1344 3725 1373 3772 et
1403 3728 1483 3775 recte
1511 3721 1591 3795 peni-

348 3807 451 3873 tusque
480 3800 660 3858 intellectam
683 3809 834 3878 tamquam
866 3811 1074 3860 testamentum
1105 3801 1144 3860 od
1175 3803 1304 3860 litteram
1337 3803 1588 3881 interpretandum

347 3893 455 3940 tractat
478 3896 507 3942 et
530 3887 561 3942 in
584 3886 704 3944 Christo
736 3897 766 3944 et
799 3907 817 3944 a
841 3885 961 3944 Christo
985 3888 1138 3966 impletum
1163 3891 1260 3960 sistit3
1292 3901 1445 3968 praeterea
1467 3893 1592 3949 unicitas

348 3972 498 4027 numerica
522 3972 619 4048 quoad
642 3974 788 4051 originem
804 3984 834 4030 et
849 3974 948 4031 unitas
964 3977 1102 4051 genetica
1117 3978 1149 4034 in
1165 3985 1342 4034 testamento
1365 3977 1590 4034 transmittendo

347 4053 504 4114 observata
535 4061 685 4136 praeclare
719 4061 820 4117 1111111
854 4063 980 4118 termino
1019 4064 1179 4142 „one'qraff
1218 4081 1359 4141 expressa
1381 4072 1435 4122 est.
1460 4099 1498 4106 -
1523 4065 1592 4124 Post

348 4160 421 4218 spiras
445 4143 576 4202 methodi
598 4146 744 4204 Paulinae
767 4145 915 4204 vindicias
941 4149 1071 4225 positiva
1094 4169 1254 4227 cxcgeseos
1277 4148 1423 4207 Paulinae
1446 4151 1592 4229 principia

346 4229 457 4298 statuit,
480 4251 602 4308 quorum
625 4233 756 4310 palmare
779 4234 822 4290 ita
844 4231 947 4293 hahet:
970 4235 1134 4293 Historiam
1149 4236 1247 4314 populi
1273 4235 1373 4296 Israel.
1386 4257 1462 4315 quac
1480 4257 1592 4317 semper

347 4313 497 4374 Massiena
520 4315 582 4390 fait,
606 4339 693 4377 sensu
716 4319 878 4377 christiano
911 4322 1053 4399 ‹explicari
1078 4333 1199 4400 oportet.
1245 4322 1327 4379 Hinc
1350 4324 1458 4382 mirum
1482 4329 1591 4384 nemini

348 4420 413 4458 csse
436 4399 531 4472 debet,
556 4405 634 4482 quod
649 4427 672 4464 s.
687 4405 799 4463 Paulus
821 4404 962 4465 adiuncta
986 4407 1127 4468 historica
1146 4443 1183 4452 ⁴-
1201 4409 1340 4468 historice
1361 4409 1482 4488 quidem
1499 4432 1592 4472 sacro·

349 4497 452 4546 sancta
469 4524 507 4533 —
524 4499 643 4570 propter
654 4492 733 4551 hunc
755 4493 845 4550 tinem
863 4493 1045 4554 Messiauum
1071 4517 1130 4555 non
1152 4498 1228 4554 tanti
1244 4495 1324 4568 facit,
1347 4517 1444 4576 neque
1462 4499 1592 4576 phrasim

348 4575 495 4636 serviliter
518 4578 685 4657 reprodncit
708 4611 750 4620 -
773 4581 907 4655 quaestio
923 4579 960 4639 de
977 4583 1193 4661 scripturarum
1216 4584 1379 4662 exemplari
1396 4585 1524 4645 Paulino
1543 4591 1593 4645 vix

348 4661 585 4803 ssphdefinienda
608 4699 647 4706 -
673 4664 709 4722 dc
732 4666 846 4722 rationo
871 4667 1028 4738 Massiena,
1051 4677 1082 4727 nt
1103 4669 1238 4746 oportuit
1254 4670 1449 4748 exprimenda
1465 4677 1594 4733 maxime

349 4766 381 4802 so
407 4749 500 4810 'citus
