<?xml version="1.0" encoding="UTF-8"?>
<!DOCTYPE html PUBLIC "-//W3C//DTD XHTML 1.0 Transitional//EN"
    "http://www.w3.org/TR/xhtml1/DTD/xhtml1-transitional.dtd">
<html xmlns="http://www.w3.org/1999/xhtml" xml:lang="en" lang="en">
 <head>
  <title>
</title>
<meta http-equiv="Content-Type" content="text/html;charset=utf-8" />
  <meta name='ocr-system' content='tesseract 3.04.00' />
  <meta name='ocr-capabilities' content='ocr_page ocr_carea ocr_par ocr_line ocrx_word'/>
</head>
<body>
  <div class='ocr_page' id='page_1' title='image "./slavorumlittera00unkngoog_0582.png"; bbox 0 0 3450 5342; ppageno 0'>
   <div class='ocr_carea' id='block_1_1' title="bbox 825 284 1021 342">
    <p class='ocr_par' dir='ltr' id='par_1_1' title="bbox 825 284 1021 342">
     <span class='ocr_line' id='line_1_1' title="bbox 825 284 1021 342; baseline -0.015 1"><span class='ocrx_word' id='word_1_1' title='bbox 825 284 1021 342; x_wconf 72' lang='lat'>—212-</span> 
     </span>
    </p>
   </div>
   <div class='ocr_carea' id='block_1_2' title="bbox 291 469 1660 4636">
    <p class='ocr_par' dir='ltr' id='par_1_2' title="bbox 295 469 1560 552">
     <span class='ocr_line' id='line_1_2' title="bbox 295 469 1560 552; baseline -0.006 -20"><span class='ocrx_word' id='word_1_2' title='bbox 295 471 331 532; x_wconf 89' lang='lat' dir='ltr'><strong>Iu</strong></span> <span class='ocrx_word' id='word_1_3' title='bbox 355 469 482 552; x_wconf 92' lang='lat' dir='ltr'><strong>quodam</strong></span> <span class='ocrx_word' id='word_1_4' title='bbox 506 491 594 530; x_wconf 87' lang='lat' dir='ltr'><strong>sensu</strong></span> <span class='ocrx_word' id='word_1_5' title='bbox 610 487 640 530; x_wconf 91' lang='lat' dir='ltr'><strong>ut</strong></span> <span class='ocrx_word' id='word_1_6' title='bbox 664 483 831 530; x_wconf 70' lang='lat' dir='ltr'><strong>antecessor</strong></span> <span class='ocrx_word' id='word_1_7' title='bbox 854 471 982 532; x_wconf 82' lang='lat' dir='ltr'><strong>Cartesii</strong></span> <span class='ocrx_word' id='word_1_8' title='bbox 1006 470 1188 530; x_wconf 84' lang='lat' dir='ltr'><strong>considerari</strong></span> <span class='ocrx_word' id='word_1_9' title='bbox 1211 480 1317 550; x_wconf 77' lang='lat' dir='ltr'><strong>potest.</strong></span> <span class='ocrx_word' id='word_1_10' title='bbox 1342 470 1418 528; x_wconf 80' lang='lat' dir='ltr'><strong>t&#39;lt.</strong></span> <span class='ocrx_word' id='word_1_11' title='bbox 1445 470 1560 545; x_wconf 78' lang='lat' dir='ltr'><strong>Agitur</strong></span> 
     </span>
    </p>

    <p class='ocr_par' dir='ltr' id='par_1_3' title="bbox 295 557 1555 724">
     <span class='ocr_line' id='line_1_3' title="bbox 295 557 1555 640; baseline -0.005 -22"><span class='ocrx_word' id='word_1_12' title='bbox 295 557 333 620; x_wconf 88' lang='lat' dir='ltr'><strong>de</strong></span> <span class='ocrx_word' id='word_1_13' title='bbox 356 558 550 640; x_wconf 85' lang='lat' dir='ltr'><strong>psychologia</strong></span> <span class='ocrx_word' id='word_1_14' title='bbox 566 561 734 632; x_wconf 75' lang='lat' dir='ltr'>Augustini,</span> <span class='ocrx_word' id='word_1_15' title='bbox 757 560 807 636; x_wconf 89' lang='lat' dir='ltr'><strong>qui</strong></span> <span class='ocrx_word' id='word_1_16' title='bbox 832 559 888 617; x_wconf 88' lang='lat' dir='ltr'><strong>hac</strong></span> <span class='ocrx_word' id='word_1_17' title='bbox 910 558 948 617; x_wconf 91' lang='lat' dir='ltr'><strong>de</strong></span> <span class='ocrx_word' id='word_1_18' title='bbox 964 571 1047 638; x_wconf 85' lang='lat' dir='ltr'><strong>parte</strong></span> <span class='ocrx_word' id='word_1_19' title='bbox 1063 558 1268 638; x_wconf 72' lang='lat' dir='ltr'><strong>philosophiae</strong></span> <span class='ocrx_word' id='word_1_20' title='bbox 1290 560 1409 636; x_wconf 89' lang='lat' dir='ltr'><strong>optime</strong></span> <span class='ocrx_word' id='word_1_21' title='bbox 1435 559 1555 614; x_wconf 82' lang='lat' dir='ltr'><strong>meruit.</strong></span> 
     </span>
     <span class='ocr_line' id='line_1_4' title="bbox 295 645 1552 724; baseline -0.006 -18"><span class='ocrx_word' id='word_1_22' title='bbox 295 655 396 724; x_wconf 89' lang='lat' dir='ltr'><strong>utpote</strong></span> <span class='ocrx_word' id='word_1_23' title='bbox 419 647 467 724; x_wconf 90' lang='lat' dir='ltr'><strong>qui</strong></span> <span class='ocrx_word' id='word_1_24' title='bbox 492 647 602 724; x_wconf 87' lang='lat' dir='ltr'><strong>primus</strong></span> <span class='ocrx_word' id='word_1_25' title='bbox 625 645 864 724; x_wconf 90' lang='lat' dir='ltr'><strong>philosophorum</strong></span> <span class='ocrx_word' id='word_1_26' title='bbox 893 648 1078 723; x_wconf 72' lang='lat' dir='ltr'>experientia</span> <span class='ocrx_word' id='word_1_27' title='bbox 1105 648 1223 705; x_wconf 87' lang='lat' dir='ltr'><strong>iuterna</strong></span> <span class='ocrx_word' id='word_1_28' title='bbox 1245 646 1380 704; x_wconf 80' lang='lat' dir='ltr'><strong>maxime</strong></span> <span class='ocrx_word' id='word_1_29' title='bbox 1406 664 1482 702; x_wconf 81' lang='lat' dir='ltr'><strong>usus</strong></span> <span class='ocrx_word' id='word_1_30' title='bbox 1503 645 1552 700; x_wconf 78' lang='lat' dir='ltr'><strong>sin</strong></span> 
     </span>
    </p>

    <p class='ocr_par' dir='ltr' id='par_1_4' title="bbox 294 732 1556 986">
     <span class='ocr_line' id='line_1_5' title="bbox 295 732 1555 811; baseline -0.002 -21"><span class='ocrx_word' id='word_1_31' title='bbox 295 733 366 792; x_wconf 89' lang='lat' dir='ltr'><strong>item</strong></span> <span class='ocrx_word' id='word_1_32' title='bbox 397 735 446 811; x_wconf 89' lang='lat' dir='ltr'><strong>qui</strong></span> <span class='ocrx_word' id='word_1_33' title='bbox 471 753 553 790; x_wconf 89' lang='lat' dir='ltr'><strong>secus</strong></span> <span class='ocrx_word' id='word_1_34' title='bbox 585 752 619 790; x_wconf 89' lang='lat' dir='ltr'><strong>ac</strong></span> <span class='ocrx_word' id='word_1_35' title='bbox 643 733 748 790; x_wconf 81' lang='lat' dir='ltr'><strong>(irasci</strong></span> <span class='ocrx_word' id='word_1_36' title='bbox 781 732 1039 792; x_wconf 88' lang='lat' dir='ltr'><strong>intellectualistae</strong></span> <span class='ocrx_word' id='word_1_37' title='bbox 1069 732 1201 791; x_wconf 81' lang='lat' dir='ltr'><strong>facultati</strong></span> <span class='ocrx_word' id='word_1_38' title='bbox 1230 732 1397 790; x_wconf 83' lang='lat' dir='ltr'><strong>voluntatis</strong></span> <span class='ocrx_word' id='word_1_39' title='bbox 1428 732 1555 808; x_wconf 77' lang='lat' dir='ltr'><strong>eiusque</strong></span> 
     </span>
     <span class='ocr_line' id='line_1_6' title="bbox 294 819 1554 898; baseline -0.004 -20"><span class='ocrx_word' id='word_1_40' title='bbox 294 819 426 878; x_wconf 76' lang='lat' dir='ltr'>libertati</span> <span class='ocrx_word' id='word_1_41' title='bbox 453 819 548 878; x_wconf 88' lang='lat' dir='ltr'><strong>locum</strong></span> <span class='ocrx_word' id='word_1_42' title='bbox 571 839 654 878; x_wconf 87' lang='lat' dir='ltr'><strong>sunm</strong></span> <span class='ocrx_word' id='word_1_43' title='bbox 685 819 857 880; x_wconf 77' lang='lat' dir='ltr'><strong>vindicavit.</strong></span> <span class='ocrx_word' id='word_1_44' title='bbox 888 819 1049 898; x_wconf 73' lang='lat' dir='ltr'><strong>Propterea</strong></span> <span class='ocrx_word' id='word_1_45' title='bbox 1070 833 1101 878; x_wconf 91' lang='lat' dir='ltr'><strong>et</strong></span> <span class='ocrx_word' id='word_1_46' title='bbox 1127 831 1229 898; x_wconf 84' lang='lat' dir='ltr'><strong>,pater</strong></span> <span class='ocrx_word' id='word_1_47' title='bbox 1250 819 1476 898; x_wconf 80' lang='lat' dir='ltr'><strong>psychologiae</strong></span> <span class='ocrx_word' id='word_1_48' title='bbox 1499 837 1554 874; x_wconf 80' lang='lat' dir='ltr'><strong>ex-</strong></span> 
     </span>
     <span class='ocr_line' id='line_1_7' title="bbox 294 905 1556 986; baseline -0.003 -22"><span class='ocrx_word' id='word_1_49' title='bbox 294 905 515 986; x_wconf 77' lang='lat' dir='ltr'><strong>per·imentalis“</strong></span> <span class='ocrx_word' id='word_1_50' title='bbox 543 905 603 964; x_wconf 91' lang='lat' dir='ltr'><strong>diei</strong></span> <span class='ocrx_word' id='word_1_51' title='bbox 626 917 730 984; x_wconf 87' lang='lat' dir='ltr'><strong>potest.</strong></span> <span class='ocrx_word' id='word_1_52' title='bbox 754 907 779 962; x_wconf 83' lang='lat' dir='ltr'>V</span> <span class='ocrx_word' id='word_1_53' title='bbox 785 906 838 964; x_wconf 91' lang='lat' dir='ltr'><strong>lll.</strong></span> <span class='ocrx_word' id='word_1_54' title='bbox 863 905 1031 966; x_wconf 73' lang='lat' dir='ltr'><strong>Exhibetur</strong></span> <span class='ocrx_word' id='word_1_55' title='bbox 1051 906 1208 966; x_wconf 87' lang='lat' dir='ltr'><strong>theodioea</strong></span> <span class='ocrx_word' id='word_1_56' title='bbox 1229 927 1252 966; x_wconf 88' lang='lat' dir='ltr'><strong>s.</strong></span> <span class='ocrx_word' id='word_1_57' title='bbox 1270 907 1451 982; x_wconf 78' lang='lat' dir='ltr'><strong>Augustini,</strong></span> <span class='ocrx_word' id='word_1_58' title='bbox 1475 906 1556 962; x_wconf 82' lang='lat' dir='ltr'><strong>eius-</strong></span> 
     </span>
    </p>

    <p class='ocr_par' dir='ltr' id='par_1_5' title="bbox 295 986 1660 1244">
     <span class='ocr_line' id='line_1_8' title="bbox 296 986 1660 1073; baseline -0.004 -20"><span class='ocrx_word' id='word_1_59' title='bbox 296 1013 353 1073; x_wconf 88' lang='lat' dir='ltr'><strong>que</strong></span> <span class='ocrx_word' id='word_1_60' title='bbox 377 993 479 1052; x_wconf 89' lang='lat' dir='ltr'><strong>relatio</strong></span> <span class='ocrx_word' id='word_1_61' title='bbox 499 991 536 1050; x_wconf 92' lang='lat' dir='ltr'><strong>ad</strong></span> <span class='ocrx_word' id='word_1_62' title='bbox 552 991 736 1051; x_wconf 87' lang='lat' dir='ltr'><strong>theodiceam</strong></span> <span class='ocrx_word' id='word_1_63' title='bbox 761 993 881 1059; x_wconf 83' lang='lat' dir='ltr'><strong>i&#39;lotiui,</strong></span> <span class='ocrx_word' id='word_1_64' title='bbox 903 994 1028 1052; x_wconf 88' lang='lat' dir='ltr'><strong>aliorum</strong></span> <span class='ocrx_word' id='word_1_65' title='bbox 1052 994 1331 1072; x_wconf 88' lang='lat' dir='ltr'><strong>neoplatouicorum.</strong></span> <span class='ocrx_word' id='word_1_66' title='bbox 1358 993 1555 1068; x_wconf 73' lang='lat' dir='ltr'><strong>Augustinus</strong></span> <span class='ocrx_word' id='word_1_67' title='bbox 1658 986 1660 1007; x_wconf 38' lang='lat' dir='ltr'><strong>i</strong></span> 
     </span>
     <span class='ocr_line' id='line_1_9' title="bbox 295 1066 1660 1159; baseline -0.004 -19"><span class='ocrx_word' id='word_1_68' title='bbox 295 1090 325 1140; x_wconf 90' lang='lat' dir='ltr'><strong>et</strong></span> <span class='ocrx_word' id='word_1_69' title='bbox 348 1083 484 1159; x_wconf 75' lang='lat' dir='ltr'><strong>tipiuoza.</strong></span> <span class='ocrx_word' id='word_1_70' title='bbox 510 1079 633 1138; x_wconf 87' lang='lat' dir='ltr'><strong>Pulchre.</strong></span> <span class='ocrx_word' id='word_1_71' title='bbox 664 1079 828 1139; x_wconf 74' lang='lat' dir='ltr'><strong>ostenditur</strong></span> <span class='ocrx_word' id='word_1_72' title='bbox 851 1083 1032 1158; x_wconf 82' lang='lat' dir='ltr'><strong>praestantia</strong></span> <span class='ocrx_word' id='word_1_73' title='bbox 1060 1080 1213 1140; x_wconf 86' lang='lat' dir='ltr'><strong>doetrinae</strong></span> <span class='ocrx_word' id='word_1_74' title='bbox 1241 1081 1492 1158; x_wconf 82' lang='lat' dir='ltr'><strong>Augustiuiauae</strong></span> <span class='ocrx_word' id='word_1_75' title='bbox 1513 1077 1553 1134; x_wconf 80' lang='lat' dir='ltr'><strong>de</strong></span> <span class='ocrx_word' id='word_1_76' title='bbox 1658 1066 1660 1087; x_wconf 72' lang='lat'><em>&#39;</em></span> 
     </span>
     <span class='ocr_line' id='line_1_10' title="bbox 295 1165 1556 1244; baseline -0.002 -17"><span class='ocrx_word' id='word_1_77' title='bbox 295 1167 370 1228; x_wconf 88' lang='lat' dir='ltr'><strong>ideis</strong></span> <span class='ocrx_word' id='word_1_78' title='bbox 393 1166 505 1225; x_wconf 86' lang='lat' dir='ltr'><strong>divinis</strong></span> <span class='ocrx_word' id='word_1_79' title='bbox 534 1187 604 1244; x_wconf 90' lang='lat' dir='ltr'><strong>prae</strong></span> <span class='ocrx_word' id='word_1_80' title='bbox 634 1166 723 1224; x_wconf 88' lang='lat' dir='ltr'><strong>simili</strong></span> <span class='ocrx_word' id='word_1_81' title='bbox 747 1166 883 1226; x_wconf 86' lang='lat' dir='ltr'><strong>doctriua</strong></span> <span class='ocrx_word' id='word_1_82' title='bbox 906 1167 1048 1226; x_wconf 86' lang='lat' dir='ltr'><strong>Platonis.</strong></span> <span class='ocrx_word' id='word_1_83' title='bbox 1079 1169 1223 1228; x_wconf 79' lang='lat' dir='ltr'><strong>Doctrina</strong></span> <span class='ocrx_word' id='word_1_84' title='bbox 1245 1165 1283 1225; x_wconf 90' lang='lat' dir='ltr'><strong>de</strong></span> <span class='ocrx_word' id='word_1_85' title='bbox 1305 1187 1360 1228; x_wconf 89' lang='lat' dir='ltr'><strong>sss.</strong></span> <span class='ocrx_word' id='word_1_86' title='bbox 1383 1167 1556 1232; x_wconf 69' lang='lat' dir='ltr'><strong>Trinium,</strong></span> 
     </span>
    </p>

    <p class='ocr_par' dir='ltr' id='par_1_6' title="bbox 292 1254 1660 1768">
     <span class='ocr_line' id='line_1_11' title="bbox 295 1254 1554 1332; baseline -0.003 -20"><span class='ocrx_word' id='word_1_87' title='bbox 295 1257 326 1314; x_wconf 92' lang='lat' dir='ltr'><strong>in</strong></span> <span class='ocrx_word' id='word_1_88' title='bbox 350 1275 409 1332; x_wconf 86' lang='lat' dir='ltr'><strong>qua</strong></span> <span class='ocrx_word' id='word_1_89' title='bbox 438 1275 461 1313; x_wconf 88' lang='lat' dir='ltr'><strong>s.</strong></span> <span class='ocrx_word' id='word_1_90' title='bbox 486 1255 668 1329; x_wconf 76' lang='lat' dir='ltr'><strong>Augustinus</strong></span> <span class='ocrx_word' id='word_1_91' title='bbox 699 1265 827 1312; x_wconf 87' lang='lat' dir='ltr'><strong>mentem</strong></span> <span class='ocrx_word' id='word_1_92' title='bbox 858 1254 1052 1313; x_wconf 87' lang='lat' dir='ltr'><strong>christianam</strong></span> <span class='ocrx_word' id='word_1_93' title='bbox 1080 1254 1166 1314; x_wconf 83' lang='lat' dir='ltr'><strong>duait</strong></span> <span class='ocrx_word' id='word_1_94' title='bbox 1188 1257 1266 1314; x_wconf 91' lang='lat' dir='ltr'><strong>iuter</strong></span> <span class='ocrx_word' id='word_1_95' title='bbox 1288 1254 1500 1312; x_wconf 86' lang='lat' dir='ltr'><strong>tritheismuru</strong></span> <span class='ocrx_word' id='word_1_96' title='bbox 1522 1263 1554 1310; x_wconf 91' lang='lat' dir='ltr'><strong>et</strong></span> 
     </span>
     <span class='ocr_line' id='line_1_12' title="bbox 293 1339 1557 1420; baseline -0.003 -20"><span class='ocrx_word' id='word_1_97' title='bbox 293 1340 499 1400; x_wconf 90' lang='lat' dir='ltr'><strong>modalismum</strong></span> <span class='ocrx_word' id='word_1_98' title='bbox 523 1361 557 1398; x_wconf 81' lang='lat' dir='ltr'><strong>ac</strong></span> <span class='ocrx_word' id='word_1_99' title='bbox 580 1339 744 1400; x_wconf 80' lang='lat' dir='ltr'><strong>doctrinam</strong></span> <span class='ocrx_word' id='word_1_100' title='bbox 769 1341 1005 1420; x_wconf 89' lang='lat' dir='ltr'><strong>neoplatonicam</strong></span> <span class='ocrx_word' id='word_1_101' title='bbox 1021 1341 1059 1400; x_wconf 87' lang='lat' dir='ltr'><strong>dc</strong></span> <span class='ocrx_word' id='word_1_102' title='bbox 1074 1343 1231 1400; x_wconf 78' lang='lat' dir='ltr'><strong>&#39;l&#39;rinitate</strong></span> <span class='ocrx_word' id='word_1_103' title='bbox 1248 1341 1327 1399; x_wconf 83' lang='lat' dir='ltr'><strong>Prof.</strong></span> <span class='ocrx_word' id='word_1_104' title='bbox 1346 1339 1557 1398; x_wconf 64' lang='lat' dir='ltr'><strong>Smwwski</strong></span> 
     </span>
     <span class='ocr_line' id='line_1_13' title="bbox 292 1427 1659 1508; baseline -0.001 -23"><span class='ocrx_word' id='word_1_105' title='bbox 292 1427 392 1508; x_wconf 86' lang='lat' dir='ltr'><strong>pluris,</strong></span> <span class='ocrx_word' id='word_1_106' title='bbox 408 1447 496 1506; x_wconf 84' lang='lat' dir='ltr'><strong>quam</strong></span> <span class='ocrx_word' id='word_1_107' title='bbox 520 1427 564 1484; x_wconf 84' lang='lat' dir='ltr'><strong>las</strong></span> <span class='ocrx_word' id='word_1_108' title='bbox 587 1437 639 1498; x_wconf 87' lang='lat' dir='ltr'><strong>est,</strong></span> <span class='ocrx_word' id='word_1_109' title='bbox 662 1431 799 1486; x_wconf 90' lang='lat' dir='ltr'><strong>aestimat</strong></span> <span class='ocrx_word' id='word_1_110' title='bbox 822 1441 995 1504; x_wconf 83' lang='lat' dir='ltr'><strong>argumenta</strong></span> <span class='ocrx_word' id='word_1_111' title='bbox 1018 1449 1069 1486; x_wconf 89' lang='lat' dir='ltr'><strong>seu</strong></span> <span class='ocrx_word' id='word_1_112' title='bbox 1092 1427 1264 1487; x_wconf 84' lang='lat' dir='ltr'><strong>methodum</strong></span> <span class='ocrx_word' id='word_1_113' title='bbox 1288 1428 1554 1506; x_wconf 80' lang='lat' dir='ltr'><strong>Augustiuiauam</strong></span> <span class='ocrx_word' id='word_1_114' title='bbox 1658 1476 1659 1499; x_wconf 58' lang='lat'><strong>.</strong></span> 
     </span>
     <span class='ocr_line' id='line_1_14' title="bbox 293 1508 1659 1592; baseline -0.003 -18"><span class='ocrx_word' id='word_1_115' title='bbox 293 1513 515 1574; x_wconf 86' lang='lat' dir='ltr'><strong>demonstrandi</strong></span> <span class='ocrx_word' id='word_1_116' title='bbox 532 1517 721 1572; x_wconf 83' lang='lat' dir='ltr'><strong>existentiam</strong></span> <span class='ocrx_word' id='word_1_117' title='bbox 739 1514 881 1574; x_wconf 87' lang='lat' dir='ltr'><strong>divinam.</strong></span> <span class='ocrx_word' id='word_1_118' title='bbox 896 1515 996 1582; x_wconf 88' lang='lat' dir='ltr'><strong>lmmo,</strong></span> <span class='ocrx_word' id='word_1_119' title='bbox 1020 1514 1129 1574; x_wconf 90' lang='lat' dir='ltr'><strong>iudicio</strong></span> <span class='ocrx_word' id='word_1_120' title='bbox 1148 1517 1284 1582; x_wconf 86' lang='lat' dir='ltr'><strong>auctoris,</strong></span> <span class='ocrx_word' id='word_1_121' title='bbox 1300 1525 1487 1592; x_wconf 80' lang='lat' dir='ltr'><strong>argumenta</strong></span> <span class='ocrx_word' id='word_1_122' title='bbox 1501 1534 1556 1592; x_wconf 89' lang='lat' dir='ltr'><strong>pro</strong></span> <span class='ocrx_word' id='word_1_123' title='bbox 1658 1508 1659 1517; x_wconf 43' lang='lat'>¹</span> 
     </span>
     <span class='ocr_line' id='line_1_15' title="bbox 294 1599 1660 1681; baseline -0.001 -21"><span class='ocrx_word' id='word_1_124' title='bbox 294 1602 455 1660; x_wconf 82' lang='lat' dir='ltr'><strong>existentia</strong></span> <span class='ocrx_word' id='word_1_125' title='bbox 467 1599 571 1658; x_wconf 91' lang='lat' dir='ltr'><strong>divina</strong></span> <span class='ocrx_word' id='word_1_126' title='bbox 587 1621 608 1658; x_wconf 91' lang='lat' dir='ltr'><strong>s.</strong></span> <span class='ocrx_word' id='word_1_127' title='bbox 622 1601 732 1660; x_wconf 80' lang='lat' dir='ltr'><strong>lloctor</strong></span> <span class='ocrx_word' id='word_1_128' title='bbox 744 1623 802 1660; x_wconf 91' lang='lat' dir='ltr'><strong>non</strong></span> <span class='ocrx_word' id='word_1_129' title='bbox 815 1601 983 1680; x_wconf 86' lang='lat' dir='ltr'><strong>quaerebat.</strong></span> <span class='ocrx_word' id='word_1_130' title='bbox 1007 1605 1078 1681; x_wconf 88' lang='lat' dir='ltr'><strong>quia</strong></span> <span class='ocrx_word' id='word_1_131' title='bbox 1102 1602 1189 1680; x_wconf 75' lang='lat' dir='ltr'><strong>„idea</strong></span> <span class='ocrx_word' id='word_1_132' title='bbox 1203 1603 1259 1660; x_wconf 87' lang='lat' dir='ltr'><strong>Dei</strong></span> <span class='ocrx_word' id='word_1_133' title='bbox 1271 1611 1335 1660; x_wconf 84' lang='lat' dir='ltr'><strong>erat</strong></span> <span class='ocrx_word' id='word_1_134' title='bbox 1347 1603 1407 1679; x_wconf 86' lang='lat' dir='ltr'><strong>ipsi</strong></span> <span class='ocrx_word' id='word_1_135' title='bbox 1422 1599 1555 1658; x_wconf 79' lang='lat' dir='ltr'><strong>evidens</strong></span> <span class='ocrx_word' id='word_1_136' title='bbox 1658 1658 1660 1673; x_wconf 61' lang='lat'><strong>,</strong></span> 
     </span>
     <span class='ocr_line' id='line_1_16' title="bbox 297 1687 1555 1768; baseline -0.002 -21"><span class='ocrx_word' id='word_1_137' title='bbox 297 1699 327 1748; x_wconf 91' lang='lat' dir='ltr'><strong>et</strong></span> <span class='ocrx_word' id='word_1_138' title='bbox 338 1690 498 1747; x_wconf 84' lang='lat' dir='ltr'><strong>existentia</strong></span> <span class='ocrx_word' id='word_1_139' title='bbox 510 1687 623 1746; x_wconf 82' lang='lat' dir='ltr'><strong>Divina</strong></span> <span class='ocrx_word' id='word_1_140' title='bbox 636 1691 826 1748; x_wconf 79' lang='lat' dir='ltr'><strong>necessaria.“</strong></span> <span class='ocrx_word' id='word_1_141' title='bbox 847 1688 1050 1749; x_wconf 82' lang='lat' dir='ltr'><strong>Nihilominus</strong></span> <span class='ocrx_word' id='word_1_142' title='bbox 1064 1688 1169 1748; x_wconf 79' lang='lat' dir='ltr'><strong>cladem</strong></span> <span class='ocrx_word' id='word_1_143' title='bbox 1183 1710 1212 1768; x_wconf 92' lang='lat' dir='ltr'><strong>p.</strong></span> <span class='ocrx_word' id='word_1_144' title='bbox 1225 1691 1287 1746; x_wconf 81' lang='lat'><strong>215</strong></span> <span class='ocrx_word' id='word_1_145' title='bbox 1302 1687 1434 1747; x_wconf 83' lang='lat' dir='ltr'><strong>exhibet</strong></span> <span class='ocrx_word' id='word_1_146' title='bbox 1448 1697 1555 1745; x_wconf 81' lang='lat' dir='ltr'><strong>auctor</strong></span> 
     </span>
    </p>

    <p class='ocr_par' dir='ltr' id='par_1_7' title="bbox 297 1775 1554 1942">
     <span class='ocr_line' id='line_1_17' title="bbox 297 1775 1554 1855; baseline -0.003 -21"><span class='ocrx_word' id='word_1_147' title='bbox 297 1778 359 1834; x_wconf 88' lang='lat' dir='ltr'><strong>veri</strong></span> <span class='ocrx_word' id='word_1_148' title='bbox 384 1776 512 1834; x_wconf 89' lang='lat' dir='ltr'><strong>neminis</strong></span> <span class='ocrx_word' id='word_1_149' title='bbox 535 1787 737 1848; x_wconf 71' lang='lat' dir='ltr'><strong>argumentum</strong></span> <span class='ocrx_word' id='word_1_150' title='bbox 763 1777 923 1852; x_wconf 78' lang='lat' dir='ltr'><strong>Augustini</strong></span> <span class='ocrx_word' id='word_1_151' title='bbox 955 1797 1007 1855; x_wconf 92' lang='lat' dir='ltr'><strong>pro</strong></span> <span class='ocrx_word' id='word_1_152' title='bbox 1030 1779 1191 1835; x_wconf 81' lang='lat' dir='ltr'><strong>existentia</strong></span> <span class='ocrx_word' id='word_1_153' title='bbox 1212 1775 1324 1845; x_wconf 91' lang='lat' dir='ltr'><strong>divina,</strong></span> <span class='ocrx_word' id='word_1_154' title='bbox 1346 1795 1367 1832; x_wconf 90' lang='lat' dir='ltr'><strong>a</strong></span> <span class='ocrx_word' id='word_1_155' title='bbox 1389 1776 1554 1853; x_wconf 81' lang='lat' dir='ltr'><strong>posteriori</strong></span> 
     </span>
     <span class='ocr_line' id='line_1_18' title="bbox 297 1861 1005 1942; baseline -0.001 -21"><span class='ocrx_word' id='word_1_156' title='bbox 297 1883 403 1942; x_wconf 88' lang='lat' dir='ltr'><strong>nempe</strong></span> <span class='ocrx_word' id='word_1_157' title='bbox 427 1861 464 1920; x_wconf 84' lang='lat' dir='ltr'><strong>ab</strong></span> <span class='ocrx_word' id='word_1_158' title='bbox 487 1863 647 1920; x_wconf 86' lang='lat' dir='ltr'><strong>existentia</strong></span> <span class='ocrx_word' id='word_1_159' title='bbox 669 1864 787 1940; x_wconf 88' lang='lat' dir='ltr'><strong>propria</strong></span> <span class='ocrx_word' id='word_1_160' title='bbox 810 1862 1005 1942; x_wconf 90' lang='lat' dir='ltr'><strong>desumptum.</strong></span> 
     </span>
    </p>

    <p class='ocr_par' dir='ltr' id='par_1_8' title="bbox 292 1945 1659 3420">
     <span class='ocr_line' id='line_1_19' title="bbox 406 1945 1555 2027; baseline -0.003 -21"><span class='ocrx_word' id='word_1_161' title='bbox 406 1949 461 2006; x_wconf 86' lang='lat' dir='ltr'><strong>lX.</strong></span> <span class='ocrx_word' id='word_1_162' title='bbox 485 1947 673 2025; x_wconf 81' lang='lat' dir='ltr'><strong>Oesmolegia</strong></span> <span class='ocrx_word' id='word_1_163' title='bbox 707 1952 876 2022; x_wconf 74' lang='lat' dir='ltr'><strong>Augustini.</strong></span> <span class='ocrx_word' id='word_1_164' title='bbox 912 1949 1080 2008; x_wconf 74' lang='lat' dir='ltr'><strong>Exhibetur</strong></span> <span class='ocrx_word' id='word_1_165' title='bbox 1113 1951 1333 2027; x_wconf 80' lang='lat' dir='ltr'><strong>Augustiniaua</strong></span> <span class='ocrx_word' id='word_1_166' title='bbox 1367 1949 1492 2006; x_wconf 86' lang='lat' dir='ltr'><strong>theoria</strong></span> <span class='ocrx_word' id='word_1_167' title='bbox 1516 1945 1555 2003; x_wconf 79' lang='lat' dir='ltr'><strong>de</strong></span> 
     </span>
     <span class='ocr_line' id='line_1_20' title="bbox 296 2033 1659 2113; baseline -0.003 -19"><span class='ocrx_word' id='word_1_168' title='bbox 296 2047 361 2094; x_wconf 88' lang='lat' dir='ltr'><strong>actu</strong></span> <span class='ocrx_word' id='word_1_169' title='bbox 386 2037 551 2102; x_wconf 81' lang='lat' dir='ltr'><strong>creationis,</strong></span> <span class='ocrx_word' id='word_1_170' title='bbox 574 2034 611 2092; x_wconf 94' lang='lat' dir='ltr'><strong>de</strong></span> <span class='ocrx_word' id='word_1_171' title='bbox 635 2037 720 2093; x_wconf 89' lang='lat' dir='ltr'><strong>initio</strong></span> <span class='ocrx_word' id='word_1_172' title='bbox 743 2035 853 2102; x_wconf 84' lang='lat' dir='ltr'><strong>mundi,</strong></span> <span class='ocrx_word' id='word_1_173' title='bbox 878 2035 915 2094; x_wconf 90' lang='lat' dir='ltr'><strong>de</strong></span> <span class='ocrx_word' id='word_1_174' title='bbox 937 2058 990 2094; x_wconf 82' lang='lat' dir='ltr'><strong>sex</strong></span> <span class='ocrx_word' id='word_1_175' title='bbox 1014 2036 1127 2106; x_wconf 87' lang='lat' dir='ltr'><strong>diebus,</strong></span> <span class='ocrx_word' id='word_1_176' title='bbox 1149 2035 1186 2094; x_wconf 90' lang='lat' dir='ltr'><strong>de</strong></span> <span class='ocrx_word' id='word_1_177' title='bbox 1202 2038 1342 2113; x_wconf 84' lang='lat' dir='ltr'><strong>temperis</strong></span> <span class='ocrx_word' id='word_1_178' title='bbox 1366 2049 1490 2103; x_wconf 81' lang='lat' dir='ltr'><strong>natura,</strong></span> <span class='ocrx_word' id='word_1_179' title='bbox 1514 2033 1554 2090; x_wconf 88' lang='lat' dir='ltr'><strong>de</strong></span> <span class='ocrx_word' id='word_1_180' title='bbox 1658 2044 1659 2053; x_wconf 59' lang='lat'>¹</span> 
     </span>
     <span class='ocr_line' id='line_1_21' title="bbox 296 2121 1552 2200; baseline -0.003 -18"><span class='ocrx_word' id='word_1_181' title='bbox 296 2125 421 2182; x_wconf 88' lang='lat' dir='ltr'><strong>materia</strong></span> <span class='ocrx_word' id='word_1_182' title='bbox 443 2134 472 2180; x_wconf 88' lang='lat' dir='ltr'><strong>et</strong></span> <span class='ocrx_word' id='word_1_183' title='bbox 496 2123 596 2190; x_wconf 85' lang='lat' dir='ltr'><strong>forma,</strong></span> <span class='ocrx_word' id='word_1_184' title='bbox 627 2121 663 2180; x_wconf 91' lang='lat' dir='ltr'><strong>de</strong></span> <span class='ocrx_word' id='word_1_185' title='bbox 695 2125 920 2182; x_wconf 82' lang='lat' dir='ltr'><strong>conservatione</strong></span> <span class='ocrx_word' id='word_1_186' title='bbox 952 2123 1064 2182; x_wconf 90' lang='lat' dir='ltr'><strong>mnndi.</strong></span> <span class='ocrx_word' id='word_1_187' title='bbox 1097 2123 1234 2200; x_wconf 83' lang='lat' dir='ltr'><strong>Biologia</strong></span> <span class='ocrx_word' id='word_1_188' title='bbox 1255 2144 1279 2180; x_wconf 90' lang='lat' dir='ltr'><strong>s.</strong></span> <span class='ocrx_word' id='word_1_189' title='bbox 1301 2123 1445 2180; x_wconf 84' lang='lat' dir='ltr'><strong>Doctoris</strong></span> <span class='ocrx_word' id='word_1_190' title='bbox 1481 2141 1552 2179; x_wconf 88' lang='lat' dir='ltr'><strong>cum</strong></span> 
     </span>
     <span class='ocr_line' id='line_1_22' title="bbox 296 2209 1659 2290; baseline -0.003 -22"><span class='ocrx_word' id='word_1_191' title='bbox 296 2209 454 2290; x_wconf 83' lang='lat' dir='ltr'><strong>hypothesi</strong></span> <span class='ocrx_word' id='word_1_192' title='bbox 481 2209 674 2268; x_wconf 65' lang='lat' dir='ltr'><strong>lleru&#39;inianu</strong></span> <span class='ocrx_word' id='word_1_193' title='bbox 697 2209 733 2268; x_wconf 93' lang='lat' dir='ltr'><strong>de</strong></span> <span class='ocrx_word' id='word_1_194' title='bbox 756 2212 871 2288; x_wconf 80' lang='lat' dir='ltr'><strong>origiue</strong></span> <span class='ocrx_word' id='word_1_195' title='bbox 899 2214 1061 2288; x_wconf 86' lang='lat' dir='ltr'><strong>specierum</strong></span> <span class='ocrx_word' id='word_1_196' title='bbox 1089 2220 1282 2288; x_wconf 83' lang='lat' dir='ltr'><strong>comparatur.</strong></span> <span class='ocrx_word' id='word_1_197' title='bbox 1307 2210 1342 2266; x_wconf 89' lang='lat' dir='ltr'><strong>In</strong></span> <span class='ocrx_word' id='word_1_198' title='bbox 1366 2211 1552 2286; x_wconf 85' lang='lat' dir='ltr'><strong>quaestione</strong></span> <span class='ocrx_word' id='word_1_199' title='bbox 1658 2272 1659 2275; x_wconf 8' lang='grc' dir='ltr'><strong>Ἴ</strong></span> 
     </span>
     <span class='ocr_line' id='line_1_23' title="bbox 295 2296 1554 2374; baseline -0.002 -20"><span class='ocrx_word' id='word_1_200' title='bbox 295 2296 332 2354; x_wconf 94' lang='lat' dir='ltr'><strong>de</strong></span> <span class='ocrx_word' id='word_1_201' title='bbox 357 2300 496 2374; x_wconf 88' lang='lat' dir='ltr'><strong>temporis</strong></span> <span class='ocrx_word' id='word_1_202' title='bbox 519 2310 548 2355; x_wconf 90' lang='lat' dir='ltr'><strong>et</strong></span> <span class='ocrx_word' id='word_1_203' title='bbox 571 2297 658 2374; x_wconf 88' lang='lat' dir='ltr'><strong>spatii</strong></span> <span class='ocrx_word' id='word_1_204' title='bbox 683 2307 788 2355; x_wconf 89' lang='lat' dir='ltr'><strong>natura</strong></span> <span class='ocrx_word' id='word_1_205' title='bbox 822 2300 969 2356; x_wconf 88' lang='lat' dir='ltr'><strong>immerito</strong></span> <span class='ocrx_word' id='word_1_206' title='bbox 1004 2308 1106 2356; x_wconf 89' lang='lat' dir='ltr'><strong>auctor</strong></span> <span class='ocrx_word' id='word_1_207' title='bbox 1127 2319 1150 2359; x_wconf 89' lang='lat' dir='ltr'><strong>s.</strong></span> <span class='ocrx_word' id='word_1_208' title='bbox 1174 2297 1373 2372; x_wconf 85' lang='lat' dir='ltr'><strong>Augustinum</strong></span> <span class='ocrx_word' id='word_1_209' title='bbox 1410 2305 1554 2353; x_wconf 83' lang='lat' dir='ltr'><strong>anteces-</strong></span> 
     </span>
     <span class='ocr_line' id='line_1_24' title="bbox 294 2381 1553 2462; baseline -0.002 -20"><span class='ocrx_word' id='word_1_210' title='bbox 294 2405 388 2442; x_wconf 87' lang='lat' dir='ltr'><strong>soreru</strong></span> <span class='ocrx_word' id='word_1_211' title='bbox 415 2383 519 2442; x_wconf 90' lang='lat' dir='ltr'><strong>Kantii</strong></span> <span class='ocrx_word' id='word_1_212' title='bbox 554 2385 696 2444; x_wconf 86' lang='lat' dir='ltr'><strong>nominat.</strong></span> <span class='ocrx_word' id='word_1_213' title='bbox 731 2385 795 2462; x_wconf 85' lang='lat' dir='ltr'><strong>lpse</strong></span> <span class='ocrx_word' id='word_1_214' title='bbox 819 2387 899 2442; x_wconf 89' lang='lat' dir='ltr'><strong>enim</strong></span> <span class='ocrx_word' id='word_1_215' title='bbox 923 2405 949 2462; x_wconf 92' lang='lat' dir='ltr'><strong>p.</strong></span> <span class='ocrx_word' id='word_1_216' title='bbox 975 2387 1036 2442; x_wconf 72' lang='lat'><strong>254</strong></span> <span class='ocrx_word' id='word_1_217' title='bbox 1060 2383 1196 2442; x_wconf 89' lang='lat' dir='ltr'><strong>concedit</strong></span> <span class='ocrx_word' id='word_1_218' title='bbox 1231 2391 1346 2461; x_wconf 89' lang='lat' dir='ltr'><strong>tempus</strong></span> <span class='ocrx_word' id='word_1_219' title='bbox 1377 2381 1462 2459; x_wconf 89' lang='lat' dir='ltr'><strong>apud</strong></span> <span class='ocrx_word' id='word_1_220' title='bbox 1488 2385 1553 2440; x_wconf 82' lang='lat' dir='ltr'><strong>Au·</strong></span> 
     </span>
     <span class='ocr_line' id='line_1_25' title="bbox 292 2470 1549 2549; baseline -0.002 -20"><span class='ocrx_word' id='word_1_221' title='bbox 292 2475 442 2549; x_wconf 81' lang='lat' dir='ltr'><strong>guatinum</strong></span> <span class='ocrx_word' id='word_1_222' title='bbox 479 2491 543 2528; x_wconf 90' lang='lat' dir='ltr'><strong>esse</strong></span> <span class='ocrx_word' id='word_1_223' title='bbox 577 2471 701 2528; x_wconf 86' lang='lat' dir='ltr'><strong>formam</strong></span> <span class='ocrx_word' id='word_1_224' title='bbox 736 2470 855 2548; x_wconf 85' lang='lat' dir='ltr'><strong>quidem</strong></span> <span class='ocrx_word' id='word_1_225' title='bbox 890 2471 1086 2529; x_wconf 66' lang='lat' dir='ltr'><strong>subiectis-am</strong></span> <span class='ocrx_word' id='word_1_226' title='bbox 1121 2471 1290 2530; x_wconf 85' lang='lat' dir='ltr'><strong>intellectus</strong></span> <span class='ocrx_word' id='word_1_227' title='bbox 1324 2471 1549 2546; x_wconf 81' lang='lat' dir='ltr'><strong>cognoscentis</strong></span> 
     </span>
     <span class='ocr_line' id='line_1_26' title="bbox 294 2556 1549 2634; baseline -0.003 -18"><span class='ocrx_word' id='word_1_228' title='bbox 294 2558 418 2616; x_wconf 83' lang='lat' dir='ltr'><strong>feturam</strong></span> <span class='ocrx_word' id='word_1_229' title='bbox 452 2568 552 2616; x_wconf 89' lang='lat' dir='ltr'><strong>tamen</strong></span> <span class='ocrx_word' id='word_1_230' title='bbox 587 2577 662 2634; x_wconf 84' lang='lat' dir='ltr'><strong>qnae</strong></span> <span class='ocrx_word' id='word_1_231' title='bbox 697 2557 805 2616; x_wconf 87' lang='lat' dir='ltr'><strong>habeat</strong></span> <span class='ocrx_word' id='word_1_232' title='bbox 841 2558 1115 2616; x_wconf 90' lang='lat' dir='ltr'><strong>fundamentum</strong></span> <span class='ocrx_word' id='word_1_233' title='bbox 1147 2561 1176 2616; x_wconf 92' lang='lat' dir='ltr'><strong>in</strong></span> <span class='ocrx_word' id='word_1_234' title='bbox 1210 2556 1410 2616; x_wconf 83' lang='lat' dir='ltr'><strong>mutabilitate</strong></span> <span class='ocrx_word' id='word_1_235' title='bbox 1446 2576 1549 2613; x_wconf 86' lang='lat' dir='ltr'><strong>rerum</strong></span> 
     </span>
     <span class='ocr_line' id='line_1_27' title="bbox 295 2641 1549 2714; baseline -0.002 -11"><span class='ocrx_word' id='word_1_236' title='bbox 295 2656 468 2714; x_wconf 87' lang='lat' dir='ltr'><strong>creatarum,</strong></span> <span class='ocrx_word' id='word_1_237' title='bbox 493 2665 557 2702; x_wconf 88' lang='lat' dir='ltr'><strong>oum</strong></span> <span class='ocrx_word' id='word_1_238' title='bbox 582 2645 712 2702; x_wconf 80' lang='lat' dir='ltr'><strong>Karnine</strong></span> <span class='ocrx_word' id='word_1_239' title='bbox 743 2647 832 2702; x_wconf 86' lang='lat' dir='ltr'><strong>etiam</strong></span> <span class='ocrx_word' id='word_1_240' title='bbox 865 2645 1091 2704; x_wconf 82' lang='lat' dir='ltr'><strong>mutabilitatem</strong></span> <span class='ocrx_word' id='word_1_241' title='bbox 1123 2648 1201 2703; x_wconf 89' lang='lat' dir='ltr'><strong>inter</strong></span> <span class='ocrx_word' id='word_1_242' title='bbox 1227 2645 1337 2702; x_wconf 78' lang='lat' dir='ltr'><strong>formas</strong></span> <span class='ocrx_word' id='word_1_243' title='bbox 1359 2641 1549 2701; x_wconf 83' lang='lat' dir='ltr'><strong>subiectivas</strong></span> 
     </span>
     <span class='ocr_line' id='line_1_28' title="bbox 296 2731 1550 2810; baseline -0.002 -21"><span class='ocrx_word' id='word_1_244' title='bbox 296 2732 464 2789; x_wconf 85' lang='lat' dir='ltr'><strong>intellectus</strong></span> <span class='ocrx_word' id='word_1_245' title='bbox 499 2731 614 2791; x_wconf 86' lang='lat' dir='ltr'><strong>rel&#39;erat.</strong></span> <span class='ocrx_word' id='word_1_246' title='bbox 638 2765 677 2774; x_wconf 88' lang='lat'><strong>-·</strong></span> <span class='ocrx_word' id='word_1_247' title='bbox 704 2731 914 2810; x_wconf 79' lang='lat' dir='ltr'><strong>lliscrepautia</strong></span> <span class='ocrx_word' id='word_1_248' title='bbox 947 2731 1065 2790; x_wconf 90' lang='lat' dir='ltr'><strong>videtur</strong></span> <span class='ocrx_word' id='word_1_249' title='bbox 1097 2753 1163 2790; x_wconf 88' lang='lat' dir='ltr'><strong>esse</strong></span> <span class='ocrx_word' id='word_1_250' title='bbox 1196 2734 1274 2789; x_wconf 90' lang='lat' dir='ltr'><strong>iuter</strong></span> <span class='ocrx_word' id='word_1_251' title='bbox 1308 2741 1465 2798; x_wconf 88' lang='lat' dir='ltr'><strong>assertum,</strong></span> <span class='ocrx_word' id='word_1_252' title='bbox 1490 2749 1550 2807; x_wconf 90' lang='lat' dir='ltr'><strong>quo</strong></span> 
     </span>
     <span class='ocr_line' id='line_1_29' title="bbox 296 2811 1549 2896; baseline -0.001 -22"><span class='ocrx_word' id='word_1_253' title='bbox 296 2819 368 2896; x_wconf 86' lang='lat' dir='ltr'><strong>prof.</strong></span> <span class='ocrx_word' id='word_1_254' title='bbox 398 2811 466 2880; x_wconf 76' lang='lat' dir='ltr'><strong>Sir.</strong></span> <span class='ocrx_word' id='word_1_255' title='bbox 494 2839 515 2878; x_wconf 80' lang='lat' dir='ltr'><strong>e.</strong></span> <span class='ocrx_word' id='word_1_256' title='bbox 545 2821 742 2895; x_wconf 84' lang='lat' dir='ltr'><strong>Augustinum</strong></span> <span class='ocrx_word' id='word_1_257' title='bbox 773 2817 917 2878; x_wconf 88' lang='lat' dir='ltr'><strong>idealistis</strong></span> <span class='ocrx_word' id='word_1_258' title='bbox 944 2819 1119 2878; x_wconf 89' lang='lat' dir='ltr'><strong>adnumerat</strong></span> <span class='ocrx_word' id='word_1_259' title='bbox 1141 2830 1171 2877; x_wconf 84' lang='lat' dir='ltr'><strong>et</strong></span> <span class='ocrx_word' id='word_1_260' title='bbox 1193 2816 1272 2876; x_wconf 91' lang='lat' dir='ltr'><strong>aliud</strong></span> <span class='ocrx_word' id='word_1_261' title='bbox 1302 2826 1456 2881; x_wconf 83' lang='lat' dir='ltr'><strong>assertum.</strong></span> <span class='ocrx_word' id='word_1_262' title='bbox 1489 2836 1549 2894; x_wconf 91' lang='lat' dir='ltr'><strong>quo</strong></span> 
     </span>
     <span class='ocr_line' id='line_1_30' title="bbox 297 2902 1548 2985; baseline -0.004 -21"><span class='ocrx_word' id='word_1_263' title='bbox 297 2903 370 2964; x_wconf 88' lang='lat' dir='ltr'><strong>dicit</strong></span> <span class='ocrx_word' id='word_1_264' title='bbox 399 2905 439 2981; x_wconf 92' lang='lat' dir='ltr'><strong>(p.</strong></span> <span class='ocrx_word' id='word_1_265' title='bbox 469 2903 561 2985; x_wconf 80' lang='lat'>265):</span> <span class='ocrx_word' id='word_1_266' title='bbox 599 2905 743 2978; x_wconf 81' lang='lat' dir='ltr'><strong>,Etiamsi</strong></span> <span class='ocrx_word' id='word_1_267' title='bbox 774 2905 969 2964; x_wconf 85' lang='lat' dir='ltr'><strong>concedamus</strong></span> <span class='ocrx_word' id='word_1_268' title='bbox 998 2917 1112 2964; x_wconf 85' lang='lat' dir='ltr'><strong>mentes</strong></span> <span class='ocrx_word' id='word_1_269' title='bbox 1142 2907 1286 2965; x_wconf 87' lang='lat' dir='ltr'><strong>humanas</strong></span> <span class='ocrx_word' id='word_1_270' title='bbox 1317 2902 1548 2982; x_wconf 85' lang='lat' dir='ltr'><strong>apprehendere.</strong></span> 
     </span>
     <span class='ocr_line' id='line_1_31' title="bbox 297 2989 1547 3072; baseline -0.003 -22"><span class='ocrx_word' id='word_1_271' title='bbox 297 2991 430 3050; x_wconf 89' lang='lat' dir='ltr'><strong>ordinem</strong></span> <span class='ocrx_word' id='word_1_272' title='bbox 454 2990 518 3072; x_wconf 88' lang='lat' dir='ltr'><strong>(qui</strong></span> <span class='ocrx_word' id='word_1_273' title='bbox 541 3003 586 3051; x_wconf 91' lang='lat' dir='ltr'><strong>est</strong></span> <span class='ocrx_word' id='word_1_274' title='bbox 608 2993 670 3054; x_wconf 85' lang='lat' dir='ltr'><strong>scil.</strong></span> <span class='ocrx_word' id='word_1_275' title='bbox 695 2995 724 3050; x_wconf 93' lang='lat' dir='ltr'><strong>iu</strong></span> <span class='ocrx_word' id='word_1_276' title='bbox 749 2992 871 3070; x_wconf 86' lang='lat' dir='ltr'><strong>mundo)</strong></span> <span class='ocrx_word' id='word_1_277' title='bbox 887 3013 938 3051; x_wconf 91' lang='lat' dir='ltr'><strong>suo</strong></span> <span class='ocrx_word' id='word_1_278' title='bbox 954 2992 1118 3051; x_wconf 82' lang='lat' dir='ltr'><strong>subiectiro</strong></span> <span class='ocrx_word' id='word_1_279' title='bbox 1142 2991 1236 3062; x_wconf 91' lang='lat' dir='ltr'><strong>modo,</strong></span> <span class='ocrx_word' id='word_1_280' title='bbox 1254 3002 1355 3050; x_wconf 85' lang='lat' dir='ltr'><strong>tamen</strong></span> <span class='ocrx_word' id='word_1_281' title='bbox 1370 2993 1435 3048; x_wconf 86' lang='lat' dir='ltr'><strong>sine</strong></span> <span class='ocrx_word' id='word_1_282' title='bbox 1452 2989 1547 3047; x_wconf 91' lang='lat' dir='ltr'><strong>dubio</strong></span> 
     </span>
     <span class='ocr_line' id='line_1_32' title="bbox 297 3077 1547 3158; baseline -0.003 -21"><span class='ocrx_word' id='word_1_283' title='bbox 297 3079 368 3138; x_wconf 90' lang='lat' dir='ltr'><strong>ordo</strong></span> <span class='ocrx_word' id='word_1_284' title='bbox 397 3079 447 3136; x_wconf 88' lang='lat' dir='ltr'><strong>ille</strong></span> <span class='ocrx_word' id='word_1_285' title='bbox 482 3077 569 3138; x_wconf 88' lang='lat' dir='ltr'><strong>debet</strong></span> <span class='ocrx_word' id='word_1_286' title='bbox 601 3081 673 3158; x_wconf 88' lang='lat' dir='ltr'><strong>ipsis</strong></span> <span class='ocrx_word' id='word_1_287' title='bbox 704 3083 810 3138; x_wconf 83' lang='lat' dir='ltr'><strong>creatis</strong></span> <span class='ocrx_word' id='word_1_288' title='bbox 842 3080 928 3138; x_wconf 89' lang='lat' dir='ltr'><strong>rebus</strong></span> <span class='ocrx_word' id='word_1_289' title='bbox 956 3083 1061 3152; x_wconf 89' lang='lat' dir='ltr'><strong>inesse,</strong></span> <span class='ocrx_word' id='word_1_290' title='bbox 1093 3080 1261 3158; x_wconf 90' lang='lat' dir='ltr'><strong>alioquin</strong></span> <span class='ocrx_word' id='word_1_291' title='bbox 1297 3080 1390 3136; x_wconf 89' lang='lat' dir='ltr'><strong>enim</strong></span> <span class='ocrx_word' id='word_1_292' title='bbox 1429 3097 1547 3153; x_wconf 84' lang='lat' dir='ltr'><strong>neque</strong></span> 
     </span>
     <span class='ocr_line' id='line_1_33' title="bbox 297 3165 1547 3242; baseline -0.003 -18"><span class='ocrx_word' id='word_1_293' title='bbox 297 3169 333 3226; x_wconf 92' lang='lat' dir='ltr'><strong>in</strong></span> <span class='ocrx_word' id='word_1_294' title='bbox 361 3175 476 3225; x_wconf 88' lang='lat' dir='ltr'><strong>mente</strong></span> <span class='ocrx_word' id='word_1_295' title='bbox 506 3178 630 3224; x_wconf 88' lang='lat' dir='ltr'><strong>uestra</strong></span> <span class='ocrx_word' id='word_1_296' title='bbox 657 3167 827 3226; x_wconf 75' lang='lat' dir='ltr'><strong>adesset.“</strong></span> <span class='ocrx_word' id='word_1_297' title='bbox 856 3169 887 3224; x_wconf 71' lang='lat' dir='ltr'><strong>ni</strong></span> <span class='ocrx_word' id='word_1_298' title='bbox 911 3189 932 3226; x_wconf 88' lang='lat' dir='ltr'><strong>s.</strong></span> <span class='ocrx_word' id='word_1_299' title='bbox 958 3169 1142 3242; x_wconf 72' lang='lat' dir='ltr'><strong>Augustinus</strong></span> <span class='ocrx_word' id='word_1_300' title='bbox 1169 3176 1246 3225; x_wconf 86' lang='lat' dir='ltr'><strong>esset</strong></span> <span class='ocrx_word' id='word_1_301' title='bbox 1269 3165 1408 3223; x_wconf 85' lang='lat' dir='ltr'><strong>idealisra</strong></span> <span class='ocrx_word' id='word_1_302' title='bbox 1438 3165 1547 3239; x_wconf 84' lang='lat' dir='ltr'><strong>(sensu</strong></span> 
     </span>
     <span class='ocr_line' id='line_1_34' title="bbox 295 3250 1547 3332; baseline -0.006 -19"><span class='ocrx_word' id='word_1_303' title='bbox 295 3255 456 3330; x_wconf 87' lang='lat' dir='ltr'><strong>communi)</strong></span> <span class='ocrx_word' id='word_1_304' title='bbox 486 3275 634 3332; x_wconf 85' lang='lat' dir='ltr'><strong>nunquam</strong></span> <span class='ocrx_word' id='word_1_305' title='bbox 663 3254 714 3312; x_wconf 86' lang='lat' dir='ltr'><strong>tali</strong></span> <span class='ocrx_word' id='word_1_306' title='bbox 739 3254 826 3313; x_wconf 91' lang='lat' dir='ltr'><strong>modo</strong></span> <span class='ocrx_word' id='word_1_307' title='bbox 854 3258 1052 3330; x_wconf 82' lang='lat' dir='ltr'><strong>argumentari</strong></span> <span class='ocrx_word' id='word_1_308' title='bbox 1090 3256 1239 3332; x_wconf 88' lang='lat' dir='ltr'><strong>potuisset.</strong></span> <span class='ocrx_word' id='word_1_309' title='bbox 1272 3253 1343 3310; x_wconf 91' lang='lat' dir='ltr'><strong>Pari</strong></span> <span class='ocrx_word' id='word_1_310' title='bbox 1372 3250 1459 3310; x_wconf 91' lang='lat' dir='ltr'><strong>modo</strong></span> <span class='ocrx_word' id='word_1_311' title='bbox 1488 3253 1547 3307; x_wconf 89' lang='lat' dir='ltr'><strong>im-</strong></span> 
     </span>
     <span class='ocr_line' id='line_1_35' title="bbox 294 3339 1353 3420; baseline -0.004 -20"><span class='ocrx_word' id='word_1_312' title='bbox 294 3343 400 3402; x_wconf 89' lang='lat' dir='ltr'><strong>merito</strong></span> <span class='ocrx_word' id='word_1_313' title='bbox 423 3362 450 3420; x_wconf 88' lang='lat' dir='ltr'><strong>p.</strong></span> <span class='ocrx_word' id='word_1_314' title='bbox 476 3343 646 3399; x_wconf 69' lang='lat'><strong>199-200</strong></span> <span class='ocrx_word' id='word_1_315' title='bbox 669 3363 691 3400; x_wconf 86' lang='lat' dir='ltr'><strong>s.</strong></span> <span class='ocrx_word' id='word_1_316' title='bbox 714 3343 912 3418; x_wconf 80' lang='lat' dir='ltr'><strong>Augustinum</strong></span> <span class='ocrx_word' id='word_1_317' title='bbox 936 3340 1148 3399; x_wconf 83' lang='lat' dir='ltr'><strong>subiectivistis</strong></span> <span class='ocrx_word' id='word_1_318' title='bbox 1171 3339 1353 3399; x_wconf 86' lang='lat' dir='ltr'><strong>adnumerat.</strong></span> 
     </span>
    </p>

    <p class='ocr_par' dir='ltr' id='par_1_9' title="bbox 291 3423 1544 4375">
     <span class='ocr_line' id='line_1_36' title="bbox 395 3423 1544 3505; baseline -0.003 -20"><span class='ocrx_word' id='word_1_319' title='bbox 395 3427 442 3488; x_wconf 76' lang='lat' dir='ltr'><strong>X.</strong></span> <span class='ocrx_word' id='word_1_320' title='bbox 467 3429 513 3486; x_wconf 81' lang='lat' dir='ltr'><strong>De</strong></span> <span class='ocrx_word' id='word_1_321' title='bbox 536 3427 763 3505; x_wconf 83' lang='lat' dir='ltr'><strong>anthropologia</strong></span> <span class='ocrx_word' id='word_1_322' title='bbox 786 3429 1008 3505; x_wconf 86' lang='lat' dir='ltr'><strong>Angustiuiaua</strong></span> <span class='ocrx_word' id='word_1_323' title='bbox 1030 3426 1187 3498; x_wconf 87' lang='lat' dir='ltr'><strong>disserens,</strong></span> <span class='ocrx_word' id='word_1_324' title='bbox 1209 3435 1310 3485; x_wconf 89' lang='lat' dir='ltr'><strong>auctor</strong></span> <span class='ocrx_word' id='word_1_325' title='bbox 1328 3424 1453 3484; x_wconf 82' lang='lat' dir='ltr'><strong>exhibet</strong></span> <span class='ocrx_word' id='word_1_326' title='bbox 1468 3423 1544 3482; x_wconf 88' lang='lat' dir='ltr'><strong>doc-</strong></span> 
     </span>
     <span class='ocr_line' id='line_1_37' title="bbox 292 3513 1543 3593; baseline -0.004 -21"><span class='ocrx_word' id='word_1_327' title='bbox 292 3516 402 3572; x_wconf 88' lang='lat' dir='ltr'><strong>trinam</strong></span> <span class='ocrx_word' id='word_1_328' title='bbox 426 3513 463 3572; x_wconf 91' lang='lat' dir='ltr'><strong>de</strong></span> <span class='ocrx_word' id='word_1_329' title='bbox 487 3514 630 3572; x_wconf 85' lang='lat' dir='ltr'><strong>relatione</strong></span> <span class='ocrx_word' id='word_1_330' title='bbox 662 3515 789 3572; x_wconf 88' lang='lat' dir='ltr'><strong>hominis</strong></span> <span class='ocrx_word' id='word_1_331' title='bbox 821 3514 858 3573; x_wconf 89' lang='lat' dir='ltr'><strong>ad</strong></span> <span class='ocrx_word' id='word_1_332' title='bbox 881 3515 996 3593; x_wconf 88' lang='lat' dir='ltr'><strong>reliqua</strong></span> <span class='ocrx_word' id='word_1_333' title='bbox 1018 3526 1133 3588; x_wconf 82' lang='lat' dir='ltr'><strong>creata3</strong></span> <span class='ocrx_word' id='word_1_334' title='bbox 1165 3514 1202 3572; x_wconf 89' lang='lat' dir='ltr'><strong>de</strong></span> <span class='ocrx_word' id='word_1_335' title='bbox 1225 3514 1303 3572; x_wconf 86' lang='lat' dir='ltr'><strong>malo</strong></span> <span class='ocrx_word' id='word_1_336' title='bbox 1334 3515 1457 3590; x_wconf 90' lang='lat' dir='ltr'><strong>eiusque</strong></span> <span class='ocrx_word' id='word_1_337' title='bbox 1480 3531 1543 3568; x_wconf 88' lang='lat' dir='ltr'><strong>mo-</strong></span> 
     </span>
     <span class='ocr_line' id='line_1_38' title="bbox 294 3597 1540 3680; baseline -0.004 -20"><span class='ocrx_word' id='word_1_338' title='bbox 294 3612 394 3660; x_wconf 88' lang='lat' dir='ltr'><strong>mente</strong></span> <span class='ocrx_word' id='word_1_339' title='bbox 418 3603 448 3659; x_wconf 91' lang='lat' dir='ltr'><strong>in</strong></span> <span class='ocrx_word' id='word_1_340' title='bbox 472 3600 575 3660; x_wconf 88' lang='lat' dir='ltr'><strong>morali</strong></span> <span class='ocrx_word' id='word_1_341' title='bbox 599 3601 702 3660; x_wconf 89' lang='lat' dir='ltr'><strong>ordine</strong></span> <span class='ocrx_word' id='word_1_342' title='bbox 726 3600 844 3675; x_wconf 81' lang='lat' dir='ltr'><strong>mundi3</strong></span> <span class='ocrx_word' id='word_1_343' title='bbox 868 3601 905 3660; x_wconf 90' lang='lat' dir='ltr'><strong>de</strong></span> <span class='ocrx_word' id='word_1_344' title='bbox 928 3603 1117 3680; x_wconf 86' lang='lat' dir='ltr'><strong>providentia</strong></span> <span class='ocrx_word' id='word_1_345' title='bbox 1138 3611 1168 3660; x_wconf 90' lang='lat' dir='ltr'><strong>et</strong></span> <span class='ocrx_word' id='word_1_346' title='bbox 1191 3599 1479 3680; x_wconf 81' lang='lat' dir='ltr'><strong>praedestinatione3</strong></span> <span class='ocrx_word' id='word_1_347' title='bbox 1503 3597 1540 3655; x_wconf 88' lang='lat' dir='ltr'><strong>de</strong></span> 
     </span>
     <span class='ocr_line' id='line_1_39' title="bbox 294 3684 1541 3766; baseline -0.003 -20"><span class='ocrx_word' id='word_1_348' title='bbox 294 3688 439 3758; x_wconf 88' lang='lat' dir='ltr'><strong>libertate,</strong></span> <span class='ocrx_word' id='word_1_349' title='bbox 475 3687 732 3766; x_wconf 88' lang='lat' dir='ltr'><strong>responsabilitate</strong></span> <span class='ocrx_word' id='word_1_350' title='bbox 767 3689 878 3758; x_wconf 90' lang='lat' dir='ltr'><strong>morali,</strong></span> <span class='ocrx_word' id='word_1_351' title='bbox 902 3689 938 3746; x_wconf 87' lang='lat' dir='ltr'><strong>de</strong></span> <span class='ocrx_word' id='word_1_352' title='bbox 962 3691 1060 3766; x_wconf 83' lang='lat' dir='ltr'><strong>gratia</strong></span> <span class='ocrx_word' id='word_1_353' title='bbox 1090 3688 1202 3760; x_wconf 91' lang='lat' dir='ltr'><strong>divina,</strong></span> <span class='ocrx_word' id='word_1_354' title='bbox 1232 3687 1270 3746; x_wconf 88' lang='lat' dir='ltr'><strong>de</strong></span> <span class='ocrx_word' id='word_1_355' title='bbox 1294 3687 1352 3746; x_wconf 90' lang='lat' dir='ltr'><strong>line</strong></span> <span class='ocrx_word' id='word_1_356' title='bbox 1377 3689 1458 3745; x_wconf 90' lang='lat' dir='ltr'><strong>vitae</strong></span> <span class='ocrx_word' id='word_1_357' title='bbox 1489 3684 1541 3743; x_wconf 91' lang='lat' dir='ltr'><strong>hu·</strong></span> 
     </span>
     <span class='ocr_line' id='line_1_40' title="bbox 294 3772 1540 3853; baseline -0.004 -19"><span class='ocrx_word' id='word_1_358' title='bbox 294 3795 407 3835; x_wconf 86' lang='lat' dir='ltr'><strong>manae.</strong></span> <span class='ocrx_word' id='word_1_359' title='bbox 434 3809 472 3818; x_wconf 79' lang='lat'><strong>-</strong></span> <span class='ocrx_word' id='word_1_360' title='bbox 498 3775 573 3834; x_wconf 84' lang='lat' dir='ltr'><strong>Cum</strong></span> <span class='ocrx_word' id='word_1_361' title='bbox 596 3775 704 3834; x_wconf 82' lang='lat' dir='ltr'><strong>Graeci</strong></span> <span class='ocrx_word' id='word_1_362' title='bbox 739 3775 906 3853; x_wconf 89' lang='lat' dir='ltr'><strong>philosophi</strong></span> <span class='ocrx_word' id='word_1_363' title='bbox 939 3779 1094 3834; x_wconf 90' lang='lat' dir='ltr'><strong>materiam</strong></span> <span class='ocrx_word' id='word_1_364' title='bbox 1122 3778 1329 3834; x_wconf 83' lang='lat' dir='ltr'><strong>existimarent</strong></span> <span class='ocrx_word' id='word_1_365' title='bbox 1351 3772 1465 3852; x_wconf 83' lang='lat' dir='ltr'><strong>aliquid</strong></span> <span class='ocrx_word' id='word_1_366' title='bbox 1489 3793 1540 3850; x_wconf 75' lang='lat' dir='ltr'><strong>pe</strong></span> 
     </span>
     <span class='ocr_line' id='line_1_41' title="bbox 294 3860 1538 3942; baseline -0.003 -22"><span class='ocrx_word' id='word_1_367' title='bbox 294 3862 417 3930; x_wconf 88' lang='lat' dir='ltr'><strong>teutiale</strong></span> <span class='ocrx_word' id='word_1_368' title='bbox 450 3872 573 3924; x_wconf 83' lang='lat' dir='ltr'><strong>tantum.</strong></span> <span class='ocrx_word' id='word_1_369' title='bbox 609 3861 687 3940; x_wconf 89' lang='lat' dir='ltr'><strong>apud</strong></span> <span class='ocrx_word' id='word_1_370' title='bbox 722 3863 921 3938; x_wconf 79' lang='lat' dir='ltr'><strong>Augustiuum</strong></span> <span class='ocrx_word' id='word_1_371' title='bbox 948 3873 994 3920; x_wconf 87' lang='lat' dir='ltr'><strong>est</strong></span> <span class='ocrx_word' id='word_1_372' title='bbox 1017 3865 1082 3941; x_wconf 89' lang='lat' dir='ltr'><strong>ipsa</strong></span> <span class='ocrx_word' id='word_1_373' title='bbox 1103 3862 1218 3942; x_wconf 88' lang='lat' dir='ltr'><strong>aliquid</strong></span> <span class='ocrx_word' id='word_1_374' title='bbox 1252 3861 1377 3920; x_wconf 85' lang='lat' dir='ltr'><strong>actuale.</strong></span> <span class='ocrx_word' id='word_1_375' title='bbox 1412 3860 1538 3918; x_wconf 84' lang='lat' dir='ltr'><strong>Materia</strong></span> 
     </span>
     <span class='ocr_line' id='line_1_42' title="bbox 293 3949 1536 4028; baseline -0.002 -22"><span class='ocrx_word' id='word_1_376' title='bbox 293 3952 368 4006; x_wconf 88' lang='lat' dir='ltr'><strong>sicut</strong></span> <span class='ocrx_word' id='word_1_377' title='bbox 391 3961 419 4006; x_wconf 90' lang='lat' dir='ltr'><strong>et</strong></span> <span class='ocrx_word' id='word_1_378' title='bbox 443 3951 562 4025; x_wconf 89' lang='lat' dir='ltr'><strong>spiritus</strong></span> <span class='ocrx_word' id='word_1_379' title='bbox 586 3959 654 4008; x_wconf 89' lang='lat' dir='ltr'><strong>suut</strong></span> <span class='ocrx_word' id='word_1_380' title='bbox 678 3951 786 4028; x_wconf 88' lang='lat' dir='ltr'><strong>pariter</strong></span> <span class='ocrx_word' id='word_1_381' title='bbox 810 3970 899 4027; x_wconf 90' lang='lat' dir='ltr'><strong>opera</strong></span> <span class='ocrx_word' id='word_1_382' title='bbox 923 3951 988 4021; x_wconf 87' lang='lat' dir='ltr'><strong>Dei,</strong></span> <span class='ocrx_word' id='word_1_383' title='bbox 1012 3971 1134 4028; x_wconf 90' lang='lat' dir='ltr'><strong>querum</strong></span> <span class='ocrx_word' id='word_1_384' title='bbox 1158 3971 1251 4008; x_wconf 81' lang='lat' dir='ltr'><strong>nexus</strong></span> <span class='ocrx_word' id='word_1_385' title='bbox 1275 3952 1307 4006; x_wconf 91' lang='lat' dir='ltr'><strong>in</strong></span> <span class='ocrx_word' id='word_1_386' title='bbox 1330 3949 1463 4006; x_wconf 88' lang='lat' dir='ltr'><strong>humana</strong></span> <span class='ocrx_word' id='word_1_387' title='bbox 1485 3965 1536 4005; x_wconf 86' lang='lat' dir='ltr'><strong>ua·</strong></span> 
     </span>
     <span class='ocr_line' id='line_1_43' title="bbox 292 4033 1536 4114; baseline 0 -22"><span class='ocrx_word' id='word_1_388' title='bbox 292 4045 358 4093; x_wconf 88' lang='lat' dir='ltr'><strong>tura</strong></span> <span class='ocrx_word' id='word_1_389' title='bbox 381 4033 513 4094; x_wconf 89' lang='lat' dir='ltr'><strong>habetur.</strong></span> <span class='ocrx_word' id='word_1_390' title='bbox 536 4035 624 4094; x_wconf 86' lang='lat' dir='ltr'><strong>Unde</strong></span> <span class='ocrx_word' id='word_1_391' title='bbox 649 4039 679 4094; x_wconf 91' lang='lat' dir='ltr'><strong>in</strong></span> <span class='ocrx_word' id='word_1_392' title='bbox 702 4036 866 4094; x_wconf 88' lang='lat' dir='ltr'><strong>christiana</strong></span> <span class='ocrx_word' id='word_1_393' title='bbox 888 4037 1031 4113; x_wconf 87' lang='lat' dir='ltr'><strong>religione</strong></span> <span class='ocrx_word' id='word_1_394' title='bbox 1054 4058 1114 4095; x_wconf 91' lang='lat' dir='ltr'><strong>non</strong></span> <span class='ocrx_word' id='word_1_395' title='bbox 1136 4047 1233 4114; x_wconf 88' lang='lat' dir='ltr'><strong>potest</strong></span> <span class='ocrx_word' id='word_1_396' title='bbox 1254 4037 1381 4094; x_wconf 84' lang='lat' dir='ltr'><strong>materia</strong></span> <span class='ocrx_word' id='word_1_397' title='bbox 1403 4037 1447 4092; x_wconf 90' lang='lat' dir='ltr'><strong>ita</strong></span> <span class='ocrx_word' id='word_1_398' title='bbox 1468 4053 1536 4092; x_wconf 90' lang='lat' dir='ltr'><strong>oon·</strong></span> 
     </span>
     <span class='ocr_line' id='line_1_44' title="bbox 293 4122 1541 4183; baseline -0.002 -3"><span class='ocrx_word' id='word_1_399' title='bbox 293 4124 386 4180; x_wconf 90' lang='lat' dir='ltr'><strong>temni</strong></span> <span class='ocrx_word' id='word_1_400' title='bbox 410 4124 485 4180; x_wconf 86' lang='lat' dir='ltr'><strong>sieut</strong></span> <span class='ocrx_word' id='word_1_401' title='bbox 501 4125 532 4180; x_wconf 91' lang='lat' dir='ltr'><strong>iu</strong></span> <span class='ocrx_word' id='word_1_402' title='bbox 545 4123 785 4183; x_wconf 87' lang='lat' dir='ltr'><strong>manichaeismo.</strong></span> <span class='ocrx_word' id='word_1_403' title='bbox 810 4157 850 4165; x_wconf 85' lang='lat'>-</span> <span class='ocrx_word' id='word_1_404' title='bbox 866 4125 991 4182; x_wconf 83' lang='lat' dir='ltr'><strong>Ratione</strong></span> <span class='ocrx_word' id='word_1_405' title='bbox 1007 4125 1080 4182; x_wconf 88' lang='lat' dir='ltr'><strong>mali</strong></span> <span class='ocrx_word' id='word_1_406' title='bbox 1103 4127 1135 4181; x_wconf 89' lang='lat' dir='ltr'><strong>in</strong></span> <span class='ocrx_word' id='word_1_407' title='bbox 1147 4122 1257 4181; x_wconf 89' lang='lat' dir='ltr'><strong>mundo</strong></span> <span class='ocrx_word' id='word_1_408' title='bbox 1275 4124 1432 4181; x_wconf 85' lang='lat' dir='ltr'><strong>existentis</strong></span> <span class='ocrx_word' id='word_1_409' title='bbox 1448 4123 1541 4179; x_wconf 85' lang='lat' dir='ltr'><strong>couti·</strong></span> 
     </span>
     <span class='ocr_line' id='line_1_45' title="bbox 293 4209 1544 4288; baseline -0.002 -21"><span class='ocrx_word' id='word_1_410' title='bbox 293 4229 351 4267; x_wconf 87' lang='lat' dir='ltr'><strong>nuo</strong></span> <span class='ocrx_word' id='word_1_411' title='bbox 382 4211 487 4266; x_wconf 86' lang='lat' dir='ltr'><strong>crescit</strong></span> <span class='ocrx_word' id='word_1_412' title='bbox 518 4211 607 4268; x_wconf 86' lang='lat' dir='ltr'><strong>etiarn</strong></span> <span class='ocrx_word' id='word_1_413' title='bbox 639 4229 754 4271; x_wconf 87' lang='lat' dir='ltr'><strong>summa</strong></span> <span class='ocrx_word' id='word_1_414' title='bbox 785 4209 854 4269; x_wconf 91' lang='lat' dir='ltr'><strong>honi</strong></span> <span class='ocrx_word' id='word_1_415' title='bbox 879 4212 919 4287; x_wconf 78' lang='lat' dir='ltr'><strong>(p.</strong></span> <span class='ocrx_word' id='word_1_416' title='bbox 944 4214 1030 4286; x_wconf 75' lang='lat'><strong>281).</strong></span> <span class='ocrx_word' id='word_1_417' title='bbox 1055 4244 1096 4253; x_wconf 88' lang='lat'><strong>--</strong></span> <span class='ocrx_word' id='word_1_418' title='bbox 1123 4211 1322 4287; x_wconf 86' lang='lat' dir='ltr'><strong>Theologicas</strong></span> <span class='ocrx_word' id='word_1_419' title='bbox 1352 4210 1544 4288; x_wconf 84' lang='lat' dir='ltr'><strong>quaestiones</strong></span> 
     </span>
     <span class='ocr_line' id='line_1_46' title="bbox 291 4289 1543 4375; baseline 0.003 -22"><span class='ocrx_word' id='word_1_420' title='bbox 291 4295 329 4353; x_wconf 92' lang='lat' dir='ltr'><strong>de</strong></span> <span class='ocrx_word' id='word_1_421' title='bbox 357 4295 451 4353; x_wconf 91' lang='lat' dir='ltr'><strong>libero</strong></span> <span class='ocrx_word' id='word_1_422' title='bbox 485 4295 614 4361; x_wconf 80' lang='lat' dir='ltr'><strong>arbitrio.</strong></span> <span class='ocrx_word' id='word_1_423' title='bbox 647 4298 751 4372; x_wconf 75' lang='lat' dir='ltr'><strong>gratia,</strong></span> <span class='ocrx_word' id='word_1_424' title='bbox 783 4297 1062 4374; x_wconf 82' lang='lat' dir='ltr'><strong>praedestinatione,</strong></span> <span class='ocrx_word' id='word_1_425' title='bbox 1096 4297 1164 4356; x_wconf 87' lang='lat' dir='ltr'><strong>aliis</strong></span> <span class='ocrx_word' id='word_1_426' title='bbox 1191 4297 1223 4355; x_wconf 94' lang='lat' dir='ltr'><strong>id</strong></span> <span class='ocrx_word' id='word_1_427' title='bbox 1245 4317 1346 4375; x_wconf 85' lang='lat' dir='ltr'><strong>genus,</strong></span> <span class='ocrx_word' id='word_1_428' title='bbox 1368 4296 1445 4375; x_wconf 87' lang='lat' dir='ltr'><strong>prof.</strong></span> <span class='ocrx_word' id='word_1_429' title='bbox 1475 4289 1543 4358; x_wconf 76' lang='lat' dir='ltr'><strong>Sir.</strong></span> 
     </span>
    </p>

    <p class='ocr_par' dir='ltr' id='par_1_10' title="bbox 291 4383 1542 4636">
     <span class='ocr_line' id='line_1_47' title="bbox 291 4383 1542 4462; baseline 0 -22"><span class='ocrx_word' id='word_1_430' title='bbox 291 4384 344 4440; x_wconf 86' lang='lat' dir='ltr'><strong>vix</strong></span> <span class='ocrx_word' id='word_1_431' title='bbox 380 4385 508 4460; x_wconf 84' lang='lat' dir='ltr'><strong>attingit.</strong></span> <span class='ocrx_word' id='word_1_432' title='bbox 543 4384 656 4442; x_wconf 72' lang='lat' dir='ltr'><strong>noterio</strong></span> <span class='ocrx_word' id='word_1_433' title='bbox 690 4383 899 4442; x_wconf 78' lang='lat' dir='ltr'><strong>difficultatum</strong></span> <span class='ocrx_word' id='word_1_434' title='bbox 928 4385 967 4462; x_wconf 84' lang='lat' dir='ltr'><strong>(p.</strong></span> <span class='ocrx_word' id='word_1_435' title='bbox 992 4386 1175 4460; x_wconf 75' lang='lat' dir='ltr'><strong>een-295)</strong></span> <span class='ocrx_word' id='word_1_436' title='bbox 1209 4387 1261 4443; x_wconf 84' lang='lat' dir='ltr'><strong>vix</strong></span> <span class='ocrx_word' id='word_1_437' title='bbox 1295 4397 1392 4462; x_wconf 88' lang='lat' dir='ltr'><strong>potest</strong></span> <span class='ocrx_word' id='word_1_438' title='bbox 1426 4384 1542 4441; x_wconf 83' lang='lat' dir='ltr'><strong>censeri</strong></span> 
     </span>
     <span class='ocr_line' id='line_1_48' title="bbox 294 4470 1540 4550; baseline -0.002 -22"><span class='ocrx_word' id='word_1_439' title='bbox 294 4470 452 4528; x_wconf 83' lang='lat' dir='ltr'><strong>sufficiens.</strong></span> <span class='ocrx_word' id='word_1_440' title='bbox 478 4471 532 4528; x_wconf 84' lang='lat' dir='ltr'><strong>XI.</strong></span> <span class='ocrx_word' id='word_1_441' title='bbox 558 4471 752 4549; x_wconf 87' lang='lat' dir='ltr'><strong>Philosophia</strong></span> <span class='ocrx_word' id='word_1_442' title='bbox 776 4471 917 4530; x_wconf 87' lang='lat' dir='ltr'><strong>historiae</strong></span> <span class='ocrx_word' id='word_1_443' title='bbox 941 4472 1133 4550; x_wconf 89' lang='lat' dir='ltr'><strong>impossibilis</strong></span> <span class='ocrx_word' id='word_1_444' title='bbox 1157 4482 1220 4530; x_wconf 88' lang='lat' dir='ltr'><strong>erat</strong></span> <span class='ocrx_word' id='word_1_445' title='bbox 1236 4473 1268 4529; x_wconf 93' lang='lat' dir='ltr'><strong>in</strong></span> <span class='ocrx_word' id='word_1_446' title='bbox 1283 4471 1393 4530; x_wconf 91' lang='lat' dir='ltr'><strong>mundo</strong></span> <span class='ocrx_word' id='word_1_447' title='bbox 1412 4471 1540 4529; x_wconf 87' lang='lat' dir='ltr'><strong>ethnico.</strong></span> 
     </span>
     <span class='ocr_line' id='line_1_49' title="bbox 295 4555 1539 4636; baseline -0.002 -20"><span class='ocrx_word' id='word_1_448' title='bbox 295 4555 344 4616; x_wconf 90' lang='lat' dir='ltr'><strong>Ad</strong></span> <span class='ocrx_word' id='word_1_449' title='bbox 369 4559 461 4635; x_wconf 86' lang='lat' dir='ltr'><strong>ipsam</strong></span> <span class='ocrx_word' id='word_1_450' title='bbox 487 4557 714 4618; x_wconf 87' lang='lat' dir='ltr'><strong>construendam</strong></span> <span class='ocrx_word' id='word_1_451' title='bbox 739 4561 908 4617; x_wconf 88' lang='lat' dir='ltr'><strong>necessaria</strong></span> <span class='ocrx_word' id='word_1_452' title='bbox 930 4571 993 4617; x_wconf 87' lang='lat' dir='ltr'><strong>erat</strong></span> <span class='ocrx_word' id='word_1_453' title='bbox 1016 4559 1096 4619; x_wconf 89' lang='lat' dir='ltr'><strong>clara</strong></span> <span class='ocrx_word' id='word_1_454' title='bbox 1118 4561 1248 4636; x_wconf 84' lang='lat' dir='ltr'><strong>cognitio</strong></span> <span class='ocrx_word' id='word_1_455' title='bbox 1271 4558 1339 4616; x_wconf 88' lang='lat' dir='ltr'><strong>finis</strong></span> <span class='ocrx_word' id='word_1_456' title='bbox 1362 4559 1539 4616; x_wconf 77' lang='lat' dir='ltr'><strong>existentiae</strong></span> 
     </span>
    </p>
   </div>
   <div class='ocr_carea' id='block_1_3' title="bbox 0 0 1730 5335">
    <p class='ocr_par' dir='ltr' id='par_1_11' title="bbox 0 0 1730 5335">
     <span class='ocr_line' id='line_1_50' title="bbox 0 0 1730 5335; baseline 0 0"><span class='ocrx_word' id='word_1_457' title='bbox 0 0 1730 5335; x_wconf 95' lang='lat' dir='ltr'><strong> </strong></span> 
     </span>
    </p>
   </div>
   <div class='ocr_carea' id='block_1_4' title="bbox 1278 5082 1660 5280">
    <p class='ocr_par' dir='ltr' id='par_1_12' title="bbox 1228 4948 1660 5280">
     <span class='ocr_line' id='line_1_51' title="bbox 1278 5082 1660 5280; baseline 0.002 -0.884"><span class='ocrx_word' id='word_1_458' title='bbox 1278 5082 1660 5280; x_wconf 55' lang='lat' dir='ltr'><strong>...aa</strong></span> 
     </span>
    </p>
   </div>
  </div>
 </body>
</html>
