3450 5342
804 304 999 361 -eeo-

280 517 333 555 nos
366 516 439 553 non
470 496 686 553 canonicos
717 492 924 570 nominamus].
969 492 1165 551 Canonici
1197 504 1273 557 sunt.
1306 512 1379 569 quos
1400 492 1533 550 ecclesia

280 581 402 641 Iudaica
417 602 469 659 pro
492 580 603 639 divinis
622 600 737 658 semper
759 578 863 638 habuit
886 590 915 638 et
933 598 1005 658 quos
1027 579 1191 637 christiana
1211 598 1230 637 a
1245 577 1364 637 Iudaeis
1386 578 1444 637 sibi
1468 588 1532 635 tra·

281 669 358 729 ditos
391 668 540 746 accepisse
562 676 686 725 testatur
710 712 716 725 .
740 716 746 729 .
770 714 776 726 .
802 716 807 726 .
845 666 991 725 Canonici
1012 675 1112 724 antem
1135 674 1277 724 vocantur
1298 674 1418 745 propter
1442 665 1531 723 iiiam

280 759 441 835 scripturae
471 754 691 833 perfectionem,
725 774 783 833 qua
812 754 909 833 pleno,
943 754 1106 811 certissimo
1138 763 1169 811 et
1198 751 1365 811 indubitato
1394 754 1530 811 omnium

281 863 403 903 assensu
426 840 523 920 quoad
546 841 677 918 singulas
700 850 798 920 partes
819 838 904 918 digni
926 840 1010 899 fiunt
1032 838 1185 916 Quosdam
1208 848 1307 897 antem
1328 837 1420 897 libros
1443 858 1532 917 apo-

283 929 451 1009 cryphos
486 927 680 998 denominari,
713 930 818 987 Patres
841 927 984 987 ecclesiae
1006 927 1084 985 hanc
1109 925 1237 985 reddunt
1258 928 1423 996 rationem:
1457 927 1534 1005 qnia

282 1025 349 1075 sunt
370 1015 502 1074 occultae
526 1015 649 1091 originis
682 1024 712 1073 et
735 1016 925 1084 auctoritatis,
959 1016 1096 1093 quamvis
1118 1033 1184 1072 cum
1218 1012 1314 1072 fructu
1336 1012 1473 1090 tegantur
1496 1016 1532 1071 in

282 1102 415 1161 eeclesia.
460 1102 536 1160 Noe
569 1121 723 1180 quoque
760 1103 798 1159 in
831 1099 1115 1159 discernendis
1148 1099 1394 1179 apocryphis
1428 1100 1533 1158 hune

282 1190 563 1267 significatum
597 1191 815 1265 sequimur:
849 1188 1034 1247 Fatemnr
1067 1189 1167 1247 enim
1198 1184 1532 1245 commendandos

283 1297 368 1335 esse
391 1276 517 1335 libros
540 1277 647 1346 istos,
671 1284 708 1333 et
730 1296 806 1334 non
829 1277 915 1333 sine
936 1293 1075 1351 magna
1097 1272 1283 1333 utilitate
1306 1274 1390 1350 legi
1412 1274 1453 1331 in
1475 1294 1532 1332 ec-

283 1364 413 1433 clesia„
437 1362 500 1421 sed
525 1359 700 1421 eiusdem
723 1363 988 1420 auctoritatis
1009 1381 1074 1420 eos
1097 1381 1191 1433 esse,
1224 1364 1336 1420 cuius
1359 1368 1451 1418 sunt
1471 1382 1532 1420 ca-

282 1452 424 1521 noniei‚
448 1448 487 1507 id
511 1460 578 1519 est,
601 1446 702 1527 quod
725 1453 940 1525 negamus“.
975 1444 1267 1526 Philaretus⁸⁹)
1292 1448 1415 1507 formam
1437 1450 1533 1508 eccle-

281 1538 465 1595 siasticarum
488 1534 704 1593 academiarum
728 1533 907 1607 describens,
940 1533 977 1593 de
1000 1534 1084 1594 libris
1107 1556 1167 1594 non
1188 1538 1341 1595 canonicis
1362 1535 1441 1594 hanc
1464 1557 1532 1595 sen-

280 1624 404 1681 tentiam
421 1623 568 1701 proponit:
598 1620 698 1694 „Libri
714 1621 879 1701 apocryphi
895 1620 966 1699 [non
980 1621 1138 1700 canonici]‚
1154 1626 1205 1701 qui
1221 1632 1289 1681 sunt
1303 1623 1388 1696 tales,
1406 1639 1531 1700 quornm

281 1712 377 1788 prima
399 1712 481 1786 origo
500 1709 614 1767 occulta
637 1718 689 1781 est,
713 1709 820 1767 multas
842 1719 873 1767 ct
888 1718 1005 1767 sanctas
1027 1730 1192 1789 gravesque
1211 1713 1365 1769 continent
1388 1714 1529 1771 veritates

281 1795 406 1875 ideoque
430 1816 488 1855 non
512 1796 576 1853 sine
595 1815 684 1853 eausa
706 1816 827 1855 numero
848 1794 990 1855 librorum
1006 1816 1154 1855 sacrorum
1176 1806 1245 1855 sunt
1263 1799 1367 1856 inserti
1390 1812 1420 1861 et
1442 1801 1530 1879 pleno

282 1892 418 1963 respectu
439 1881 554 1959 digni“.
576 1882 614 1941 In
628 1880 883 1941 Praelectionihus
898 1876 942 1963 ⁹⁰)
964 1886 1167 1942 auctoritatem
1184 1892 1215 1941 et
1229 1882 1408 1961 dignitatem
1429 1908 1529 1945 eorum

284 1980 468 2050 pertractans
491 1971 534 2027 itu
556 1988 618 2027 rem
641 1969 790 2047 explieat:
827 1967 1033 2047 „Quamquam
1055 1980 1171 2029 constat
1193 1990 1243 2029 eos
1273 1970 1366 2031 libros
1390 1974 1461 2054 [non
1483 1993 1531 2032 ca-

285 2056 417 2135 nonicos]
442 2058 473 2113 in
490 2075 602 2115 canone
621 2054 764 2115 ecclesiae
778 2052 928 2127 Iudaicae,
943 2075 1019 2133 quae
1034 2058 1067 2115 in
1081 2056 1254 2115 Palaestina
1268 2068 1340 2130 erat,
1363 2082 1424 2121 non
1438 2062 1528 2119 foisse

289 2153 319 2204 et
341 2163 459 2222 prorsus
482 2140 604 2200 dubium
627 2151 672 2201 est
694 2142 840 2221 apostolos
856 2162 923 2201 eum
938 2142 1081 2201 ecclesiae
1103 2144 1328 2204 translationem
1350 2146 1531 2208 Alexandri-

288 2232 413 2289 namin
436 2248 540 2287 manus
564 2227 677 2300 darent,
699 2231 789 2287 etiam
812 2248 862 2287 eos
884 2227 1042 2288 tradidisse
1066 2240 1099 2288 ut
1122 2232 1303 2309 inspiratos:
1338 2236 1530 2295 nihilominus

288 2338 337 2375 eos
363 2318 395 2374 in
426 2316 552 2374 ecclesia
584 2316 802 2375 Palaestinensi
830 2313 1059 2392 diligentissime
1091 2316 1263 2377 observatos
1295 2340 1361 2380 esse
1392 2325 1532 2382 scimus“.

286 2404 434 2480 Allegatis
457 2422 472 2460 e
496 2401 622 2479 Iosepho
644 2401 760 2474 Flavio,
794 2402 987 2475 Maimonide,
1019 2403 1159 2463 Patribus
1181 2404 1351 2467 christianis
1373 2410 1457 2481 locis,
1481 2409 1532 2488 qui

286 2492 349 2549 eins
372 2490 550 2549 sententiam
580 2488 686 2546 fulcire
717 2487 863 2560 videntur,
886 2492 995 2567 pergit:
1026 2490 1094 2563 „Ex
1124 2490 1260 2552 omnibus
1283 2494 1330 2553 his
1352 2498 1531 2555 testimoniis

286 2575 476 2635 manifestum
491 2586 535 2633 est
550 2574 641 2634 libros
654 2578 704 2653 qui
717 2570 881 2655 apocryphi
897 2585 1047 2649 vocantur,
1065 2586 1096 2636 et
1118 2580 1168 2657 qui
1184 2578 1321 2657 legantur
1334 2592 1365 2641 et
1377 2585 1429 2661 qni
1441 2584 1532 2661 respi-

286 2666 400 2721 ciantur
423 2661 531 2739 dignos
554 2682 619 2720 esse
641 2671 730 2741 atque
753 2664 884 2721 omnium
906 2664 940 2720 in
961 2664 1087 2723 ecclesia
1108 2667 1249 2743 pietatem
1271 2668 1351 2728 alere
1373 2674 1489 2748 posse“.

273 2807 283 2816 ι
389 2764 562 2841 Makarij
598 2767 631 2825 in
660 2786 714 2825 sna
734 2765 957 2826 Introductione
972 2762 1014 2848 91)
1037 2767 1197 2829 traditione
1229 2772 1390 2832 secundum
1413 2793 1531 2833 causam

286 2852 437 2911 doetrinae
459 2852 601 2911 Russioae
634 2872 703 2911 usus
723 2854 813 2911 etiam
841 2856 1004 2913 contrarios
1036 2854 1116 2914 locos
1139 2858 1297 2916 conciliare
1332 2861 1360 2918 ei
1390 2860 1532 2920 intendit:

342 3036 376 3099 ³⁹)
396 3020 504 3104 dtenija
524 3036 693 3091 robteestrt
712 3037 848 3105 ljnbitelej
870 3037 1035 3107 duhornsgo
1052 3041 1262 3109 proavettenijs
1275 3048 1339 3097 teta
1349 3044 1398 3111 111,
1427 3045 1532 3103 oront.

393 3122 419 3175 p.
447 3111 494 3157 4⁶2:
526 3108 792 3174 cenomanensem:
828 3123 924 3173 saara,
959 3125 990 3162 rc
1019 3124 1090 3175 acra,
1122 3111 1209 3176 rama,
1235 3129 1385 3184 acropuxs
1411 3131 1532 3170 annuae

393 3179 621 3242 upoacxosruesie
639 3191 774 3243 casparo,
791 3193 978 3231 aaarnsanra
995 3194 1034 3232 aa
1052 3183 1123 3231 ceos
1142 3185 1243 3236 cruoris
1260 3199 1368 3237 ramus
1385 3199 1404 3237 rr
1416 3200 1533 3240 amara

393 3258 511 3309 amnon,
530 3262 547 3299 a
564 3259 672 3313 uorouy
692 3260 725 3298 ue
743 3246 813 3299 oeae
830 3261 967 3315 npuseaas
993 3264 1121 3302 arreeean
1139 3266 1179 3304 aa
1194 3267 1281 3306 sucro
1300 3268 1390 3307 auara
1408 3270 1532 3313 casmen-

393 3329 481 3377 nuxa,
501 3330 519 3367 n
535 3318 680 3373 aecrottnn
700 3330 821 3369 norsaro
840 3316 1005 3373 numanis.-

343 3382 375 3447 90)
395 3381 469 3437 Idem
488 3367 596 3451 Ctenija
610 3425 615 3437 .
629 3422 656 3437 ..
676 3388 742 3438 1876
761 3387 877 3445 aecana
894 3390 969 3440 uait:
986 3394 1017 3454 »a
1033 3387 1211 3444 tssaanocra
1229 3408 1247 3443 a
1263 3406 1452 3450 aooroarscrao
1470 3410 1534 3449 ano·

392 3468 611 3521 apuouueonaxs
629 3468 726 3507 anum.
744 3453 819 3508 Xera
837 3458 986 3524 aaaacrno,
1011 3470 1063 3511 mo
1084 3472 1160 3511 cua
1177 3475 1268 3513 anm
1286 3477 1320 3513 ne
1337 3464 1414 3517 oure
1432 3480 1472 3517 aa
1488 3480 1532 3517 ra·

393 3524 467 3575 noue
490 3524 641 3591 iyaehcsott
666 3539 783 3590 nepaes,
810 3530 1033 3583 naxomaurettca
1060 3542 1098 3580 aa
1124 3527 1299 3599 Hareeraais,
1325 3546 1344 3584 n
1362 3547 1471 3587 aecana
1488 3550 1533 3587 co·

393 3606 560 3655 numeroso,
574 3596 665 3645 arcon
678 3607 829 3658 anacreon,
842 3609 979 3648 oeream
990 3602 1256 3665 nepaeacrnymuett
1269 3615 1378 3667 uepm
1389 3616 1534 3671 nepesoaa

393 3662 650 3728 arescanapittoniti,
677 3675 819 3729 asperare
846 3678 883 3715 c'a
910 3679 989 3717 nnus
1006 3681 1024 3717 n
1042 3664 1087 3717 cia
1100 3682 1189 3721 aaran
1201 3684 1234 3723 aa
1246 3669 1533 3737 ceromacaenunu:

394 3742 553 3785 cananense
580 3744 624 3781 aar
650 3746 767 3793 euacua,
796 3747 844 3784 ιιτο
873 3735 1023 3800 tyronense
1050 3748 1258 3791 nucerancsaa
1287 3752 1413 3806 napaeas
1439 3744 1535 3796 nara

392 3810 450 3849 axa
468 3813 505 3850 aa
523 3812 672 3853 serranus
693 3803 834 3868 ynaaeuiu
849 3840 977 3854 .......
1004 3803 1065 3857 ilar>
1088 3808 1182 3859 aetra
1209 3822 1283 3862 cara
1310 3812 1535 3869 caustmacrna

393 3879 490 3931 anuo,
510 3881 558 3919 uro
572 3882 667 3933 suurn,
684 3884 753 3923 rasa
767 3884 957 3924 naeunaeaua
969 3879 1223 3943 anoapaoasecaia,
1241 3893 1380 3938 noaeaaar,
1391 3884 1535 3937 romolus

395 3948 505 3989 samaro
530 3934 625 3989 siena
652 3952 670 3990 a
697 3940 839 3992 suasania
865 3955 884 3992 n
911 3956 1019 4009 uoryra
1045 3958 1169 4011 erynnra
1198 3960 1235 3999 aa
1265 3953 1416 4003 naamis
1442 3954 1535 4007 achra

396 4004 511 4062 accone
520 4018 647 4057 suescas
656 4006 796 4087 Ileprmne.
811 4006 851 4060 Cf.
863 4007 965 4089 Nestor
973 4012 1091 4078 Dogaer,
1110 4012 1223 4083 Istorija
1241 4023 1286 4070 vat
1307 4020 1474 4087 caarttnago
1488 4020 1534 4075 kr-

394 4085 476 4139 nona,
504 4088 530 4140 p.
549 4077 695 4141 262--263,
722 4091 768 4142 qni
796 4082 891 4131 auctor
908 4094 937 4132 m
956 4094 1041 4149 opere
1059 4097 1110 4135 suo
1128 4084 1275 4139 nonnullas
1293 4089 1447 4144 sententiaa
1466 4091 1534 4145 Rus·

395 4141 694 4262 soppmttheologorum
707 4144 741 4195 de
754 4144 888 4212 dignitate
901 4156 929 4201 et
941 4150 1105 4205 auctoritate
1122 4151 1256 4208 libromm
1272 4171 1329 4208 non
1341 4159 1536 4214 eanonicomm

396 4222 428 4261 oo
451 4223 515 4276 egr.

343 4277 364 4308 ⁹1
545 4277 563 4290 ‘⁸
708 4280 715 4292 ¹
814 4296 821 4311 ι
925 4306 930 4316 -
1068 4306 1075 4319 ι

365 4276 1536 4437 >:affectarintstetinensium?aaut

396 4416 644 4481 aemuoausecnia
674 4436 783 4473 uaeauo
811 4429 826 4473 3
854 4438 943 4477 suurn
969 4426 1191 4497 Mannassttoria,
1221 4448 1307 4487 auara
1335 4436 1536 4505 ilperryapocru

392 4482 494 4552 Iucyca
521 4502 544 4539 c.
564 4485 690 4553 Capera:
718 4505 749 4542 ro
780 4493 904 4550 uoaoono
931 4509 1022 4557 enare,
1050 4512 1098 4551 nro
1118 4513 1156 4551 aa
1174 4516 1265 4555 erosa
1292 4510 1423 4572 upaeurts
1450 4522 1537 4568 arere

392 4555 501 4621 passo
530 4570 682 4610 narrare
709 4573 872 4613 urrunsa
900 4579 1103 4630 uenarum,
1129 4583 1204 4622 ane
1234 4588 1429 4629 casuraxa
1452 4592 1536 4631 aano-
