3450 5342
709 358 969 419 '—301-·

308 549 525 607 Lectiouarinm
549 550 598 609 vel
620 550 864 629 Evangeliarinm
892 551 1094 610 Dalmaticum
1125 568 1222 630 partes
1247 556 1353 611 missae
1375 576 1445 613 cau-

201 646 279 693 tatas
303 634 442 713 (demptis
465 638 592 695 deemtis
621 646 650 695 et
673 656 749 715 quae
772 658 790 696 a
811 636 874 697 selo
896 638 1049 697 sacerdote
1072 640 1254 698 sollemniter
1277 641 1445 699 celebrante

202 723 382 796 recitantur),
406 744 460 781 nec
483 744 543 781 uon
569 725 669 783 emnia
692 723 949 784 Benedictionalia
971 727 1004 784 in
1019 726 1134 785 Missali
1154 728 1285 785 llotuano
1308 741 1447 787 contenta

202 822 230 865 ct
256 809 386 867 ltitnalia
407 820 491 867 extra
514 809 811 879 Administrationem
841 822 1091 871 sacramentorum
1115 812 1285 872 adhibenda
1308 816 1448 873 continet.

306 913 354 971 Ex
378 912 432 971 lroc
454 922 543 991 patet,
566 914 786 973 Lectionarintn
809 916 858 973 vel
881 916 1127 993 Evangeliariam
1152 918 1350 976 Dalmaticum
1371 920 1446 977 nibil

202 998 282 1057 aliud
306 1020 370 1059 esso
394 1000 451 1059 nisi
482 1011 623 1078 excerpta
644 1022 682 1059 ex
706 1002 821 1061 Missali
854 1001 1195 1080 Glagolitico-llomane,
1228 1006 1446 1064 characteribus

203 1086 319 1144 Latinis
352 1089 530 1165 transcripta
562 1087 600 1146 ad
636 1108 720 1147 usam
754 1088 939 1149 sacerdotum
977 1090 1086 1148 Latina
1129 1091 1232 1168 lingna
1266 1094 1448 1151 sollemniter

203 1172 423 1245 celebrantium,
457 1171 608 1232 inductum
644 1174 680 1233 ab
716 1178 868 1235 extraneis
900 1176 1109 1247 sacerdotibus,
1142 1182 1299 1257 praecipue
1329 1180 1447 1248 italicis,

202 1261 261 1337 qui,
288 1268 320 1318 ut
347 1278 378 1319 ae
406 1259 610 1319 consuetudini
638 1265 785 1321 communi
808 1262 924 1343 lllyrici
952 1263 1155 1323 Occidentalis
1181 1266 1446 1328 accommodarent.

202 1349 323 1405 missam
345 1347 485 1405 Latinam
502 1346 684 1406 sollemniter
699 1347 891 1418 celebrantes,
907 1364 1005 1429 partes
1021 1362 1155 1409 cantatas
1171 1355 1260 1410 etiam
1279 1352 1446 1412 llalnratioa

201 1434 317 1510 vulgari
352 1433 455 1511 lingua
487 1434 694 1495 decantabant.
727 1436 860 1495 Primam
896 1437 1005 1496 factam
1040 1452 1083 1496 cst
1118 1438 1173 1496 boc
1208 1442 1238 1498 in
1274 1441 1446 1498 civitatibus

201 1522 357 1578 maritimis
388 1521 493 1579 latriae
516 1531 545 1580 et
567 1522 737 1581 Dalmatiae
770 1521 841 1581 inde
864 1544 883 1581 a
905 1524 1003 1582 medio
1032 1521 1134 1582 Xll'.⁰
1163 1526 1295 1586 sacculo:
1320 1526 1371 1585 scd
1396 1550 1446 1605 po-

201 1606 372 1665 sterioribus
387 1607 512 1667 saeculis
526 1611 684 1687 praecipuo
700 1608 737 1667 ab
754 1630 832 1668 anuo
858 1612 939 1669 1648
960 1607 1006 1690 t)
1030 1610 1133 1669 eatlem
1158 1613 1337 1671 consuetudo
1353 1617 1442 1673 etiam

201 1696 231 1751 iu
256 1693 403 1771 parochiis
427 1695 563 1767 fornacis,
587 1715 604 1753 a
626 1696 777 1773 glagolitis
799 1696 945 1768 efficiatis,
970 1701 1080 1775 passim
1105 1700 1240 1757 invaluit.

313 1806 340 1865 9.
375 1806 473 1883 Quam
514 1818 613 1867 autern
654 1829 709 1868 nec
750 1808 917 1869 sacerdotes
955 1812 1089 1888 liturgia
1130 1812 1444 1889 lJ'lagolito-llomaua

200 1891 392 1966 celebrantes,
425 1893 463 1953 ad
495 1893 782 1955 administrationem
817 1896 1074 1956 Sacramentorum
1110 1900 1235 1957 liitualis
1269 1900 1441 1976 ttlagelitici

204 1978 374 2053 „'l'rebnik“
394 1984 509 2061 copiam
527 1982 723 2041 sufficicatem
746 1982 891 2041 haberent
914 1999 995 2061 luam
1012 1987 1091 2063 typis
1114 1984 1226 2043 editum
1243 2007 1302 2044 nou
1324 1996 1389 2048 esti,
1413 2002 1442 2045 et

199 2066 365 2126 sacerdotes
382 2068 483 2127 Latini
507 2068 708 2128 characterum
731 2069 968 2148 glagoliticornm
986 2074 1071 2129 inscii
1095 2072 1206 2130 Ritnali
1231 2073 1350 2131 stat-ico
1373 2073 1442 2131 elra-

199 2152 361 2213 ractoribas
384 2154 502 2213 Latinis
525 2158 667 2236 exscripti
690 2154 867 2233 indigerent,
893 2157 1030 2216 l'rbauus
1053 2178 1131 2236 papa
1148 2158 1232 2217 t'111.
1255 2182 1333 2218 anuo
1359 2164 1441 2217 1646

199 2240 234 2299 Β.
255 2240 358 2299 Cassio
375 2244 404 2299 6.
420 2242 452 2313 1,
474 2242 709 2301 Paenitentiarie
724 2244 898 2321 Apostolico
915 2246 944 2301 S.
959 2246 1040 2302 Petri
1055 2247 1086 2303 in
1105 2245 1256 2313 Vaticano,
1280 2246 1441 2310 maridas-it.

198 2338 230 2385 ut
252 2327 370 2386 Rituale
393 2328 559 2387 Romanum
589 2331 621 2387 in
650 2330 783 2407 linguam
806 2331 1006 2390 Dalmaticum
1035 2333 1186 2411 vulgarem
1216 2335 1440 2410 (,corumauiori

198 2413 359 2491 dialecto“)
393 2424 577 2475 converteret
600 2426 629 2475 et
651 2414 731 2475 idem
754 2416 873 2477 Ritnale
910 2418 1109 2477 Dalmaticum
1146 2420 1273 2497 Vulgare
1307 2424 1387 2500 typis
1411 2426 1441 2477 a'.

198 2501 445 2579 Congregatienis
464 2502 679 2581 Propagaadae
693 2501 781 2563 Fidei
803 2503 850 2562 edi
876 2505 958 2564 Motu
974 2506 1097 2583 Proprie
1121 2507 1198 2583 t,'l¹e
1222 2511 1439 2586 praecipiente*

198 2590 230 2647 iu
254 2586 453 2665 dedicatione)
476 2591 562 2649 iussit
584 2599 614 2649 et
638 2599 668 2648 ut
692 2589 748 2648 sibi
771 2589 958 2649 dedicaretur
981 2595 1127 2651 concessit
1147 2588 1195 2670 18).

306 2704 354 2760 10.
373 2700 460 2777 Quod
477 2702 596 2761 Rituale
618 2702 819 2761 Dalmaticum
844 2704 975 2781 Vulgare
997 2705 1155 2784 aliquoties
1170 2728 1188 2764 a
1203 2707 1259 2764 leci
1276 2707 1444 2766 tlrdinariis

198 2788 319 2860 editam,
354 2808 431 2847 anne
465 2787 586 2848 tandem
612 2790 693 2848 1893
722 2790 823 2849 Leone
852 2792 942 2849 Xlll.
969 2791 1130 2850 iubentes
1154 2796 1184 2854 S.
1206 2796 1443 2870 Congregatione

197 2874 413 2953 Propagandae
425 2875 514 2935 Fidei
529 2875 625 2935 denuo
641 2875 752 2935 editam
769 2888 821 2946 est,
840 2878 929 2956 idque
946 2878 1048 2957 lingna
1071 2879 1304 2938 aerbocroatiea
1326 2881 1442 2957 vttlgari

198 2962 409 3129 recentiorpsima,
441 2962 518 3041 qnod
546 2962 657 3021 idioma
692 2963 885 3037 ,litterariam
917 2966 1068 3024 alaricum
1097 2966 1307 3025 meridianam*
1343 2968 1444 3045 appel-

197 3049 276 3107 latar
330 3093 336 3106 .

305 3155 353 3211 11.
375 3152 496 3230 Lingua
510 3152 682 3212 Dalmatica
695 3153 812 3231 vulgari
828 3174 866 3211 cx
882 3155 1095 3213 consuetudine
1119 3158 1150 3214 iu
1165 3157 1298 3234 partibus
1314 3160 1440 3216 cantatis

197 3241 305 3298 missac
334 3238 461 3299 Latinae
491 3238 642 3299 sollemnis
665 3242 725 3297 iam
748 3260 765 3297 a
788 3240 886 3299 medio
917 3243 1034 3300 saeculo
1063 3242 1149 3300 Xll'.
1172 3246 1204 3301 in
1228 3245 1377 3321 liturgiam
1408 3267 1439 3302 se

196 3326 367 3385 insinuante
389 3334 419 3384 et
434 3323 542 3385 deinde
558 3346 596 3385 ex
611 3325 726 3385 indulto
742 3326 857 3385 Urbani
881 3348 960 3386 anno
987 3331 1068 3390 1646
1086 3330 1116 3387 iu
1133 3330 1251 3389 Rituale
1274 3330 1440 3389 Romanurn

197 3412 326 3485 inducta,
357 3420 461 3491 sponte
492 3412 601 3473 laetum
624 3422 677 3486 est,
700 3422 732 3472 ut
755 3414 857 3491 lingua
892 3413 996 3472 eadem
1032 3415 1172 3491 vulgaris,
1204 3419 1294 3475 etiam
1318 3418 1349 3475 in
1372 3417 1440 3474 aliis

196 3498 302 3560 ritibus
331 3499 485 3577 liturgicis,
519 3502 677 3579 praecipue
699 3501 732 3558 in
754 3500 822 3573 illis,
847 3503 897 3579 qni
921 3521 939 3559 a
961 3501 1050 3560 choro
1072 3502 1206 3580 populari
1237 3502 1439 3563 decantantur.

199 3587 309 3646 sensim
332 3586 483 3645 inlocum
506 3584 655 3647 obsoletae
678 3586 716 3645 ab
732 3608 810 3645 anuo
829 3588 911 3646 1648
935 3599 1054 3667 propter
1076 3588 1216 3648 librorum
1239 3591 1441 3667 liturgicarum

195 3674 327 3752 inopiam
342 3673 462 3751 linguae
473 3674 773 3752 glagelito-croaticae
788 3672 1034 3750 introduceretur3
1051 3675 1130 3753 qaod
1145 3696 1235 3755 quum
1251 3698 1290 3736 ex
1305 3678 1439 3755 plurimis

197 3759 326 3819 fontibus
359 3759 509 3820 historicis
539 3762 658 3834 eruitur,
688 3770 749 3819 tam
773 3780 811 3819 ex
834 3763 976 3839 rescripte
1006 3765 1035 3821 ὃ.
1059 3763 1307 3839 congregationis
1337 3764 1437 3825 Officii

196 3846 235 3906 ad
257 3848 426 3927 episcopam
448 3846 606 3907 Palensem
629 3867 707 3907 anno
733 3850 815 3905 1744
839 3846 908 3906 dato
932 3844 1091 3927 liquet¹⁰l.

250 4085 283 4154 ¹⁷³
297 4086 419 4210 1111
438 4099 513 4225 tlt
524 4084 686 4223 utut
704 4084 945 4223 111θὲ1111ἕὲ
957 4086 1439 4227 Η111111.“ἑ11111111.111111

494 4198 500 4209 .
611 4206 614 4213 ,
679 4196 685 4223 ,
809 4196 815 4209 .
1415 4196 1423 4209 .

318 4224 444 4280 exolevit

250 4292 274 4329 ¹⁸
304 4294 336 4348 F.
354 4294 380 4347 h.
398 4292 429 4347 1..
448 4292 537 4360 a-R,
556 4291 638 4348 XVII
657 4311 677 4347 a.
697 4292 730 4347 N.
750 4294 801 4349 109
838 4292 900 4349 .32
919 4294 1007 4349 0182.

250 4362 274 4399 ¹⁰
306 4361 349 4418 01.
366 4362 383 4417 l.
404 4377 427 4419 0.
446 4362 536 4419 Index
555 4361 722 4434 Analytieas
740 4380 766 4425 p.
786 4310 902 4429 nim,
928 4362 960 4418 ln
978 4362 1193 4445 approbatione
1217 4364 1349 4445 editionis
1372 4366 1437 4445 atini

300 4432 695 4515 uapulauerant:
724 4432 959 4501 „blanuscriptum
982 4431 1104 4487 Ritualrs
1129 4432 1247 4487 Romam
1275 4432 1437 4488 slavonice-

300 4502 476 4558 meridrouali
500 4500 644 4566 idiomate,
668 4501 744 4569 qaod
766 4500 908 4570 bucusque
932 4501 977 4556 bis
995 4508 1007 4554 t
1028 4503 1072 4571 pia
1091 4504 1235 4571 vn¹gatum
1261 4509 1312 4569 est,
1331 4503 1437 4557 scilicet

299 4572 406 4627 Romae
425 4586 500 4626 anne
519 4570 588 4626 1640
606 4570 640 4634 (Τ
663 4588 688 4639 p.
708 4571 744 4624 de
762 4570 953 4640 Propaganda
971 4520 1067 4637 uider
1088 4577 1141 4627 etc.
1162 4614 1168 4626 .
1187 4614 1193 4627 .
1213 4614 1219 4626 .

249 4641 284 4707 ¹⁰)
302 4642 332 4696 F.
351 4641 377 4696 h.
396 4640 427 4697 1..
447 4640 536 4705 11.-11.,
556 4586 691 4695 xvrrls.
711 4640 743 4695 N.
763 4642 795 4695 61
815 4656 841 4708 p.
861 4642 896 4695 28
915 4658 937 4695 s.
