3450 5342
856 373 1043 429 -314-

330 559 417 629 tibus,
441 559 583 617 breviter:
607 563 796 638 semetipsum
820 561 951 618 totaliter
974 561 1142 619 homiuibus
1169 561 1300 619 tradidit.
1325 561 1451 629 Pastor,
1479 560 1581 618 Christi

331 646 493 725 discipulus
517 659 605 724 atqua
629 648 765 715 imitator,
789 647 892 705 eodem
913 646 999 706 modo
1022 669 1052 705 se
1076 669 1177 725 gerere
1192 647 1288 713 debet,
1313 651 1356 706 ita
1381 668 1500 725 nempe
1523 667 1583 701 ores

330 753 397 791 suas
420 731 553 809 diligere,
577 744 607 790 ut
624 735 715 790 vitam
735 753 816 791 suam
839 755 890 811 pro
903 734 963 792 illis
980 755 1087 813 ponere
1103 748 1221 813 paratus
1237 738 1283 793 sit
1307 735 1370 813 (pp.
1385 737 1583 793 :sao-4325.

331 820 415 877 Licet
439 819 551 877 homini
582 820 709 897 simplici
734 821 801 877 talis
825 823 918 879 virtus
949 821 1141 899 impossibilis
1165 824 1210 887 sit,
1241 832 1341 880 tamen
1369 823 1493 899 pastori
1517 820 1581 876 haer

331 909 430 965 omnia
453 908 652 984 pergratiam
682 906 838 964 sacerdotii
863 920 1056 985 praestantur,
1087 929 1163 986 quae
1185 909 1247 966 sola
1275 908 1397 965 efficere
1424 920 1536 986 potest.
1557 925 1581 962 ut

331 1004 430 1071 pastor
457 996 645 1071 semetipsum
678 992 813 1069 abneget,
843 995 976 1072 talesque
1007 997 1034 1052 ai
1059 999 1136 1053 viros
1167 996 1287 1057 confert
1320 994 1436 1073 quibus
1471 993 1582 1051 adiutus

331 1080 430 1156 iugum
455 1100 537 1137 suum
562 1080 648 1137 lacile
664 1093 780 1156 gestare
803 1097 900 1159 queat.
925 1082 1083 1159 Propterea
1107 1081 1243 1139 catholici
1267 1082 1480 1139 characterem
1508 1079 1583 1137 inde

331 1166 449 1224 labilem
473 1166 637 1223 sacerdotio
660 1166 830 1225 adscribunt
854 1170 936 1243 (num
960 1180 1038 1226 recte
1061 1179 1159 1246 agant.
1189 1171 1313 1246 scriptor
1335 1190 1399 1226 uon
1425 1167 1516 1225 dicit
1537 1166 1581 1222 sed

331 1253 448 1310 videtur
470 1252 538 1310 hnic
562 1255 726 1311 sententiae
750 1254 862 1318 farerel
894 1253 954 1333 (pp.
979 1257 1170 1328 :tao-339).
1205 1254 1349 1334 specialis
1374 1256 1516 1332 qualitas
1539 1274 1582 1332 pa-

331 1343 417 1397 storis
448 1341 478 1396 in
505 1342 688 1397 connexione
719 1340 845 1418 quadam
882 1345 987 1399 intimo
1021 1362 1085 1400 cum
1116 1343 1235 1400 Christo
1268 1342 1411 1419 ponenda
1437 1360 1497 1399 est„
1532 1363 1582 1417 φρ.

333 1428 527 1499 :ms-344),

441 1514 512 1589 Cap.
538 1512 576 1568 X.
609 1513 643 1569 lu
674 1512 866 1571 relationibus
899 1528 1046 1592 pastorum
1078 1514 1115 1573 ad
1139 1517 1266 1573 invicem
1296 1517 1447 1592 potiorem
1475 1528 1583 1592 partem

332 1597 464 1657 obtinere
488 1597 575 1656 dehet
600 1598 759 1667 humilitas,
783 1622 858 1679 qrrae
875 1622 977 1658 omncs
1000 1600 1168 1660 tendentias
1192 1601 1230 1660 ad
1247 1604 1410 1679 primatum
1437 1600 1585 1659 excludar.

331 1686 392 1764 (pp.
416 1688 609 1763 :tto—354).
634 1686 735 1761 Magni
756 1708 871 1765 quoque
887 1691 1027 1745 momenti
1051 1700 1096 1746 est
1118 1691 1216 1747 unitas
1239 1709 1256 1746 a
1280 1684 1406 1745 Christo
1428 1700 1584 1765 tantopere

331 1771 506 1836 desiderata,
538 1785 638 1830 mutua
662 1771 768 1831 fiducia
798 1786 826 1832 et
858 1777 1040 1839 sustentatio,
1071 1787 1101 1832 ut
1130 1776 1185 1833 hoc
1217 1773 1302 1832 modo
1334 1776 1450 1833 melius
1474 1775 1584 1831 viribus

330 1861 421 1917 unitis
451 1857 569 1916 diabolo
606 1861 769 1937 ceterisque
800 1863 928 1918 inimicis
960 1862 1111 1937 roligionis
1144 1862 1323 1919 christianae
1351 1865 1500 1919 resistere
1525 1882 1584 1938 pos·

332 1949 399 2007 sint.
423 1945 483 2025 (pp.
508 1948 700 2022 :ast-tsi).

442 2035 514 2109 Cap.
532 2032 586 2088 xl.
603 2030 689 2108 Quod
703 2033 842 2092 mundum
856 2047 968 2113 spectat
980 2037 1101 2112 eiusque
1114 2033 1245 2104 insidias,
1258 2046 1358 2112 pastor
1371 2038 1406 2093 in
1421 2033 1582 2093 Christum

333 2122 407 2176 sicut
432 2122 499 2198 lpse
523 2121 554 2176 in
570 2120 810 2187 licum-Patrem,
834 2144 950 2199 semper
965 2142 1082 2200 sperare
1105 2119 1192 2179 debet
1216 2134 1245 2178 et
1268 2142 1423 2199 nunquam
1450 2125 1581 2180 animum

332 2208 467 2264 amittere
498 2221 616 2283 propter
647 2212 871 2284 persecutiones,
903 2229 974 2287 quas
1006 2211 1036 2266 iu
1064 2208 1173 2266 mundo
1195 2207 1332 2287 discipuli
1359 2209 1479 2267 Christi
1515 2212 1583 2287 pari-

332 2303 420 2351 untur
443 2294 503 2372 (pp.
528 2294 720 2354 :sos-mh.

347 2379 349 2384 ’
442 2381 514 2458 Cap.
531 2379 603 2440 Xll.
627 2380 662 2440 In
679 2383 741 2438 rita
758 2403 809 2439 sua
833 2384 938 2439 intima
962 2381 1098 2439 sacerdos
1121 2397 1164 2438 est
1188 2382 1274 2440 homo
1298 2385 1456 2441 orationis.
1487 2384 1586 2442 [tratis

330 2478 373 2525 cst
398 2471 460 2527 cius
473 2469 558 2546 panis
575 2467 771 2545 quotidianus,
795 2489 852 2533 aer,
876 2489 963 2545 quem
976 2469 1108 2545 respirat.
1132 2468 1178 2525 Ne
1194 2488 1276 2526 usum
1294 2471 1441 2527 orationis
1459 2472 1584 2531 amittat,

332 2565 473 2631 perpetuo
497 2557 527 2612 in
551 2575 585 2611 ea
602 2575 632 2611 se
656 2558 818 2612 exercitare
842 2554 929 2611 debet
954 2555 1014 2633 (pp.
1032 2557 1093 2613 388
1140 2554 1224 2630 401).
1248 2556 1427 2614 (irationem
1452 2558 1585 2634 sequitur

332 2642 394 2698 vito
418 2652 528 2707 saneta,
559 2660 618 2717 qua
641 2656 739 2718 pastor
762 2642 828 2699 aliis
858 2641 1026 2719 exemplum
1054 2641 1193 2719 praebeat
1216 2654 1337 2719 oportet.
1371 2643 1427 2700 Vis
1452 2643 1583 2719 exempli

329 2727 398 2784 talis
428 2738 480 2798 est,
505 2736 534 2784 ut
555 2730 618 2784 sine
641 2728 777 2804 exemplo
801 2731 908 2799 omnia,
934 2749 1007 2806 quae
1025 2739 1125 2806 pastor
1147 2727 1219 2786 dicit
1234 2738 1263 2785 ct
1278 2729 1360 2798 facit,
1384 2729 1582 2788 fundamento

332 2833 384 2870 suo
407 2825 535 2870 careant.
559 2816 618 2891 (pp.
643 2817 835 2879 tot-toti.
859 2814 1045 2893 Quapropter
1068 2824 1174 2892 pastor,
1198 2817 1280 2873 cuius
1302 2815 1442 2873 doctriua
1467 2831 1499 2873 et
1524 2818 1580 2871 rita

332 2901 409 2956 inter
432 2920 462 2957 ae
485 2899 664 2969 discordant,
698 2916 741 2958 est
766 2915 848 2979 petra
871 2902 1001 2959 scandali
1035 2923 1085 2980 pro
1109 2901 1246 2960 fidelibus
1276 2905 1335 2960 suis
1367 2904 1516 2980 omnique
1542 2905 1580 2959 in-

332 2986 413 3044 fluxu
437 2987 557 3044 salutari
581 2990 612 3044 in
637 2990 776 3044 societate
800 2999 889 3049 earet.
913 2989 972 3066 (pp.
997 2987 1189 3067 art-418).

441 3073 598 3132 Conclusio
622 3074 844 3152 comprehendit
868 3077 1096 3153 explicationem
1120 3075 1276 3153 parabolae
1299 3075 1335 3132 de
1359 3074 1438 3133 hono
1462 3095 1579 3153 paetore

332 3160 434 3221 Ioann.
455 3164 501 3225 10,
529 3163 640 3220 1-16,
662 3165 708 3219 ts.
733 3164 864 3241 scriptor
886 3162 1014 3220 ostendit
1031 3162 1190 3221 discrimen
1212 3165 1290 3221 iuter
1305 3175 1455 3241 pastorem
1478 3183 1578 3221 rerum

332 3257 361 3304 et
385 3249 596 3305 mercenarium
620 3246 680 3325 (pp.
705 3251 897 3320 trs—4⁶26».

439 3334 507 3391 Non
529 3355 682 3412 possumus
714 3337 923 3392 consalutare
955 3336 1031 3393 hunc
1054 3334 1161 3393 librum
1189 3354 1385 3411 magnacum
1410 3335 1581 3394 eruditione

330 3423 527 3497 conscriptum
551 3432 587 3491 et,
619 3421 697 3499 quod
721 3425 875 3499 speciatim
907 3421 993 3479 laude
1016 3421 1138 3497 dignum
1167 3432 1219 3489 est,
1249 3441 1314 3479 cum
1337 3424 1493 3493 unctione,
1530 3442 1581 3500 qua

331 3526 434 3584 scopus
457 3509 562 3584 operis,
585 3510 603 3565 i.
624 3529 648 3565 e.
673 3508 785 3566 Christi
810 3530 986 3586 personomv
1001 3511 1080 3565 iram
1104 3511 1136 3566 iu
1152 3519 1267 3586 pastore
1290 3507 1456 3578 ostendere,
1475 3511 1578 3568 melius

331 3595 494 3669 attingitur.
517 3594 655 3652 Profecto
679 3615 738 3652 non
754 3617 906 3672 possumus
929 3598 1095 3653 consentire
1119 3614 1183 3652 curu
1199 3597 1340 3673 scriptore
1364 3597 1395 3652 iu
1419 3595 1485 3653 illis
1501 3597 1577 3654 locis

329 3677 380 3737 ubi
403 3682 466 3757 ipse
498 3682 655 3758 privilegia
680 3686 709 3741 S.
732 3682 820 3739 Petro
844 3683 975 3760 apostolo
999 3681 1070 3740 data
1098 3681 1146 3738 rol
1177 3702 1235 3740 nou
1259 3683 1394 3759 agnoscit
1425 3685 1491 3760 (pp.
1521 3685 1576 3742 1:3‹11

332 3775 361 3823 at
387 3766 461 3847 192)
488 3769 537 3825 rel
568 3779 709 3847 tanquam
740 3770 870 3827 remedia
900 3770 1031 3847 apostolo
1063 3771 1143 3846 lapso
1175 3770 1323 3847 applicata
1352 3782 1575 3846 repraesentare

332 3864 454 3911 conatur
484 3855 543 3933 (pp.
568 3859 704 3924 81-8l,
735 3857 770 3913 cf.
799 3878 825 3934 p.
852 3859 912 3914 190
943 3866 1012 3913 uota
1043 3868 1071 3914 et
1101 3877 1128 3933 p.
1153 3858 1238 3932 305).
1271 3854 1437 3914 Obscurum
1460 3876 1574 3935 quoque

332 3950 384 4009 cst,
415 3940 487 4017 quid
511 3941 567 3998 sibi
595 3943 667 4000 velit
699 3945 822 4020 scriptor
852 3945 916 4001 istis
946 3943 1057 4002 verbis:
1092 3937 1349 4025 „Obpanretfflble
1373 3939 1458 4003 Hira
1482 3948 1526 4024 (r.
1554 3963 1576 4002 c.

331 4021 533 4106 Xpncroua)
556 4047 757 4113 cnymarcau
781 4051 802 4089 rr
825 4029 1060 4102 eoocehunuau
1081 4030 1214 4114 optuyrr,
1229 4029 1415 4112 copameum
1440 4048 1481 4090 ue
1506 4049 1579 4115 eur·

331 4112 449 4175 traiirro.
471 4132 511 4173 ue
527 4133 631 4196 spese,
655 4136 843 4199 aropntnroe
868 4116 1143 4202 aeropasyirbaie,
1167 4135 1255 4176 caum
1278 4136 1300 4200 y
1316 4116 1578 4194 sarcasmum-[²3

329 4216 374 4258 cr,
397 4217 468 4258 uxr,
491 4201 729 4284 prostrauisse,
753 4223 905 4289 supeant,
921 4202 961 4284 (a
986 4223 1027 4264 uo
1044 4222 1174 4264 iracuuo
1198 4222 1302 4284 spese
1325 4201 1487 4286 yroacsie
1514 4223 1579 4264 uxr>

329 4290 506 4369 uyxossrroii
536 4308 674 4360 asamar
702 4335 708 4346 .
733 4336 738 4346 .
763 4296 786 4347 ‚⁶
821 4312 847 4369 p.
873 4293 943 4348 237.
976 4292 1050 4349 Item
1075 4310 1141 4367 pars
1172 4292 1324 4366 patristica
1348 4310 1409 4347 non
1432 4293 1507 4349 satis
1538 4309 1576 4348 est

331 4372 457 4447 evoluta,
481 4376 558 4454 quod
582 4379 661 4453 operi
683 4375 761 4434 hand
784 4399 886 4455 parum
911 4391 1004 4435 nocet.
1035 4377 1172 4435 Ceterum
1203 4386 1304 4434 auctor
1334 4378 1455 4434 omniuo
1480 4378 1577 4435 catho

331 4460 387 4517 lice
410 4482 472 4519 reru
496 4472 663 4540 pertractat,
696 4485 791 4542 noque
815 4476 947 4522 auctores
971 4464 1129 4522 catholicos
1153 4465 1273 4541 spernit,
1306 4462 1358 4521 sed
1381 4464 1424 4521 eis
1450 4463 1575 4522 libenter

330 4549 429 4606 utitur.
453 4549 608 4614 Omnibus,
627 4552 676 4628 qui
693 4551 859 4628 theologiae
877 4552 1015 4629 pastorali
1033 4551 1159 4617 student,
1176 4570 1246 4628 opus
1267 4549 1321 4607 hoc
1345 4571 1404 4609 uon
1419 4572 1513 4629 parvo
1529 4551 1576 4608 ad-

332 4635 462 4694 iumento
486 4639 549 4697 erit.
1291 4637 1344 4694 Dr.
1367 4632 1538 4700 Leonirtt'.
