3450 5342
732 529 735 533 ,
837 473 1010 528 -66-

303 662 412 723 coetui
446 659 656 722 schismatico
690 657 921 722 adhaererent:
956 657 1195 736 permanebant
1227 657 1324 736 igitur
1357 656 1534 737 simpliciter

304 745 463 810 catholici.
498 744 635 808 Plurimi
664 744 719 808 alii
748 745 984 820 existimantes,
1014 761 1092 808 suos
1122 746 1293 824 episcopos
1321 761 1464 823 pugnare
1486 761 1535 824 pm

303 835 438 913 antiqua
461 831 524 896 fide
547 839 581 896 et
602 830 755 910 legitimis
778 830 912 908 iuribus
935 848 992 894 eos
1008 829 1174 893 bonafide
1194 830 1427 910 sequebantur;
1452 837 1537 893 erant

304 920 439 1000 proinde
462 919 661 983 schismatici
687 936 774 982 mere
798 917 993 982 materiales.
1018 917 1051 979 Si
1068 935 1144 980 vero
1169 915 1315 998 pontifex
1337 917 1538 998 presbyteros

305 1008 465 1086 privasset
496 1005 698 1083 delegatione
728 1004 771 1068 ad
801 1001 1061 1068 benedicendum
1094 1004 1205 1067 oleum
1238 1001 1451 1080 infirmorum,
1487 1005 1540 1066 hos

303 1111 427 1172 omnes,
450 1093 630 1156 catholicos
645 1100 679 1154 et
693 1092 922 1155 schismaticos
938 1089 1132 1168 materiales
1157 1093 1317 1171 privasset
1339 1101 1542 1154 sacramento

302 1188 470 1245 extremae
487 1180 649 1242 unctionis
664 1187 698 1241 et
713 1197 833 1257 magno
849 1177 993 1258 periculo
1010 1176 1193 1258 perdendae
1209 1178 1325 1241 salutis
1340 1179 1543 1256 exposuisset

304 1269 375 1331 sine
405 1266 481 1342 ullo,
511 1266 599 1348 quod
631 1267 792 1344 assignari
824 1266 933 1344 possit,
965 1262 1139 1328 commodo
1170 1264 1335 1328 ecelesiae.
1376 1263 1413 1328 Et
1435 1273 1542 1328 tamen

304 1353 426 1418 vicario
442 1351 561 1416 Christi
577 1351 721 1416 officium
737 1350 906 1430 incumbit,
929 1359 965 1414 ut
981 1369 1039 1432 pro
1057 1349 1179 1414 viribus
1203 1361 1354 1430 procuret
1377 1358 1544 1416 aeternam

307 1440 448 1505 salutem
472 1457 596 1516 eorum,
625 1442 681 1519 qui
704 1437 833 1502 Christo
856 1438 995 1502 Domino
1019 1455 1075 1518 per
1104 1437 1306 1518 baptismum
1332 1447 1410 1501 sunt
1432 1455 1545 1501 conse

307 1529 398 1605 crati,
421 1527 582 1607 imprimis
605 1543 728 1604 eorum,
751 1528 807 1607 qui
828 1524 926 1589 corde
942 1534 975 1588 et
990 1527 1102 1588 animo
1124 1523 1303 1588 adhaerent
1326 1543 1422 1588 verae
1445 1524 1546 1590 eccle-

306 1615 383 1678 siae.
417 1612 552 1676 Summe
576 1621 687 1677 autem
710 1609 828 1676 efficax
851 1611 1006 1690 medium,
1037 1620 1073 1674 ut
1095 1612 1253 1691 morituri,
1284 1613 1383 1676 etiam
1406 1612 1462 1690 illi,
1493 1611 1546 1690 qui

306 1702 376 1765 sine
400 1703 531 1782 propria
553 1701 651 1780 culpa
680 1707 816 1763 externo
849 1699 980 1762 vinculo
1013 1715 1090 1762 eum
1122 1697 1240 1762 visibili
1262 1701 1368 1779 capite
1390 1698 1547 1764 eeclesiae

306 1805 372 1852 non
387 1789 638 1866 coniunguntur,
662 1785 704 1849 ad
719 1795 889 1850 aeternam
907 1783 1145 1849 beatitudinem
1160 1787 1353 1866 pertingant,
1372 1795 1423 1850 est
1438 1803 1548 1850 sacra-

307 1873 460 1939 mentalis
482 1871 710 1938 decedentium
733 1875 854 1936 unctio.
878 1871 964 1936 Cura
979 1872 1094 1936 salutis
1111 1879 1160 1934 tot
1176 1872 1372 1952 populorum
1394 1871 1548 1949 declarat,

303 1980 361 2026 cur
391 1961 521 2024 nullum
553 1967 642 2024 extet
672 1959 917 2038 documentum,
947 1977 1012 2038 quo
1044 1977 1067 2020 s.
1091 1958 1192 2023 Sedes
1222 1961 1423 2023 revocaverit
1451 1961 1548 2040 privi-

303 2048 425 2128 legium
449 2047 714 2128 presbyterorum
736 2045 885 2111 Orientis.
924 2045 1002 2109 Post
1025 2043 1242 2110 detectionem
1266 2045 1380 2110 Graeci
1404 2046 1547 2126 episcopi

303 2145 337 2199 et
363 2135 542 2215 presbyteri
575 2133 654 2196 nihil
676 2141 849 2198 curassent
875 2129 977 2196 talem
1009 2134 1253 2197 revocationem
1284 2133 1421 2214 ideoque
1445 2151 1550 2198 sacer

304 2221 397 2286 dotes
421 2222 506 2284 sicut
534 2229 641 2300 antea,
679 2219 736 2284 sed
766 2222 833 2284 iam
863 2218 1005 2282 invalide
1029 2227 1062 2283 et
1087 2236 1165 2282 cum
1194 2220 1364 2298 sacrilegio
1397 2229 1550 2300 aegrotos

306 2308 467 2372 linilssent
489 2307 562 2372 oleo
585 2306 756 2372 benedicto
779 2326 801 2371 a
823 2325 858 2371 se
882 2315 915 2370 et
939 2323 1002 2369 non
1028 2304 1070 2369 ab
1092 2308 1254 2387 episcopo,

410 2395 439 2458 2.
462 2393 666 2458 Potestatem
696 2392 884 2458 conserendi
905 2400 1164 2456 ,sacramentum
1194 2392 1453 2457 confirmationis
1484 2394 1551 2473 epi·

307 2482 396 2562 scopi
421 2481 541 2562 pariter
564 2482 687 2544 habent
710 2481 740 2542 vi
762 2481 962 2544 characteris
984 2480 1036 2543 sui
1058 2479 1198 2556 Ordinis
1225 2479 1405 2560 presbyteri
1428 2483 1550 2561 pariter

307 2567 430 2632 habent
452 2569 483 2630 vi
506 2569 557 2631 sui
578 2568 777 2631 characteris
799 2569 1028 2647 capacitatem,
1052 2575 1088 2628 ut
1102 2569 1149 2630 eis
1165 2573 1310 2646 potestas
1332 2565 1551 2630 confirmandi

307 2654 481 2732 delegetur.
515 2653 608 2718 Hanc
642 2654 883 2732 delegationem
918 2652 1096 2735 presbyteri
1131 2653 1307 2719 orientales
1340 2671 1406 2716 non
1442 2657 1550 2718 minus

307 2759 408 2823 quam
430 2741 473 2806 ad
495 2740 758 2805 benedicendum
780 2742 891 2805 oleum
915 2739 1120 2804 infirmorum
1142 2740 1284 2803 iamdiu
1308 2749 1384 2804 ante
1408 2741 1552 2805 schisma

305 2826 524 2908 possidebant
555 2825 814 2906 Coniungebant,
836 2826 1118 2908 quemadmodum
1142 2827 1249 2891 adhuc
1274 2825 1405 2906 iaciunt,
1429 2825 1548 2892 confir-

307 2917 488 2978 mationem
511 2932 589 2978 cum
610 2917 681 2994 ipso
704 2915 877 2995 baptismo.
906 2914 1052 2978 Eandem
1074 2904 1552 2992 delegationem⁰eonfirmandi

307 3003 473 3065 rarissime
497 3001 633 3065 concedi
655 3001 852 3082 presbyteris
870 3001 979 3064 latinis
994 3001 1111 3064 saltem
1133 3003 1217 3064 intra
1240 3000 1412 3080 Europam,
1436 3017 1552 3064 ornnes

308 3090 470 3153 novimus.
493 3087 711 3151 Nihilominus
726 3108 749 3150 s.
767 3087 868 3153 Sedes
884 3088 1081 3168 presbyteris
1103 3087 1317 3152 orientalibus
1340 3096 1414 3168 post
1437 3104 1552 3152 eorum

307 3173 524 3240 defectionem
547 3194 612 3237 non
633 3175 756 3239 ademit
778 3176 959 3254 generatim
984 3175 1173 3238 facultatem
1197 3173 1304 3238 valide
1327 3173 1552 3239 confirmandi.

307 3260 489 3342 Fmigebant
520 3279 575 3341 per
605 3261 780 3326 decursum
814 3261 1023 3326 saeculorum
1054 3261 1213 3342 speciales
1244 3260 1447 3326 conditiones
1469 3279 1552 3340 qua-

308 3349 462 3413 rumdam
486 3350 663 3428 regionum,
696 3359 732 3411 ut
756 3348 953 3429 presbyteris
976 3349 1134 3412 ecclesiae
1157 3348 1339 3413 catholicae
1363 3367 1428 3412 non
1454 3349 1551 3411 unitis

308 3436 513 3516 privilegium
545 3434 751 3499 ministrandi
780 3454 804 3498 s.
828 3433 1113 3500 confirmationem
1144 3433 1333 3499 auferretur.
1367 3435 1402 3498 In
1432 3435 1552 3498 talibus

308 3522 440 3586 casibus
471 3521 632 3600 delegatio
663 3522 927 3602 presbyterorum
958 3521 1089 3586 illarum
1120 3523 1288 3600 regionum
1322 3537 1551 3602 expresse

308 3610 532 3673 revocabatur.
554 3609 591 3672 lu
607 3610 679 3671 aliis
695 3611 789 3672 terris
811 3609 920 3672 adhuc
943 3608 1097 3690 perdurat
1121 3607 1319 3690 simplicium
1342 3608 1551 3672 sacerdotum

308 3704 455 3776 potestas
477 3695 700 3760 confirmandi.
734 3694 767 3758 Si
790 3692 998 3776 quaeramus,
1021 3715 1079 3759 cur
1101 3695 1242 3758 Romani
1265 3695 1435 3776 pontifices
1457 3713 1552 3774 gene·

308 3785 406 3847 ratim
437 3801 501 3845 non
535 3782 763 3859 abrogaverint
793 3792 923 3846 tantum
957 3782 1158 3862 privilegium
1191 3783 1462 3862 presbyterorum,
1496 3783 1551 3862 qui

307 3870 350 3933 ab
380 3872 505 3932 unitate
535 3870 696 3932 catholica
726 3869 940 3948 desciverant,
974 3877 1102 3948 oportet
1133 3869 1400 3950 respondeamus,
1428 3887 1485 3934 eos
1519 3867 1550 3930 id

308 3955 432 4031 iecisse,
455 3957 533 4036 quia
555 3958 624 4019 sine
641 3957 835 4035 gravissima
857 3975 959 4020 causa
983 3956 1061 4019 nihil
1084 3956 1239 4019 volebant
1260 3966 1388 4020 mutare
1411 3957 1443 4018 in
1468 3956 1552 4019 anti-

308 4061 375 4122 qua
405 4042 579 4122 disciplina
611 4043 825 4106 ecclesiarum
855 4043 1064 4106 orientalium
1095 4053 1127 4107 et
1158 4042 1200 4106 ob
1230 4043 1397 4122 spirituale
1428 4043 1550 4106 honum

310 4129 514 4209 populorum,
538 4130 593 4209 qui
610 4138 763 4193 revocata
787 4129 842 4191 illa
868 4137 1028 4209 potestate
1052 4128 1242 4193 debuissent
1264 4147 1374 4193 carere
1399 4131 1550 4210 mysterio

309 4216 504 4279 chrismatis.
540 4216 621 4295 Ergo
641 4226 727 4278 'cum
758 4216 851 4280 sedes
882 4217 1062 4296 apostolica
1086 4234 1257 4298 nunquam
1280 4234 1433 4296 expresse
1457 4215 1550 4280 abro-

310 4305 435 4383 gaverit
462 4302 641 4368 eorundem
672 4304 937 4383 presbyterorum
969 4303 1208 4384 delegationem
1231 4301 1273 4366 ad
1296 4303 1552 4368 benedicendum

309 4390 420 4453 oleum
455 4388 670 4466 infirmorum,
710 4409 730 4452 a
764 4391 889 4455 maiore
923 4391 1097 4455 dicendum
1133 4400 1190 4468 est,
1228 4408 1285 4453 eos
1319 4389 1426 4452 adhue
1459 4389 1552 4472 potiri

309 4487 494 4540 memorata
513 4474 725 4556 delegatione.
749 4477 881 4540 Maioris
897 4479 985 4540 enim
1001 4480 1160 4541 momenti
1177 4478 1218 4540 ad
1235 4476 1411 4540 salvandos
1427 4477 1552 4540 christi-

308 4583 391 4627 anos
414 4565 582 4628 schismati
606 4563 768 4644 implexos
784 4573 834 4626 est
849 4565 1099 4628 sacramentalis
1116 4566 1225 4628 unctio
1250 4572 1354 4628 morte
1379 4565 1551 4646 appropin-

307 4661 429 4733 quante
450 4651 572 4714 collata
588 4670 689 4730 quani
705 4660 950 4715 sacramentum
967 4653 1153 4715 chrismatis
1170 4651 1350 4714 infantibus
1365 4651 1489 4716 datum.
1512 4685 1552 4694 -

305 4737 341 4800 ln
365 4738 467 4801 allato
492 4746 685 4816 argumento
709 4739 821 4801 omnia
845 4757 902 4818 per
925 4757 960 4802 se
984 4749 1061 4801 sunt
1084 4737 1174 4802 clara
1197 4748 1335 4820 excepta
1365 4740 1554 4816 assertione,
