3450 5342
681 509 721 521 -·-
749 481 810 535 213
836 511 876 522 -

143 667 263 724 hihlice
284 677 368 746 putat
390 679 489 724 tamen
513 687 562 725 eos
585 667 752 746 discrepare
775 671 806 726 iu
822 668 1056 745 anthropologia,
1079 668 1287 745 eschatologia,
1310 689 1405 746 pneu-

147 755 321 832 matologia,
352 752 487 812 doctrina
509 753 546 812 de
569 754 847 832 praedestinatione,
878 755 915 812 de
938 758 1052 832 origine
1081 757 1257 833 paganismi.
1290 758 1404 813 Auctor

147 841 222 899 libri
246 843 417 918 Sapientiae
441 841 606 900 Salomonis
629 841 739 900 direete
756 842 852 900 haurit
877 863 914 900 ex
937 844 1059 900 c⁴hnica
1082 842 1278 920 philosophia,
1301 855 1402 900 tamen

147 930 255 986 statuit
278 949 337 986 nen
360 927 538 996 adversaria,
570 927 621 986 scd
645 931 853 987 convenientia
884 929 1051 1003 theologiae
1082 929 1268 1005 dogmaticae
1293 930 1328 990 Υ.
1354 930 1399 1002 Τ.,

147 1017 200 1073 eui
223 1025 324 1072 auctor
339 1013 663 1073 Hebraeo-Platonicus
687 1015 827 1073 evitando
840 1018 939 1074 omnia
951 1018 1182 1074 inconsentauea
1200 1016 1257 1074 hoe
1270 1028 1401 1095 systema

145 1101 282 1180 arlaptat.
306 1101 440 1159 llxtcrna
462 1104 508 1158 vis
531 1101 736 1180 philosophica
753 1105 848 1180 potius
865 1103 997 1161 formalis
1014 1113 1077 1161 crat
1100 1115 1129 1161 et
1153 1106 1218 1180 ipsa
1233 1123 1287 1162 sua
1309 1124 1399 1180 oppo-

148 1191 259 1246 sitione
289 1187 445 1260 efficiebat,
475 1201 506 1245 ut
538 1198 636 1246 auctor
660 1224 699 1231 -
724 1187 863 1247 educatus
896 1192 927 1247 in
957 1190 1091 1248 doctrina
1116 1190 1149 1247 V.
1172 1189 1208 1249 Τ,
1234 1223 1274 1232 «-
1297 1191 1398 1266 rnagni

146 1275 360 1333 hereditariam
391 1275 479 1334 tidem
510 1277 605 1352 prouti
636 1296 737 1334 ornnes
766 1278 856 1334 ceteri
890 1279 1068 1334 aestimaret.
1103 1277 1303 1334 Platonisnrus
1339 1297 1398 1334 uon

147 1364 317 1440 penetravit
347 1364 410 1420 eius
433 1364 563 1420 altimum
586 1373 615 1418 et
639 1362 910 1420 l’seudo-b'alornon
939 1363 970 1420 in
1002 1363 1137 1421 omnibus
1172 1362 1290 1420 easdem
1315 1361 1398 1421 ideas

147 1461 231 1506 tenet
255 1461 357 1527 atques
380 1460 513 1506 auctores
536 1447 645 1508 biblici.
680 1451 706 1507 r]
731 1460 832 1507 contra
856 1472 877 1511 e.
901 1451 1048 1526 apostolus
1071 1449 1180 1508 Paulus
1205 1471 1263 1508 uon
1287 1449 1397 1526 pendet

148 1535 187 1594 ab
212 1535 309 1593 alieno
333 1533 440 1594 iudicio
464 1557 522 1594 nou
545 1535 642 1594 haurit
665 1557 703 1593 ex
726 1536 868 1594 doctrinis
891 1537 1104 1596 Hellenisticis.

256 1623 406 1680 Summam
430 1623 573 1680 iacientes
596 1644 633 1680 ex
649 1626 729 1681 omni
746 1626 870 1682 materia
885 1645 904 1681 a
920 1623 1004 1682 nobis
1027 1634 1205 1702 pertractata
1227 1622 1393 1680 doctrinam

148 1711 310 1766 liussoruni
334 1708 370 1766 de
394 1729 507 1767 canone
531 1710 566 1766 V.
588 1710 624 1770 Τ.
648 1710 685 1768 ad
709 1721 866 1788 sequentes
888 1711 987 1769 theses
1009 1709 1189 1769 reducimus:

257 1796 277 1852 l.
302 1795 405 1853 Canon
436 1796 573 1854 librorum
606 1817 752 1856 sacrorum
777 1797 811 1859 V.
835 1797 871 1854 Τ,
894 1797 931 1854 ab
955 1799 1081 1856 ecclesia
1105 1799 1228 1856 llussica
1250 1808 1395 1874 acceptus,

148 1881 277 1940 creditus
301 1895 389 1961 atquc
413 1883 551 1942 defensus
583 1882 660 1941 idern
684 1894 754 1956 crat,
783 1905 870 1962 quem
893 1884 1019 1942 ecclesia
1043 1885 1176 1943 liemana
1208 1885 1237 1942 in
1261 1883 1396 1942 conciliis

148 1969 327 2027 'l'rirlentino
352 1981 380 2026 ct
406 1971 550 2028 l'aticano
573 1969 710 2030 definivit
733 1983 762 2029 et
786 1972 894 2030 sanxit.
1421 1970 1425 1975 ’

256 2056 294 2113 ll.
324 2057 471 2114 Paulatim
501 2078 571 2114 vero
600 2058 714 2116 influxu
748 2057 899 2116 doctrinae
934 2061 1157 2136 protestantium
1190 2059 1395 2134 magistrorum

147 2142 279 2218 theologi
303 2143 461 2201 ltussorum
485 2142 515 2213 la
538 2164 612 2202 saec.
636 2145 765 2215 XVIII.)
790 2148 994 2203 auctoritatem
1019 2144 1101 2202 libris
1125 2143 1397 2202 deuterocanonicis

151 2228 348 2302 denegabant

258 2316 313 2375 Ill.
337 2317 468 2374 Primum
494 2327 606 2376 nostros
622 2317 909 2383 deuterocanonices,
934 2318 1040 2395 quibus
1059 2315 1293 2375 adnumerabant
1313 2315 1398 2374 Psal-

149 2423 227 2460 muni
253 2403 337 2472 Olil,
363 2403 417 2460 lll.
442 2405 541 2476 Maec,
565 2407 727 2462 orationem
750 2406 907 2473 Manassis,
938 2405 993 2466 llI.
1018 2404 1139 2473 llsdrae,
1163 2412 1273 2481 negata
1295 2423 1396 2461 eorum

149 2492 341 2567 inspiratione
368 2490 558 2548 nominabant
583 2491 775 2571 apocryphos,
799 2490 887 2548 hodie
904 2513 953 2548 cos
968 2494 1147 2549 unanimiter
1163 2513 1222 2548 non
1239 2493 1397 2549 canonicos

150 2577 310 2654 appellant.

259 2664 309 2720 lll.
333 2665 435 2740 lllagni
449 2663 646 2722 aestimabant
669 2663 759 2722 libros
783 2685 841 2724 uon
858 2666 1029 2722 canonicos:
1057 2661 1157 2720 ludaei
1181 2685 1290 2732 ornnes,
1317 2663 1400 2724 lesus

150 2751 292 2820 Christus,
317 2751 461 2828 Apostoli,
485 2771 506 2809 s.
530 2752 633 2808 Patres
657 2750 781 2829 ideoque
804 2753 894 2808 ctiam
917 2750 1048 2826 theologi
1073 2751 1240 2812 ltussorum.

258 2837 292 2894 l'.
315 2837 399 2895 Libri
424 2859 483 2896 nou
505 2841 641 2896 canonici
665 2841 812 2914 pertinent
829 2837 867 2894 ad
883 2836 985 2906 biblia,
1009 2850 1118 2914 angcnt
1133 2839 1282 2913 pietatem,
1308 2835 1395 2895 utiles

149 2924 275 2983 suntad
299 2923 465 3001 legendum,
497 2924 533 2982 ah
557 2928 636 2982 omni
660 2945 756 2983 errore
779 2923 848 2982 lidei
873 2934 901 2982 ct
926 2944 1036 2981 morum
1068 2932 1135 2980 sunt
1159 2925 1313 2993 immunes
1343 2923 1396 2982 sed

148 3024 247 3068 curarit
271 3013 464 3090 inspiratione
488 3011 612 3090 ideoque
630 3033 688 3069 uon
701 3021 768 3070 suut
784 3011 881 3068 divini
905 3009 969 3087 (sed
982 3009 1163 3069 solummodo
1181 3011 1396 3096 ecclesiastici).

253 3115 397 3173 Doctrina
420 3115 492 3174 haec
515 3127 559 3174 cst
582 3115 671 3174 hodie
694 3115 770 3193 apud
795 3115 947 3191 theologos
971 3116 1130 3173 [iussorum
1154 3117 1324 3185 communis,
1356 3108 1394 3171 ab

149 3203 271 3259 eeclesia
302 3201 485 3280 praesulibus
516 3201 685 3280 approbata,
716 3201 767 3260 sed
800 3223 857 3260 uon
889 3202 1089 3260 ecclesiastica
1120 3203 1294 3259 auctoritate
1324 3201 1397 3257 defi·

151 3291 242 3346 nitire
265 3289 373 3347 «larisa.

326 3493 578 3570 EXTERNA
606 3492 679 3568 AD
708 3490 814 3568 NOS
843 3490 1217 3567 PERTINENTIA.

251 3697 457 3757 btrttouuatre
476 3698 505 3758 α’
524 3698 720 3768 ιτοιόοΙοιίο
746 3695 922 3756 rhrttteum
941 3699 972 3755 et
990 3695 1027 3755 de
1045 3695 1180 3766 ttturtte.
1207 3701 1227 3751 t.
1246 3696 1270 3750 1.
1290 3696 1392 3750 1903-

151 3769 173 3822 6.
194 3767 398 3835 (Aberilvitur)
419 3769 610 3837 »Azyrnes«
632 3766 815 3822 inscribitur
833 3773 926 3836 eaput
946 3765 1090 3821 ultimum
1112 3766 1205 3820 huius
1227 3765 1301 3818 tomi
1321 3780 1392 3819 con-

153 3836 299 3906 scriptum
321 3853 337 3891 a
357 3837 573 3892 doctissimrno
593 3837 629 3892 F.
650 3836 761 3891 Gobrol.

252 3929 386 3992 Agentes
406 3923 445 3978 de
459 3924 642 3980 diversitate
660 3923 691 3978 in
712 3923 841 3978 materia
857 3919 1071 3976 Eucharistiae
1091 3919 1227 3987 theologi
1246 3919 1392 3975 ecclesiae

152 3989 307 4048 orientalis
336 3993 374 4048 ad
404 3993 626 4049 vindicandum
648 4009 739 4048 usum
765 4007 857 4048 suum
887 3991 1003 4046 afferre
1023 3989 1124 4044 soleat
1154 3998 1185 4044 et
1214 3990 1393 4058 exemplum

153 4063 265 4118 Christi
295 4063 418 4121 Domini
446 4074 477 4118 at
501 4079 539 4118 ue
568 4063 784 4132 apostolorum
812 4067 842 4116 et
878 4061 1032 4115 delectum
1062 4059 1200 4122 rationis,
1229 4060 1269 4114 ob
1299 4075 1393 4128 quarn

152 4132 237 4201 panis
256 4147 396 4202 erytrius,
417 4149 431 4186 s
479 4081 596 4188 (laetum
618 4132 760 4202 ritusque
774 4131 807 4186 V.
819 4132 852 4184 T.
873 4129 1030 4213 propriae,
1050 4128 1082 4183 in
1100 4129 1135 4183 N.
1147 4129 1179 4184 T.
1199 4129 1394 4184 adhibeatur.

152 4203 214 4260 thet
235 4205 274 4266 15,
289 4203 386 4268 23-9)
406 4150 465 4268 till.
479 4217 503 4256 e.
514 4218 543 4271 g.
565 4201 599 4256 Ε.
611 4200 790 4270 Uspenskij‚
802 4199 1015 4256 Oblicitelnoe
1037 4199 1076 4253 bo
1100 4199 1228 4252 oslovie.
1249 4199 1306 4253 [lfa
1319 4201 1394 4264 1⁸91,

152 4287 176 4339 p.
198 4273 319 4330 lea-7).
347 4271 466 4327 Tenent
484 4271 566 4326 enim
593 4271 734 4340 plerique
754 4271 792 4324 ad
814 4269 942 4324 Ioannis
961 4215 1158 4350 evangeiiurn
1187 4276 1394 4348 provocantes

151 4341 196 4406 (el.
207 4340 400 4395 Tournebize
414 4340 445 4394 in
456 4340 552 4396 Terre
568 4341 666 4395 sainte
679 4341 753 4406 1901,
766 4340 827 4404 140)
847 4354 954 4394 cenam
967 4339 1091 4393 Domini
1110 4337 1210 4392 fuisse
1225 4338 1265 4392 13.
1277 4352 1395 4392 mensis

153 4410 253 4476 Nisan,
279 4416 349 4465 ante
376 4411 490 4480 pascha
511 4407 710 4475 Iudaeorum,
736 4423 836 4477 neque
856 4409 888 4462 iu
907 4407 1027 4476 azymis
1054 4407 1188 4477 panibus
1208 4407 1393 4460 celebratam

151 4481 245 4544 essc¹)
271 4511 296 4520 -
317 4480 401 4548 qurrd
423 4485 525 4536 tamen
545 4480 605 4534 iam
633 4495 695 4534 nrin
721 4479 759 4532 al)
780 4478 927 4534 oumibus
947 4475 1124 4530 admittitur
1148 4475 1206 4541 (Gt.
1232 4474 1313 4529 Slav.
1339 4474 1396 4529 litt.

211 4653 232 4720 ¹)
252 4655 312 4708 Hoc
331 4655 462 4708 nonnulli
483 4663 565 4736 teg.
584 4651 791 4720 h'letrophanes
805 4653 981 4718 Kritopuloe‚
1000 4651 1081 4705 Oonf.
1099 4667 1141 4716 cp.
1160 4649 1395 4734 9⁸1³·lflmm0h

188 4755 191 4760 ·
251 4725 679 4850 diphrddalslbetbihiddimbhcd
691 4724 817 4846 &pagrum
830 4723 1081 4789 demonstrabant,
1098 4720 1175 4773 unde
1191 4719 1292 4772 fractio
1310 4735 1397 4785 panis
