3450 5342
1741 256 2085 310 ...243-

879 450 933 506 2.
1010 446 1059 502 Β
1078 466 1152 502 re
1171 447 1308 502 wia
1327 467 1353 502 r
1370 466 1399 502 z
1477 446 1525 502 R
1547 466 1575 502 z
1595 465 1634 524 y
1653 464 1710 501 m
1732 465 1759 501 s
1779 444 1851 500 ki
1946 443 2339 519 (Breviarium
2439 442 2808 507 Romanum),
2899 441 3187 500 studium

664 533 1308 609 historico-liturgicum
1358 532 1607 589 Antonii
1654 531 1706 588 N
1733 530 2239 605 owowiejski‚
2286 541 2625 606 excerptum
2673 551 2748 586 ex
2773 550 2900 587 eius
2947 533 3183 589 vastis—

668 623 820 680 sima
867 619 1153 696 Liturgia,
1201 618 1275 676 de
1323 639 1437 697 qua
1485 620 1772 675 rationem
1821 620 1937 675 iam
1987 614 2349 674 reddidimus
2394 638 2447 693 p.
2500 617 2619 673 249
2674 616 2852 691 (¹961)
2897 636 2950 676 a.
2999 617 3054 674 Ι.

877 710 931 766 3.
964 706 1315 784 Purpura
1360 703 1908 784 kardynalska
1940 702 2546 783 arcybiskupov
2579 703 3185 781 mohylowskich

666 792 786 871 (De
891 813 1145 870 purpura
1238 792 1809 870 archiepiscoporum
1914 790 2491 869 mohyloviensium)‚
2588 805 2822 847 auctore
2913 791 3182 868 profess,

668 880 748 940 Μ.
775 878 1186 937 Godlewski
1215 903 1228 952 3
1298 878 1541 936 exhibet
1609 889 1852 937 conatus
1899 878 2324 955 archiepiscopi
2378 877 2860 935 Sion-zericewicz
2930 897 3182 937 necnon

667 965 942 1045 gubernii
988 968 1226 1024 rossiaci
1276 965 1431 1044 apud
1479 968 1536 1024 S.
1584 964 1795 1022 Sedem
1866 963 2156 1022 dilatandi
2229 965 2636 1021 auctoritatem
2716 966 3181 1042 „metropolitae

669 1055 931 1112 omnium
977 1053 1357 1111 ecclesiarum
1405 1052 1825 1110 catholicarum
1875 1053 1936 1108 in
1986 1053 2230 1129 imperio
2276 1053 2589 1108 ross-iaco&

880 1143 937 1200 4.
1010 1139 1294 1198 Eiusdem
1371 1140 1623 1197 auctoris
1698 1137 1956 1196 studium
2036 1138 2372 1196 historicam
2403 1160 2415 1196 :
2507 1138 2555 1194 P
2574 1159 2601 1194 r
2617 1158 2656 1216 y
2682 1158 2736 1194 m
2758 1158 2792 1194 a
2809 1158 2835 1194 s
2854 1159 2887 1193 o
2906 1159 2958 1191 w
2978 1149 3046 1195 st
3069 1160 3129 1191 w
3147 1161 3183 1196 o

670 1226 1101 1284 wilenskie
1148 1226 1471 1307 (Primatus
1516 1225 1866 1300 vilnensis);
1937 1225 2010 1282 de
2058 1239 2254 1282 mente
2315 1234 2525 1282 tractat
2575 1223 2906 1282 Alexandri
2966 1226 3011 1284 Ι.
3063 1228 3185 1283 im-

668 1316 957 1392 peratoris
1004 1346 1083 1356 —
1132 1312 1474 1371 instituendi
1526 1312 1743 1370 Vilnae
1792 1312 2185 1389 primatialem
2234 1309 2432 1368 sedem
2486 1311 3188 1388 pr‹›0111nibusl{ossiae

671 1401 998 1459 catholicis.

892 1490 946 1545 5.
1014 1486 1608 1565 W'spomnienie
1635 1508 1667 1543 o
1749 1485 2213 1560 jubileuszu
2306 1484 2888 1556 met-zennikow
2981 1485 3188 1543 kazi·

673 1573 1070 1632 micrskich
1124 1574 1237 1649 [De
1269 1572 1525 1631 iubilaeo
1563 1586 1887 1652 martyrum
1920 1573 2452 1647 casimiriensium).
2502 1571 2840 1629 Celcbravit
2890 1574 3183 1630 nimirum

671 1661 926 1718 Polonia
970 1659 1287 1718 iubilaeum
1332 1662 1456 1718 900
1502 1680 1787 1718 annorum
1835 1682 1867 1717 a
1916 1658 2092 1716 beata
2136 1671 2320 1716 morte
2367 1660 2625 1737 quinque
2673 1675 2997 1737 martyrum
3046 1680 3183 1717 ere-

673 1750 966 1816 mitarum,
1013 1767 1256 1826 quorum
1302 1749 1486 1804 vitam
1535 1749 1757 1825 primus
1805 1751 1862 1803 S.
1908 1746 2118 1804 Petrus
2167 1746 2444 1803 Damiaui
2496 1745 2833 1822 publicavit.
2881 1780 2967 1787 —

886 1844 1393 1928 Homilelylca„
1443 1850 1702 1909 fasciculi
1756 1851 2056 1919 menstrui,
2103 1851 2214 1905 arti
2249 1851 2719 1906 concionatoriae
2748 1870 2979 1907 necnon
3016 1852 3187 1907 vitae

675 1938 966 2018 spirituali
1052 1938 1393 1996 clericorum
1463 1940 1691 2006 sacrati,
1761 1936 2014 1994 eduntur
2081 1938 2195 1993 iam
2267 1935 2340 1993 ab
2411 1939 2447 1993 ὅ
2518 1939 2690 1993 anuis
2764 1936 3186 1995 Vladislaviae

675 2025 1082 2104 (VVlaclavek)
1131 2022 1418 2082 dioecesis
1444 2025 1839 2100 Cujaviensis,
1882 2022 1987 2081 sub
2012 2021 2336 2080 directione
2366 2024 2429 2082 lt.
2463 2024 2531 2080 1).
2557 2023 2808 2080 Mariani
2844 2023 3190 2086 Nassalski.

674 2113 943 2171 Pretium
991 2110 1436 2188 subscriptionis
1462 2114 1498 2169 8
1533 2110 1655 2172 rub.
1690 2133 1794 2189 per
1825 2131 2061 2168 annum.
2115 2110 2528 2188 Unusquisque
2564 2110 2877 2168 fasciculus
2926 2111 3184 2169 exhibet

678 2201 916 2257 circiter
961 2197 1164 2256 decem
1210 2200 1538 2261 conciones,
1587 2199 2002 2256 instructiones
2048 2197 2484 2254 catheeheticas
2512 2218 2613 2274 pro
2647 2198 2858 2276 populo
2882 2212 2938 2254 ct
2966 2201 3190 2256 iuven·

679 2295 821 2355 tute,
889 2284 1084 2362 plures
1130 2285 1561 2343 notificationes
1608 2285 1681 2342 de
1728 2285 1901 2343 rebus
1946 2284 2254 2360 liturgicis,
2320 2285 2702 2342 resolutiones
2749 2305 2986 2342 casuum
3040 2305 3184 2343 con·

679 2375 983 2448 scientiae,
1028 2371 1542 2449 bibliognaphiam.
1619 2373 1852 2429 Dantur
1898 2371 2218 2428 theoretica
2265 2374 2625 2449 praescripta
2686 2370 2757 2428 de
2823 2393 2879 2428 re
2942 2375 3182 2429 concio-

681 2461 914 2519 natoria
958 2468 1016 2516 et
1061 2468 1387 2517 tractantur
1432 2459 1717 2516 nonnulla
1741 2479 1816 2515 ex
1844 2458 2089 2515 historia
2122 2461 2409 2515 oratoriae
2436 2460 2577 2516 artis
2606 2478 2805 2516 sacrae
2831 2460 3187 2537 praesertim

680 2548 742 2605 in
790 2546 1059 2607 Polonia.

890 2634 1054 2690 Inter
1105 2633 1424 2703 contioncS‚
1492 2652 1642 2709 quae
1689 2651 1846 2688 anno
1901 2631 2100 2710 elapso
2171 2634 2227 2688 in
2279 2631 2798 2710 Homiletyka
2846 2631 3189 2709 publicatae

682 2730 834 2791 sunt,
906 2720 1169 2776 eminent
1216 2719 1525 2796 populares
1572 2718 1972 2776 catecheticac
2018 2720 2433 2777 instructiones
2484 2720 2613 2775 ltmi
2664 2719 2858 2775 Caroli
2917 2718 3182 2788 Fischer,

680 2808 938 2885 episcopi
1032 2805 1338 2863 auxiliaris
1431 2805 1874 2883 premisliensis‚
1968 2806 2148 2882 aliqui
2243 2826 2539 2862 sermones
2620 2807 2830 2862 Excmi
2922 2806 3183 2883 ‹Iosephi

681 2892 1051 2963 Bilczewski‚
1141 2892 1565 2970 archiepiscopi
1645 2892 1986 2969 leopolitani
2062 2913 2358 2950 sermones
2435 2904 2610 2949 ante-a
2684 2891 2945 2949 noudum
3032 2891 3184 2950 editi

685 2980 904 3038 Adami
953 2979 1291 3051 Krasix'iski,
1360 2980 1498 3037 olim
1569 2981 1830 3057 episcopi
1877 2980 2183 3042 vilnensis,
2253 2982 2348 3056 qui
2423 2990 2549 3056 post
2621 2979 2857 3051 longum
2931 2979 3182 3037 exilium

685 3068 1010 3127 Cracoviae
1057 3076 1315 3125 mortuus
1363 3078 1467 3129 est.
1515 3087 1565 3123 a.
1619 3068 1802 3125 1891.

898 3155 1441 3212 Commentationes
1489 3164 1545 3210 et
1593 3160 1874 3210 tractatus
1922 3155 2193 3230 separati,
2241 3155 2338 3231 qui
2389 3174 2491 3230 per
2538 3153 2801 3228 singulos
2849 3174 3085 3210 menses
3118 3155 3183 3211 in

684 3240 1212 3320 Homiletyka
1278 3242 1532 3318 primum
1579 3238 1946 3316 occupabant
1995 3240 2199 3311 Iocum,
2268 3243 2530 3297 maxima
2599 3262 2675 3297 ex
2744 3249 2910 3316 parte
2978 3261 3180 3298 curam

683 3329 1039 3406 pastoralem
1103 3338 1161 3385 ct
1219 3329 1510 3397 actionem
1581 3326 1860 3385 socialem
1931 3337 2214 3404 spectant.
2287 3327 2616 3404 Specialem
2686 3330 3045 3385 mentionem
3116 3329 3179 3384 in

686 3426 884 3473 nostro
930 3414 1225 3493 periodico
1272 3424 1570 3471 merentur
1600 3415 2125 3471 commentationes
2172 3416 2453 3492 anonymi
2503 3416 2840 3491 scriptoris:

900 3506 952 3561 1.
1013 3503 1429 3578 Aspersya
1487 3499 1628 3576 pod
1701 3499 2124 3576 wzgledcm
2194 3501 2798 3580 historycznym
2870 3501 3074 3577 (Hom.
3138 3512 3178 3562 t.

689 3588 858 3659 xlv,
906 3608 1038 3665 pag.
1082 3586 1247 3662 502),
1293 3586 1574 3643 historice
1620 3596 1879 3644 tractans
1928 3586 2000 3645 de
2046 3590 2272 3664 origine
2307 3590 2662 3665 aspersionis
2688 3609 2875 3665 aquae
2902 3588 3176 3657 lustralis,

686 3688 824 3731 ante
873 3676 1112 3732 missam
1159 3675 1438 3731 maiore-m
1488 3671 1813 3730 faciendae.

901 3763 957 3820 2.
1009 3759 1420 3837 Spowieda
1468 3780 1701 3817 uszna
1747 3760 2082 3837 (Confessio
2130 3762 2513 3837 auricularis),
2561 3762 2763 3839 (Hom.
2810 3775 2851 3821 t.
2888 3762 3178 3839 XV,pag,

690 3847 790 3918 97,
839 3844 1007 3926 225).
1055 3849 1277 3904 Auctor
1324 3847 1496 3904 huius
1519 3846 1942 3905 lucubrationis
1990 3849 2156 3905 aflert.
2182 3851 2376 3906 varias
2423 3851 2748 3906 sententias
2775 3849 3177 3923 theologorum

687 3942 811 3991 tum
861 3954 937 3991 ex
968 3933 1277 3993 ,catholica
1342 3944 1462 3991 tum
1511 3954 1582 3990 cx
1647 3937 2066 4010 protestantica
2139 3947 2303 4012 parte
2372 3934 2443 3992 de
2514 3936 2884 3993 confessione
2955 3951 3179 3993 secreta

688 4021 896 4098 primis
942 4020 1249 4077 Ecclesiae
1296 4020 1560 4089 saeculis,
1629 4021 1912 4098 expendit
1962 4024 2157 4080 varias
2205 4022 2567 4100 hypotheses
2614 4022 2686 4079 dc
2734 4024 2960 4099 origine
3010 4022 3177 4080 huius

687 4127 825 4164 usus
868 4109 1192 4185 posteriore
1238 4118 1514 4185 tempore,
1563 4107 1878 4185 multisque
1927 4112 2290 4186 argument-is
2337 4110 2700 4167 demonstrat
2748 4111 3174 4167 confessionem

690 4203 973 4251 secretam
1022 4196 1291 4251 extitisse
1338 4194 1544 4251 saltem
1610 4195 1796 4251 altero
1863 4194 2111 4253 dim1dio
2180 4199 2397 4253 saec-uli
2473 4198 2545 4253 lv
2611 4208 2667 4254 c't
2717 4199 2778 4253 in
2824 4194 3175 4254 occidentali

687 4288 748 4337 et
791 4283 856 4338 in
902 4281 1174 4340 orientali
1221 4280 1487 4342 ecclesia.
1536 4281 1707 4356 Quod
1760 4284 1951 4358 priora
1998 4285 2110 4339 tria
2157 4284 2392 4341 saecula
2438 4286 2665 4346 attinet,
2716 4294 2916 4341 auctor
2961 4282 3174 4341 refellit

687 4370 1040 4426 sententiam
1091 4368 1374 4438 Kirschii‚
1425 4370 1589 4425 iuxta
1637 4388 1809 4445 quem
1856 4371 2257 4446 poenitentiae
2316 4382 2745 4429 sacramentum
2795 4371 2912 4427 illis
2958 4379 3174 4447 tempo-

686 4452 850 4512 ribus
882 4453 957 4512 ad
990 4454 1278 4534 quaedam
1325 4465 1554 4513 tantum
1588 4466 1831 4532 peccata
1872 4477 1932 4514 se
1958 4456 2308 4524 extenderit,
2357 4471 2412 4516 et
2448 4461 2799 4517 sententiam
2831 4457 3171 4526 Harum-lxii,

690 4541 1229 4599 reconciliationem
1279 4552 1644 4619 peccatorum
1692 4542 2004 4600 tribuentis
2055 4545 2354 4622 prophetis
2403 4546 2849 4603 charismaticis.
2900 4544 3171 4603 Ceterum

2902 5294 2909 5297 ι
2937 5252 3342 5298 -ijfifflfflh—
