3450 5342
706 450 895 507 -169—

286 637 374 696 Hane
397 636 635 709 mutabilitatem,
657 640 759 717 utique
775 660 834 697 non
852 639 1042 711 illimitatam,
1066 638 1097 697 id
1113 638 1189 717 quod
1208 642 1422 717 experimentis

176 727 251 783 satis
269 734 385 783 constat
407 724 457 803 (of.
470 724 643 803 Wigand,
667 726 729 784 Der
745 726 961 785 Darwinisurus
978 726 1009 797 l.,
1027 728 1175 803 55-62),
1200 748 1258 785 uon
1281 726 1420 787 cedentes

178 820 294 869 tantum
317 814 519 889 experientiae
549 811 742 883 admittimus,
772 811 824 871 sed
847 816 1003 891 poscimus,
1035 848 1074 857 -
1107 834 1166 873 non
1190 811 1337 871 modoad
1361 814 1423 873 alia

178 897 298 968 tuenda,
328 911 360 956 ut
382 898 505 958 humaui
534 901 652 977 generis
683 921 721 959 ex
747 920 807 959 una
834 902 1041 979 communique
1072 903 1163 981 stirpe
1186 902 1339 979 originem,
1370 900 1423 961 scd

177 996 299 1063 propter
320 987 414 1063 ipsam
438 997 567 1045 nostram
589 986 738 1045 idealismi
762 989 914 1048 rationem.

286 1091 328 1147 At
351 1087 388 1147 ab
419 1091 463 1148 eis
493 1086 693 1163 dissentimus,
724 1094 775 1169 qni
806 1094 956 1150 notionem
988 1092 1096 1170 speciei
1129 1090 1235 1149 tollunt
1267 1091 1426 1169 (sabak,

175 1196 205 1254 p.
231 1180 279 1235 15.
304 1179 363 1235 157
388 1185 455 1249 etc.;
478 1177 515 1236 of.
534 1197 610 1254 qnae
631 1177 802 1257 Wigand
824 1188 927 1237 contra
949 1199 998 1238 eos
1014 1190 1198 1256 exposuerat,
1223 1178 1284 1236 Der
1308 1179 1423 1237 barwi-

176 1266 292 1321 nismus
315 1264 338 1333 l,
364 1284 393 1341 p.
425 1265 586 1342 13-38t)‚
619 1266 728 1343 quique
759 1275 872 1324 tantam
904 1265 1133 1325 mutabilitatem
1163 1267 1340 1341 organismis
1371 1268 1423 1325 tri-

175 1349 279 1419 buunt,
311 1360 343 1409 ut
365 1350 402 1409 ab
425 1371 485 1408 una
507 1351 602 1409 forma
632 1354 772 1430 primaria
800 1364 913 1411 ceteras
936 1373 1038 1411 omnes
1066 1350 1242 1430 repetendas
1266 1374 1329 1411 esse
1353 1372 1422 1411 ceu-

176 1446 271 1497 seant.
295 1438 336 1495 t't
358 1440 438 1495 enim
453 1436 598 1517 quaedam
614 1460 726 1516 ergene
748 1442 898 1498 immutari
915 1460 948 1498 ac
964 1438 1075 1498 destrui
1099 1440 1220 1516 possint,
1244 1451 1419 1499 nontamen

175 1526 277 1583 omnia
292 1544 384 1602 aeque
400 1527 518 1604 propria
531 1534 608 1594 sunt,
631 1546 724 1605 aeque
740 1525 778 1584 ad
795 1538 930 1586 naturam
945 1528 1104 1605 pertinent.
1127 1527 1186 1585 Bos
1202 1528 1266 1585 sine
1283 1526 1419 1586 cornibus

175 1613 216 1670 sit
239 1610 388 1681 formatus,
420 1614 485 1670 sine
507 1610 626 1671 auribus
649 1612 698 1671 vel
721 1634 787 1671 cum
815 1612 954 1673 dentibus
977 1613 1095 1691 glirium
1128 1624 1177 1671 aut
1200 1616 1419 1673 carnivororum

176 1719 238 1757 non
268 1698 442 1757 formabitur
471 1699 530 1776 (cf.
554 1700 692 1771 Altum,
725 1700 788 1759 Der
811 1700 905 1778 Vogel
937 1699 996 1759 und
1025 1703 1089 1759 sein
1113 1696 1250 1768 liabent,
1282 1724 1309 1780 p.
1334 1701 1420 1779 241).

176 1785 260 1845 Sicut
282 1787 362 1844 enirn
384 1788 469 1845 varia
487 1796 649 1846 structurae
665 1808 776 1865 genera
798 1790 991 1847 mutationem
1015 1790 1045 1846 in
1063 1786 1238 1866 quibusdam
1260 1788 1420 1847 admittant

175 1892 297 1931 necesse
319 1883 391 1942 est,·
402 1872 527 1951 aliisque
550 1885 722 1952 repugnent,
750 1876 793 1933 ita
822 1876 1000 1933 mutationes
1024 1876 1186 1953 specierum
1217 1875 1418 1955 perpendiculi

175 1961 309 2017 instare
339 1958 437 2017 medio
467 1960 542 2019 ultro
565 1963 638 2019 citro
669 1971 797 2032 currunt,
829 1972 928 2021 mutuo
960 1982 990 2020 se
1021 1962 1158 2019 tollentes
1190 1961 1371 2039 (ll'igand
1396 1962 1446 2035 Ι,Υ

178 2045 328 2127 eae-7).

283 2150 347 2208 Nec
369 2150 615 2228 praetereundum
638 2172 702 2210 esse
725 2150 850 2211 arbitror
873 2152 955 2210 illam
987 2154 1145 2211 ibrmarum
1169 2154 1420 2225 commixtionem,

176 2257 252 2315 quae
283 2239 314 2295 in
342 2238 492 2296 nonnullis
523 2241 607 2315 regni
638 2239 815 2316 vegetabilis
846 2238 1015 2317 regionibus
1045 2238 1321 2299 determinationem
1355 2260 1420 2319 spe-

176 2326 287 2382 cierum
311 2324 444 2402 impedit,
467 2347 526 2383 non
549 2324 666 2404 aequali
690 2326 776 2385 modo
806 2328 836 2384 in
860 2324 997 2385 omnibus
1020 2326 1174 2404 speciebus
1197 2328 1335 2390 inveniri.
1366 2326 1419 2385 sed

175 2413 263 2469 certis
286 2411 409 2471 familiis
431 2433 462 2470 se
490 2415 648 2474 continere.

283 2515 342 2574 Sed
364 2514 483 2593 urgebis
505 2516 723 2595 interrogando,
747 2538 806 2595 qua
828 2518 942 2575 ratione
973 2538 991 2574 a
1021 2516 1106 2574 nobis
1133 2517 1320 2595 explicentur
1344 2516 1418 2575 bene

175 2602 302 2678 figurata
324 2603 504 2682 ecpbymata
532 2613 562 2662 et
584 2604 644 2662 alia
667 2604 781 2663 obiecta
805 2604 1002 2683 pathologica,
1033 2606 1122 2662 etiam
1146 2605 1286 2662 sectionis
1310 2624 1416 2663 aureae

175 2691 319 2748 rationem
344 2690 525 2762 exhibentia,
554 2710 629 2769 quae
654 2693 750 2750 causis
773 2693 943 2769 improvtsis
973 2690 1150 2749 efficiuntur.
1187 2690 1295 2749 Verum
1320 2692 1418 2751 inanis

175 2786 221 2833 est
243 2779 300 2835 ista
322 2776 476 2857 dubitatio,
500 2798 566 2836 cum
589 2780 679 2836 etiam
702 2799 745 2848 ea,
769 2798 845 2856 quae
868 2776 970 2836 morbo
992 2779 1161 2855 gignuntur,
1189 2780 1298 2855 speciei
1323 2778 1419 2837 deter-

176 2865 305 2921 minatae
328 2866 388 2922 sint
409 2864 527 2922 adnexu
551 2864 754 2942 (Virebow,
779 2865 850 2922 l'ier
873 2864 976 2922 Reden
1000 2863 1071 2923 tiber
1088 2864 1189 2923 lieben
1212 2864 1273 2923 und
1298 2866 1419 2923 Krank·

175 2952 249 3007 sein.
273 2951 375 3009 Berlin
401 2953 491 3020 1862,
514 2974 541 3031 p.
566 2950 628 3028 28).

280 3054 393 3131 Quodsi
416 3055 623 3115 mutabilitatis
645 3055 807 3135 explicatio
828 3054 988 3114 secundum
1012 3068 1140 3113 nostram
1165 3075 1261 3114 rerum
1286 3066 1420 3115 contem-

175 3142 336 3220 plationem
360 3163 378 3201 a
399 3142 484 3201 nobis
506 3143 678 3223 postulatur,
708 3142 747 3202 ad
770 3144 852 3201 illam
877 3142 971 3219 legem
1003 3162 1067 3200 eam
1092 3162 1270 3208 revocamus,
1302 3146 1333 3201 in
1357 3164 1416 3222 qua

174 3230 241 3307 ipsa
263 3249 378 3307 quoque
401 3232 563 3308 specierum
579 3232 771 3289 conformatio
794 3232 852 3288 sita
867 3239 919 3301 est,
943 3240 1060 3287 mutuae
1081 3231 1263 3288 excursionis
1287 3242 1315 3289 et
1339 3250 1417 3288 corn·

174 3317 329 3375 mixtionis
352 3318 496 3395 imprimis
519 3318 656 3376 altiorum
688 3320 840 3394 regionum
863 3316 1030 3385 formarum,
1063 3336 1155 3393 aeque
1183 3318 1214 3373 in
1238 3337 1329 3393 regno
1353 3319 1417 3375 ani-

175 3403 246 3461 mali
271 3412 358 3481 atque
388 3406 420 3461 in
443 3405 571 3482 vegetali
602 3406 777 3482 conspicuae
808 3403 1019 3480 (Micholis,
1054 3402 1117 3461 Das
1145 3402 1418 3461 Formeocntwiek-

174 3490 363 3567 lungsgesetz
386 3512 413 3569 p.
436 3491 544 3572 xvi).
567 3492 650 3550 Sicut
672 3494 764 3569 igitur
785 3490 823 3548 ad
844 3488 1043 3569 aptenodytae
1067 3490 1132 3547 avis
1155 3490 1418 3548 conformationem

175 3576 354 3655 peculiarem
377 3589 465 3657 typus
481 3577 683 3637 mammalium
700 3577 875 3656 aquatilium
891 3576 1018 3635 idealem
1035 3578 1096 3634 vim
1114 3575 1211 3646 babet,
1235 3596 1251 3634 e
1272 3579 1418 3635 contrario

174 3664 347 3741 vespertilio
370 3666 529 3723 mammale
544 3676 597 3737 est,
620 3665 698 3745 quod
714 3665 892 3743 peculiarem
915 3665 1038 3723 formam
1059 3676 1147 3741 atque
1164 3662 1293 3721 indolem
1319 3666 1418 3722 avium

175 3752 360 3809 extrinsecus
382 3753 514 3811 imitatur
536 3765 565 3811 et
588 3754 736 3831 exprimit,
759 3772 818 3831 qua
833 3754 946 3809 ratione
971 3753 1111 3809 transitus
1135 3760 1184 3808 aut
1207 3752 1330 3810 mutatio
1349 3772 1420 3810 sane

175 3858 235 3895 non
258 3838 405 3915 probatur,
429 3872 470 3881 -
492 3842 536 3897 ita
558 3842 671 3917 species
701 3841 780 3897 intra
809 3859 920 3915 genera
949 3848 1053 3918 typum
1082 3838 1276 3915 principalem
1300 3839 1418 3914 generis

175 3926 384 4002 exprimentes,
416 3928 600 3986 extrinsecus
631 3925 669 3984 ad
697 3927 770 3985 alios
801 3936 887 4004 typos
911 3925 1090 4003 principales
1114 3924 1267 3986 accedunt.
1302 3924 1417 3983 Eadem

173 4021 220 4070 est
242 4012 292 4069 lex
305 4015 336 4070 in
358 4014 576 4092 crystallis
599 4012 831 4084 conformandis,
855 4033 977 4090 quorum
991 4013 1119 4069 varietas
1143 4015 1293 4089 expanuis
1317 4012 1419 4071 formis

174 4098 390 4177 principalibus
422 4102 514 4159 oritur
543 4122 586 4167 eo,
616 4099 694 4179 quod
717 4100 774 4157 bae
805 4101 888 4177 quasi
922 4100 999 4157 inter
1028 4118 1059 4157 se
1091 4100 1259 4157 inseruntur
1288 4098 1416 4177 quodam

176 4184 266 4243 ideali
291 4184 385 4254 modo,
410 4188 451 4244 ita
473 4199 505 4245 ut
527 4188 646 4265 singula
668 4187 762 4245 forma
784 4187 873 4265 plane
897 4186 1024 4243 alienam
1049 4206 1067 4243 a
1099 4206 1169 4243 vera
1191 4185 1285 4245 forma
1309 4188 1420 4263 prinei-

174 4272 236 4351 pali
260 4274 388 4351 speciem
413 4272 534 4333 induere
565 4276 663 4352 possit.
699 4275 762 4332 Nec
792 4272 902 4331 idcirco
933 4274 1062 4351 speciem
1092 4292 1156 4330 esse
1187 4270 1418 4331 determinatam

175 4358 372 4438 stabilemque
394 4358 516 4419 dubium
539 4362 571 4418 fit
595 4371 645 4419 aut
668 4361 935 4437 consanguinitatis
959 4358 1108 4417 vinculum
1131 4358 1278 4437 probetur.
1309 4358 1418 4432 (Natur

175 4444 237 4503 und
261 4444 378 4505 Offenb.
399 4448 472 4519 XII,
507 4450 576 4509 161.
609 4483 647 4490 —
679 4449 714 4508 Τ,
739 4446 875 4518 Pesch,
906 4447 1003 4505 instit.
1033 4446 1104 4524 plril.
1137 4456 1196 4504 nat.
1225 4467 1252 4505 n.
1278 4448 1347 4519 1504,
1373 4441 1419 4504 40.

177 4532 211 4591 O.
235 4532 457 4599 Gutbcrlet.
481 4535 606 4613 Apolog.
630 4537 653 4606 l,
680 4537 740 4593 169
765 4534 832 4610 etc.)

283 4637 347 4695 Iam
378 4642 537 4698 varietates
567 4642 647 4698 iutra
676 4642 789 4718 species
824 4638 895 4697 hinc
923 4641 1106 4717 potissimum
1138 4654 1202 4695 esso
1234 4635 1418 4715 repetendas,

177 4722 255 4803 quod
288 4724 335 4783 lex
368 4726 419 4783 illa
441 4729 657 4804 prominentiae
687 4748 722 4786 ac
753 4735 871 4785 mutuae
901 4727 1114 4803 penetrationis
1145 4723 1250 4781 idealis
1280 4734 1418 4802 typorum
