3450 5342
678 396 871 451 -175-

149 592 238 631 num.
256 578 380 643 ductor,
401 576 540 631 medicus
554 577 659 647 magni
674 577 819 644 nominis,
838 576 1044 647 persuasione
1064 576 1233 633 catholicus
1253 582 1301 633 est
1322 592 1395 633 usu-

171 662 212 701 ue
230 645 379 716 cognovit
398 652 590 702 momentum
612 646 773 717 religionis
791 646 831 701 ad
851 647 948 701 vitam
968 652 998 703 et
1014 647 1168 717 privatam
1188 654 1219 702 et
1238 646 1393 702 socialem.

148 662 199 771 {x
217 716 276 771 hoc
294 714 426 771 iudicari
444 715 504 771 iam
521 721 633 785 potest,
652 732 723 772 eum
739 716 854 771 malum
876 730 971 772 sexus
991 732 1053 771 non
1073 732 1188 786 augere
1204 716 1291 781 velle,
1311 715 1393 773 sicut

148 784 287 854 plurimi,
314 784 369 855 qui
396 784 499 841 iorma
528 800 657 841 suarum
687 786 931 856 publicationum
962 802 1011 841 ma
1035 785 1062 839 is
1095 801 1208 841 sensus
1236 786 1392 841 delectant

147 870 244 979 Pam
270 855 438 921 deterrent,
466 856 522 911 sed
541 856 711 925 depingere
730 855 913 911 horribilem
944 802 1088 911 murgum
1109 870 1297 979 omnemque
1323 854 1392 911 eius

163 924 342 980 oeditatem.
362 924 401 979 Et
419 924 489 993 quia
508 940 603 995 opere
621 940 677 981 suo
696 926 735 981 ad
755 924 930 982 sanandum
951 941 1021 981 eum
1042 924 1185 981 conferre
1204 930 1279 992 vut,
1300 925 1345 979 ele
1370 924 1394 980 it

152 994 283 1049 modum
309 993 409 1075 magis
434 994 617 1063 popularem
643 995 809 1061 scribendi,
838 994 894 1050 sed
920 994 971 1061 ita,
1000 1002 1034 1051 ut
1058 994 1217 1074 doctrinae
1246 942 1368 1049 ratioff

152 1062 293 1119 trimenti
311 1062 387 1119 niun
406 1069 545 1133 caperet;
565 1068 685 1120 tantum
706 1079 758 1120 res
777 1066 950 1120 obscoenas
970 1064 1105 1147 appellat
1131 1064 1261 1119 vocibus
1281 1063 1395 1119 latinis.

150 1134 274 1189 Auctor
291 1147 348 1203 per
367 1133 482 1189 multos
501 1148 601 1189 anuos
621 1133 782 1191 materiam
802 1133 974 1203 colligebat,
993 1150 1025 1189 m
1045 1132 1220 1203 praecipuis
1241 1132 1395 1189 universi·

151 1202 270 1257 tatibus
289 1208 320 1257 et
337 1203 369 1257 in
388 1202 578 1259 nosocomiis
597 1203 629 1259 in
648 1203 783 1269 dustria,
803 1202 979 1269 Germania,
1008 1204 1129 1269 Russia,
1157 1202 1277 1272 Anglia,
1299 1202 1397 1259 Gallia

150 1272 257 1327 studia
276 1270 420 1341 specialia
439 1270 586 1339 iaciebat;
605 1288 697 1343 quam
718 1274 879 1329 materiam
901 1276 996 1327 totam
1017 1273 1121 1329 critice
1135 1271 1268 1328 cllinxit.
1289 1271 1396 1343 Itaque

151 1343 268 1397 mirum
288 1346 426 1407 nonest,
446 1342 471 1396 si
490 1342 628 1411 primum
648 1342 706 1399 hoc
731 1358 812 1413 opus
831 1342 1027 1397 bohemicum
1049 1343 1195 1397 eximium
1214 1342 1274 1397 dici
1293 1342 1395 1411 debet,

150 1410 245 1481 idque
269 1426 307 1466 eo
325 1410 436 1481 magis,
462 1412 535 1483 quia
562 1412 612 1467 hic
639 1412 776 1482 scriptor
804 1412 960 1483 principiis
980 1410 1136 1481 religiosis
1165 1416 1195 1467 et
1224 1412 1396 1467 moralibus

149 1480 264 1536 ductus
282 1480 520 1536 fundamentum
541 1480 767 1537 solidissimum
786 1481 875 1552 operi
900 1496 958 1538 suo
982 1480 1094 1551 posuit,
1122 1482 1243 1537 etiamsi
1267 1482 1298 1537 in
1321 1496 1396 1537 non·

149 1550 245 1606 nulhs
264 1548 423 1605 erraverit

255 1620 294 1675 Iu
312 1618 415 1688 prima
433 1624 522 1689 parte
536 1619 736 1675 continentur
750 1620 861 1680 capita:
895 1618 1088 1676 Concubitus
1109 1619 1240 1690 eiusque
1259 1625 1396 1676 extrema

149 1695 182 1744 et
209 1688 393 1759 depravatio
420 1694 451 1745 et
477 1689 630 1760 sequelae.
666 1690 849 1753 Paradoxis,
886 1688 1089 1755 anaesthesis,
1129 1690 1393 1759 hyperaesthesis,

150 1760 365 1829 paraesthesis
384 1758 527 1815 sexualis.
564 1758 729 1815 Sadismus
747 1759 879 1831 eiusque
899 1758 991 1815 modi.
1012 1758 1244 1816 hlasochismus
1264 1758 1398 1829 ejusque

149 1828 497 1953 figuralesel'letigismus.
518 1828 595 1953 ¹³3,ss
614 1829 715 1884 coitus
733 1828 842 1953 ⁸5³¹j⁸r
863 1828 1076 1953 t‹Junssil'inctgs
1096 1833 1165 1953 alge
1182 1828 1398 1952 {I‘ffiexuca'

250 1938 256 1950 .
301 1914 322 1952 u
531 1915 541 1952 1
893 1940 900 1953 .
954 1914 1003 1952 em
1024 1914 1072 1952 sn
1382 1926 1392 1937 -

150 1913 294 2022 catlgilum
314 1973 345 2022 et
363 1913 534 2032 mimirum
558 1913 927 2038 qultsa’rnffltminrgingrflis
954 1968 1050 2022 rebus
1069 1913 1392 2051 gffhlictsppmssiari'mr

151 2040 307 2091 tractatur
324 2043 355 2091 et
379 2052 403 2092 s.
423 2036 608 2092 Prostitutio
626 2036 758 2121 eiusque
775 2052 895 2105 causae,
916 2036 1044 2104 lormae,
1065 2036 1157 2104 modi,
1177 2036 1292 2107 quibus
1313 2052 1393 2091 com·

151 2107 294 2162 mittitur.
326 2105 468 2162 Historia
494 2106 726 2177 prostitutionis
754 2106 786 2163 in
812 2106 946 2177 siugulis
971 2105 1118 2176 gentibus
1144 2106 1176 2161 in
1202 2106 1265 2161 anti
1290 2106 1394 2163 nitate.

150 2175 257 2231 medio
281 2190 359 2232 aevo
385 2181 416 2231 et
440 2183 582 2245 tempore
606 2176 786 2233 recentiore.
812 2176 941 2245 Causae,
969 2190 1049 2247 quae
1075 2175 1102 2230 ei
1127 2174 1243 2231 lavent.
1268 2122 1395 2231 ipoliti-

149 2244 305 2301 onismus.
330 2247 382 2302 lus
401 2250 432 2301 et
449 2244 588 2301 cilicium
609 2246 796 2316 reipublicae
821 2246 853 2301 ln
873 2246 930 2301 hac
955 2260 996 2301 re.
1027 2246 1118 2313 Medi,
1143 2242 1258 2315 quibus
1284 2244 1397 2315 prosti-

149 2314 232 2370 tutio
250 2315 431 2386 impugnari
450 2316 552 2371 dehet.

258 2384 337 2441 Cum
365 2391 505 2452 conatus,
532 2384 649 2455 quihus
668 2385 849 2455 prostitutio
877 2384 918 2439 im
944 2384 1131 2453 uguahatnr,
1160 2383 1229 2439 luse
1248 2389 1278 2439 st
1297 2384 1396 2439 critice

148 2461 351 2523 exponantur
369 2461 399 2511 et
424 2454 625 2525 explicentur,
649 2469 730 2524 opus
755 2455 814 2510 hoc
838 2468 925 2509 omni
949 2468 997 2521 us,
1025 2452 1079 2523 qui
1104 2454 1318 2525 oppugnando
1337 2454 1395 2509 hoc

150 2523 234 2579 malo
249 2540 377 2594 operam
392 2525 468 2580 dare
482 2524 597 2579 debent
609 2529 640 2579 et
654 2528 797 2595 possunt,
811 2538 923 2579 revera
934 2522 1083 2579 auxilium
1098 2522 1245 2579 eximium
1258 2524 1396 2593 praebet.

149 2592 200 2649 Ita
219 2592 301 2649 clare
320 2594 517 2665 perspicitur,
535 2594 812 2661 abolitionismum,
835 2592 885 2649 cui
905 2592 994 2648 multi
1021 2590 1139 2662 optima
1160 2600 1262 2648 mente
1282 2591 1399 2658 lavent,
1452 2648 1456 2659 ,

149 2662 237 2718 nullo
250 2664 344 2719 modo
354 2664 583 2719 admittendum
593 2679 672 2719 esse.
685 2662 947 2719 Efficacissimum
959 2662 1132 2717 remedium
1152 2669 1260 2717 contra
1293 2667 1396 2717 eccata

151 2732 292 2789 sexualia
312 2733 492 2804 religionem
511 2739 543 2790 et
560 2732 774 2789 educationem
794 2732 976 2789 catholicam
1002 2747 1069 2787 esse
1090 2730 1235 2788 Roidnek
1281 2732 1340 2799 icit,
1366 2737 1396 2787 ct

151 2802 294 2927 elficitum
322 2804 497 2929 pfrplzmdae
522 2803 714 2859 educationis
739 2802 900 2874 religiosae
925 2802 963 2857 ad
990 2800 1213 2871 rempublicam
1240 2800 1397 2871 pertinere

151 2886 171 2927 a
194 2887 261 2927 ere
303 2889 338 2928 ro
353 2888 362 2927 1
377 2889 394 2929 e
409 2889 456 2929 ur.

172 2888 193 2941 p
258 2888 337 3006 Qluia
361 2958 419 3012 per
437 2948 537 2999 totum
562 2958 643 3013 opus
668 2956 817 2997 excessus
837 2940 978 2997 sexuales
1004 2945 1178 2995 tractantur
1203 2956 1265 2995 non
1293 2939 1395 2994 solum

151 3026 190 3065 ex
211 3019 301 3079 parte
322 3011 494 3068 medicinali
520 3014 575 3069 sed
601 3012 694 3068 etiam
715 3010 833 3078 morali,
858 3010 956 3065 immo
975 3016 1004 3065 et
1030 3010 1184 3079 religiosa,
1209 3008 1280 3064 libri
1302 3008 1395 3065 huius

151 3095 287 3135 censura
305 3080 337 3136 in
363 3089 531 3153 conspectu
556 3089 666 3138 nostro
685 3080 786 3135 omitti
810 3096 872 3135 non
899 3080 1007 3149 potuit.
1042 3078 1217 3149 Esingulis
1244 3078 1394 3133 adnotare

151 3148 310 3217 volumus,
334 3150 410 3221 quid
434 3158 543 3207 contra
567 3153 706 3207 lamosas
730 3150 900 3205 sententias
926 3148 1006 3218 prol.
1027 3149 1202 3203 Lomhroso
1222 3147 1259 3203 de
1304 3146 1394 3202 ietate

152 3219 351 3275 meretricum
369 3220 458 3276 dicat
471 3222 553 3277 Bene
563 3220 741 3291 respondet,
752 3218 843 3289 signa
853 3218 980 3343 (pietatis
995 3233 1098 3273 earum
1115 3233 1177 3273 non
1194 3164 1394 3273 manifestare

151 3304 260 3344 veram
280 3289 434 3359 pietatem,
455 3291 510 3345 sed
524 3306 594 3346 esse
608 3290 755 3360 reliquias
775 3304 851 3357 quas
877 3302 925 3343 am
943 3287 1147 3343 conscientiae
1161 3286 1395 3356 peccaminosae

149 3361 181 3412 et
200 3358 348 3427 pudoris;
368 3364 503 3416 ceterum
526 3367 601 3416 sunt
619 3364 739 3415 tantum
761 3359 849 3429 signa
862 3362 988 3413 externa
1007 3363 1037 3412 et
1052 3355 1151 3439 pietas
1171 3356 1257 3437 falsa.
1280 3356 1318 3411 Et
1338 3356 1396 3409 hoc

151 3443 259 3483 rerum
279 3434 335 3483 est.
356 3429 472 3487 Nullibi
489 3431 649 3486 invenitur
667 3428 823 3495 sacerdos,
846 3427 898 3496 qui
923 3426 1005 3481 inter
1029 3442 1097 3497 pras
1123 3426 1256 3483 lemtnas
1284 3440 1396 3493 cogno-

152 3497 235 3553 verit
252 3499 443 3565 meretricem
463 3516 621 3571 nunquam
642 3498 689 3553 ire
710 3502 840 3554 uentant
857 3496 1017 3552 ecclesiam
1040 3495 1088 3553 vel
1108 3500 1310 3551 sacramenta.

257 3568 354 3624 Multa
372 3574 403 3625 et
421 3570 581 3639 praeclara
593 3569 667 3624 dicit
685 3513 724 3623 de
739 3568 874 3637 pernicie
887 3566 1088 3631 alcoholismi,
1100 3564 1285 3631 litterarum,
1306 3564 1395 3645 artis,

153 3636 275 3705 theatri,
296 3638 428 3693 maxime
447 3655 523 3695 vero
541 3640 581 3695 de
599 3638 818 3694 abominandis
836 3636 990 3691 abusibus
1008 3636 1040 3691 in
1054 3635 1193 3691 tabernis
1214 3635 1341 3689 vinarns
1361 3638 1391 3688 et

152 3706 304 3775 cauponis
324 3708 412 3763 etde
431 3709 553 3778 privata
570 3708 695 3763 luxuria
714 3707 746 3761 in
765 3707 810 3761 eis
830 3707 962 3775 vigente.
1202 3772 1209 3785 .

257 3776 373 3832 Verum
393 3778 552 3834 nonnullis
571 3777 646 3833 locis
665 3776 760 3833 nimis
778 3776 866 3831 indul
889 3791 943 3830 ere
962 3774 1088 3831 videtur
1106 3773 1227 3843 plucihs
1243 3772 1401 3853 Lomhro-

155 3843 252 3901 sianis
272 3846 312 3901 de
329 3845 436 3903 innata
453 3847 650 3903 inclinatione
676 3846 726 3903 vel
745 3848 951 3916 perversitate
976 3850 1006 3899 et
1032 3841 1283 3913 impossibilitate
1303 3856 1400 3897 corrr-

150 3914 246 4038 5endi
265 3916 358 3971 talem
378 3923 531 3972 naturam.
552 3918 724 3972 Lorubroso
739 3914 862 3980 multos,
882 3914 973 3969 etiam
995 3913 1112 3979 doctos
1132 3912 1233 3983 specie
1253 3911 1399 3993 copiosae

173 3984 312 4040 octrinae
331 3986 466 4042 seduxit.
484 3986 637 4056 Opinione
650 3987 718 4041 aius
737 3984 870 4040 liberum
887 3983 1052 4039 arbitrium
1066 3988 1207 4052 negatur.
1229 3982 1395 4061 Hominem

151 4068 214 4108 nou
238 4054 370 4111 dillerre
387 4071 406 4112 a
425 4057 519 4111 hruto
547 4056 607 4111 nisi
627 4056 744 4111 maiore
763 4054 948 4119 evolutione,
978 4051 1079 4107 scelus
1099 4067 1175 4107 vero
1194 4066 1264 4107 esse
1283 4050 1397 4119 aliqurd

151 4138 237 4179 mere
255 4125 558 4196 anthropologicum,
586 4124 784 4195 hiologicum,
812 4122 1078 4193 psychologicum,
1108 4120 1219 4175 sociale
1243 4120 1399 4175 statuitur.

151 4192 213 4247 Sed
233 4194 309 4249 haec
326 4195 447 4250 theoria
466 4210 536 4250 mox
554 4195 738 4265 impugnata
757 4198 805 4249 est
823 4199 854 4248 et
874 4192 987 4247 relicta.
1007 4190 1055 4246 Ita
1074 4190 1105 4245 in
1125 4204 1297 4259 congressu
1316 4188 1400 4243 Pari·

150 4262 248 4317 siensi
268 4266 336 4319 1889
355 4265 474 4333 (Rerue
499 4265 604 4322 scient.
631 4266 698 4321 1889
722 4262 846 4329 11687)
871 4268 901 4317 et
920 4262 950 4316 in
974 4274 1145 4330 congressu
1166 4257 1398 4339 Petropolitano

150 4332 219 4387 1890
237 4332 298 4387 iam
319 4334 465 4389 derelicta
484 4339 532 4389 est
551 4334 583 4400 (S
607 4334 723 4402 ascvid,
748 4333 820 4389 vide
839 4330 991 4386 Archives
1010 4330 1049 4383 de
1068 4330 1087 4384 l'
1108 4328 1293 4398 Anthropol.
1312 4342 1398 4382 crrm.

148 4402 219 4457 1890
231 4402 265 4457 V.
279 4404 330 4458 517
345 4406 391 4471 s.).
410 4404 494 4459 Fuse
512 4350 679 4459 diiudicata
697 4409 746 4459 est
764 4402 869 4472 opinio
883 4398 1105 4456 Lomhrosiana
1124 4398 1155 4453 in
1170 4396 1321 4479 Stimrnen
1342 4411 1399 4452 aus

150 4470 250 4551 liaris
265 4472 367 4528 Laach
380 4479 400 4528 t.
414 4475 457 4529 97.
476 4474 529 4529 Dr.
541 4473 686 4529 Roianek
700 4488 762 4528 non
774 4477 867 4595 negat
877 4471 1051 4551 libertatem
1063 4468 1207 4549 hominm,
1228 4466 1282 4521 sed
1298 4466 1400 4589 uulga-

150 4539 302 4597 brhtatem
323 4542 531 4601 meretricum.
560 4544 708 4599 seductus
726 4542 777 4597 illa
804 4546 817 4597 t
840 4553 1046 4607 conanimis
1076 4542 1187 4592 mmurt
1206 4541 1235 4591 ct
1257 4550 1345 4590 emen
1368 4550 1399 4616 a·

149 4608 303 4666 bilitatem
323 4627 430 4667 earum
456 4611 550 4668 nimis
568 4612 692 4683 exiguis
710 4611 853 4667 terminis
879 4608 956 4665 iiuit.
985 4608 1036 4663 Dr.
1058 4607 1136 4661 Baer
1160 4606 1398 4685 demonstravit,

150 4678 272 4735 calvam
293 4681 428 4737 hominis
447 4681 557 4737 nefarii
576 4682 608 4737 in
627 4681 711 4737 nulla
731 4697 764 4737 re
783 4679 913 4736 diilerre
932 4694 950 4733 a
968 4677 1055 4732 calva
1074 4676 1205 4731 aliorum
1227 4676 1398 4741 hommum,
