3450 5342
787 438 981 495 -236-

265 622 476 678 substituatur
494 627 540 687 tut
560 621 703 677 Giinther
722 621 828 688 voluit,
849 620 947 691 Lydia
967 635 996 689 p.
1009 621 1061 676 348
1076 622 1139 688 ss),
1159 619 1189 674 id
1226 619 1288 675 uod
1306 619 1397 675 Oonc.
1413 618 1504 673 Vatic.

262 692 345 747 Sess.
356 694 380 757 3,
391 692 430 747 de
440 690 544 746 fideet
554 698 610 746 rat.
621 706 667 745 cn.
677 693 694 745 2
704 691 875 746 damnavit.
895 690 940 747 Cf.
954 693 1066 759 Casop.
1078 690 1138 744 liat.
1152 689 1213 745 duo
1237 732 1243 743 .
1257 690 1333 757 1906,
1353 704 1381 757 p.
1394 689 1504 743 tua-3.

367 760 475 815 Restat
488 761 599 818 solum.
616 767 651 815 ut
663 765 839 824 annotetur,
858 776 920 815 non
934 760 1048 827 omnia,
1067 774 1147 841 quae
1160 758 1287 813 ecclesia
1301 756 1505 813 infallibiliter

262 830 396 885 definire
414 835 526 900 potest,
545 845 615 885 esse
634 830 790 900 dogmata.
828 830 905 885 Nam
927 830 1143 901 magisterium
1164 826 1375 883 authenticum
1395 826 1506 881 infalli-

264 899 324 955 bile
348 905 395 955 est
422 899 513 954 etiam
539 899 643 969 quoad
669 899 817 955 veritates
841 899 872 954 in
899 898 1087 956 revelatione
1111 896 1218 953 diviua
1243 896 1418 952 formaliter
1441 911 1505 950 non

264 975 434 1036 contentas,
464 976 615 1039 quantum
643 968 824 1039 requiritur,
851 974 886 1025 ut
910 969 1088 1040 depositum
1117 966 1317 1023 revelationis
1345 966 1503 1036 integrum

263 1038 467 1093 custodiatur.
500 1038 559 1105 (Cf.
579 1037 733 1103 Palmieri,
759 1039 802 1093 De
822 1054 901 1093 rom.
920 1038 1030 1109 pontif.
1050 1054 1078 1107 p.
1097 1038 1256 1102 til-177).
1289 1035 1380 1100 Quod
1400 1040 1505 1090 tamen

262 1122 333 1163 esse
351 1110 390 1161 de
408 1107 473 1163 fide
492 1114 609 1163 certum
631 1124 693 1163 non
713 1114 761 1163 est
780 1113 810 1163 et
850 1114 932 1163 otest
952 1108 1019 1164 sine
1040 1105 1160 1162 haeresi
1180 1105 1298 1176 negari.
1335 1103 1455 1170 Quodsi
1475 1120 1505 1173 p.

262 1179 314 1232 320
332 1192 370 1231 ex
389 1192 537 1231 concesso
557 1192 664 1231 errore
683 1177 722 1231 de
741 1124 944 1233 transI’atione
963 1179 1078 1233 domus
1098 1177 1290 1231 Lauretanae
1309 1172 1506 1229 concludItur

263 1261 375 1315 papam
389 1262 452 1301 non
465 1262 535 1301 esse
549 1246 742 1302 infallibilem
757 1246 788 1301 in
803 1248 898 1302 rebus
912 1247 1074 1317 liturgicis,
1094 1244 1230 1315 theologi
1245 1243 1377 1299 Romani
1396 1242 1505 1297 distin·

263 1332 359 1385 guere
379 1316 480 1370 solent
499 1332 557 1386 pro
576 1321 688 1371 natura
708 1317 761 1371 rei.
782 1318 918 1371 Ecclesia
938 1323 986 1373 est
1000 1315 1173 1371 infallibiIIs
1186 1314 1217 1369 iii
1231 1312 1393 1383 disciplina
1414 1328 1504 1382 gene

263 1384 319 1439 rali
340 1386 514 1452 statuenda,
541 1400 596 1440 seu
615 1385 646 1440 in
666 1386 789 1456 legibus
808 1391 838 1441 et
857 1384 1118 1451 ordinationibus,
1146 1383 1262 1455 quibus
1288 1382 1397 1438 fideles
1423 1381 1504 1451 regit

262 1454 302 1509 ad
319 1454 413 1509 finem
435 1454 595 1522 ecclesiae,
616 1456 772 1525 pertinent
791 1456 851 1511 huc
871 1456 959 1522 ritus,
979 1459 1151 1525 praecepta,
1171 1468 1329 1519 censurae,
1349 1450 1503 1522 quidquid

261 1523 294 1578 in
313 1524 381 1579 iure
400 1523 548 1579 canonico
571 1524 705 1580 habetur
729 1524 949 1581 universaliter
976 1529 1136 1580 statutum.
1175 1524 1211 1577 In
1230 1521 1394 1592 disciplina
1412 1520 1505 1575 eccle-

263 1592 387 1647 siastica
412 1593 499 1648 varia
524 1594 731 1661 continentur,
760 1600 933 1663 quaesunt
958 1593 1101 1649 instituta
1120 1609 1137 1648 a
1158 1590 1292 1659 Christo,
1319 1592 1403 1646 velut
1422 1590 1503 1645 ritus

262 1662 445 1717 essentiales
470 1662 501 1718 in
527 1663 798 1719 administratione
824 1668 1101 1731 sacramentorum,
1129 1661 1288 1727 sacrificiI;
1318 1661 1393 1716 haec
1412 1660 1438 1714 si
1458 1674 1503 1714 ec·

263 1732 356 1787 alesia
374 1739 516 1796 mutaret,
535 1739 656 1787 erraret
669 1733 700 1788 in
714 1748 748 1789 re
760 1732 843 1788 fidei.
866 1734 918 1802 Ea,
937 1749 1016 1804 quae
1035 1731 1217 1788 auctoritate
1236 1730 1365 1812 propria
1385 1728 1501 1797 statuit,

262 1807 293 1855 et
310 1815 390 1871 quae
410 1807 505 1857 totam
526 1802 685 1857 ecclesiam
707 1802 755 1857 vel
776 1818 921 1872 magnam
941 1803 1008 1858 eius
1027 1810 1148 1872 partein
1169 1800 1348 1871 respiciunt,
1377 1813 1504 1861 semper

264 1879 338 1926 sunt
356 1871 386 1925 iu
408 1886 441 1926 se
461 1872 557 1937 hona3
578 1887 648 1926 nain
669 1871 739 1926 fieri
758 1888 820 1927 non
840 1877 952 1941 potest,
971 1877 1005 1928 ut
1017 1871 1159 1941 imponat
1173 1870 1264 1925 nobis
1279 1870 1363 1925 Deus
1376 1867 1502 1938 aliquid,

262 1941 347 2009 quod
368 1940 408 1995 sit
427 1946 535 1995 contra
554 1957 660 1996 veram
682 1942 885 2005 sanctitatem,
914 1942 1029 1997 malum
1050 1942 1100 2007 (cf.
1121 1941 1173 1995 Mt.
1194 1942 1233 2007 16,
1255 1940 1315 2007 19);
1344 1943 1373 1993 et
1391 1952 1504 1992 revera

263 2010 392 2064 ecclesia
410 2010 443 2065 in
462 2010 599 2064 conciliis
618 2010 825 2065 oecumenicis
845 2026 938 2080 saepe
957 2011 1028 2066 tulit
1051 2012 1137 2081 leges
1161 2008 1379 2079 disciplinares
1404 2012 1508 2062 aucto-

267 2077 358 2133 ritate
377 2080 483 2133 divina
503 2080 563 2134 sibi
582 2080 700 2135 tributa
720 2080 840 2145 (Visum
857 2085 905 2135 est
919 2080 1049 2151 Spiritui
1065 2096 1089 2134 s.
1101 2085 1132 2135 et
1145 2079 1257 2145 nobis),
1278 2085 1308 2133 et
1327 2076 1507 2143 sententias,

265 2148 381 2271 §uibus
396 2149 453 2203 hoc
467 2150 515 2203 ius
530 2157 671 2218 negatur,
682 2149 843 2204 damnavit
853 2150 959 2214 tConc.
971 2150 1054 2205 Trid.
1067 2150 1150 2205 Sess.
1162 2152 1202 2215 13,
1213 2164 1259 2203 cn.
1269 2150 1286 2203 6
1297 2164 1330 2215 s.;
1342 2148 1383 2211 24,
1395 2161 1440 2201 cn.
1453 2148 1508 2211 11).

294 2233 334 2271 on
360 2225 463 2273 autem
491 2233 616 2287 semper
640 2225 670 2273 et
698 2220 800 2274 omnis
828 2219 992 2289 disciplina
1020 2218 1225 2275 ecclesiastica
1254 2216 1430 2273 necessario
1458 2219 1507 2269 est

265 2294 442 2356 opportuna
456 2288 547 2343 etiam
586 2304 621 2342 ro
636 2287 769 2357 siugulis
784 2288 982 2412 reqionibum
1002 2289 1069 2359 lpse
1083 2294 1170 2343 actus
1182 2285 1387 2357 legislationis
1401 2288 1505 2354 potest

263 2372 333 2411 esse
352 2356 547 2426 imprudens.
596 2357 706 2412 cclesia
725 2365 772 2412 est
791 2358 821 2413 iu
838 2358 962 2414 allibilis
976 2358 1007 2413 in
1022 2358 1165 2413 sollemni
1185 2362 1364 2411 sanctorum
1385 2353 1506 2409 canoni-

265 2426 393 2492 zatione,
422 2432 452 2481 et
477 2426 568 2481 etiam
595 2427 628 2481 in
654 2426 870 2497 aequivalenti,
898 2443 967 2482 cum
995 2442 1035 2481 sc.
1060 2426 1156 2498 aliqui
1181 2442 1198 2481 a
1224 2431 1287 2481 tota
1313 2424 1440 2495 ecclesia
1464 2424 1507 2479 ita

265 2496 418 2561 coluntur,
438 2502 473 2550 ut
485 2496 620 2551 debeant
632 2495 699 2563 coli,
719 2502 753 2551 ut
767 2512 808 2551 sc.
822 2497 957 2552 habeant
970 2496 1119 2552 officium.
1141 2496 1198 2551 Est
1211 2496 1243 2550 in
1258 2496 1315 2550 boc
1327 2492 1508 2560 infallibilis,

263 2563 416 2645 quia-sibi
436 2565 467 2620 id
487 2565 654 2631 adscribit;
681 2566 761 2620 ratio
780 2572 882 2621 autem
904 2573 960 2633 est,
979 2565 1053 2690 quia
1072 2566 1192 2621 colendi
1213 2570 1287 2621 sunt
1307 2564 1405 2618 sancti
1424 2563 1508 2633 iique

265 2650 326 2688 non
346 2650 378 2688 in
397 2635 564 2702 abstracto
591 2636 645 2690 sed
670 2635 702 2689 in
722 2643 867 2691 concreto
892 2636 950 2702 (CI.
1003 2650 1060 2690 ura
1079 2636 1118 2691 de
1137 2635 1246 2690 hocin
1267 2632 1411 2689 Katholili
1431 2634 1507 2698 1905,

264 2703 297 2783 1.,
311 2705 385 2784 2901
402 2704 522 2784 Quodsi
536 2706 664 2761 ecclesia
678 2706 814 2760 celebrat
827 2706 942 2760 festum
957 2652 996 2761 de
1009 2705 1113 2775 aliquo
1127 2706 1217 2773 facte,
1230 2710 1265 2759 ut
1278 2704 1309 2758 iii
1325 2700 1506 2757 memoriam

264 2772 457 2827 liberationis
486 2773 575 2828 urbis
604 2775 790 2829 Viennensis
818 2792 836 2830 a
864 2775 983 2843 Tarsia,
1017 2774 1048 2830 in
1078 2774 1260 2830 memoriam
1293 2771 1506 2828 translationis

263 2842 378 2897 domus
392 2844 593 2910 Lauretanae,
614 2844 796 2912 stigmatum
813 2859 837 2898 s.
852 2844 1019 2911 Francisci,
1034 2844 1204 2915 quaeritur,
1226 2843 1305 2899 sitne
1319 2841 1378 2896 tale
1389 2841 1505 2896 festum

264 2911 493 2981 praescriptum
522 2928 579 2981 pro
606 2917 669 2967 tota
694 2913 830 2981 ecclesia,
859 2930 899 2968 an
924 2918 1043 2969 tantum
1071 2914 1262 2983 permissum
1289 2926 1347 2981 pro
1371 2910 1424 2978 eie,
1452 2909 1506 2991 qui

265 2980 432 3050 postulant,
458 2982 582 3051 etquid
603 2983 643 3036 sit
662 2982 817 3038 obiectum
844 2982 1028 3051 primarium
1054 2984 1141 3047 festi;
1174 2982 1200 3037 si
1219 2988 1267 3037 est
1287 2980 1342 3036 toti
1361 2980 1506 3035 ecclesiae

264 3048 491 3173 Braescriptum
513 3058 543 3105 et
563 3052 588 3105 si
608 3052 712 3121 ipsum
733 3052 848 3107 factum
869 3057 917 3107 est
936 3052 1091 3107 obiectum
1111 3052 1306 3123 primarium,
1331 3054 1379 3105 est
1397 3046 1506 3103 Infalli·

286 3118 367 3173 iliter
387 3120 592 3188 propositum.
1284 3122 1319 3176 A.
1337 3107 1472 3189 spatiis.

365 3257 476 3317 fontei
494 3258 670 3328 theologias
692 3259 862 3318 onentalti.
893 3260 980 3315 Docti
1009 3260 1088 3317 Galli
1109 3262 1133 3315 1.
1153 3262 1184 3316 B.
1212 3262 1341 3327 chabor,
1361 3260 1385 3314 1.
1404 3257 1506 3325 Guidi,

264 3326 303 3382 H.
323 3327 529 3409 ‚Hyvernant
558 3328 590 3408 B.
620 3328 716 3383 Carra
744 3330 782 3383 de
811 3330 896 3384 Vaux
925 3330 1020 3385 altum
1060 3330 1155 3385 finem
1185 3346 1277 3386 suum
1316 3330 1504 3411 scriptorum

264 3398 506 3452 christianorum
545 3398 740 3452 orientalium
778 3399 978 3467 antiquorum
1011 3400 1215 3470 syriacorum,
1253 3399 1506 3467 aethiopicorum,

264 3468 470 3533 arabicorum,
490 3467 696 3534 cepticoruml
711 3484 727 3521 e
743 3469 964 3539 manuscriptis
984 3470 1176 3525 edendorum
1192 3470 1348 3539 latinaque
1361 3468 1505 3523 versione

264 3536 523 3591 instruendorum
538 3537 569 3591 in
584 3554 602 3591 o
626 3552 678 3591 ere
691 3537 887 3619 amplissimo
904 3538 1075 3608 »Corpus
1091 3540 1330 3608 scriptorum
1352 3536 1507 3592 christi·

265 3621 425 3660 snorum
446 3553 717 3661 orieniaIiuin«
744 3606 895 3675 inscripto
921 3608 1057 3663 maxima
1085 3607 1242 3665 industria
1262 3611 1506 3677 prosequuntur.

265 3675 353 3729 Inter
371 3683 490 3729 ceteras
510 3674 661 3730 editiones
681 3676 803 3731 criticas
822 3676 940 3757 prodIit
960 3678 1088 3733 Parisiis
1107 3679 1166 3733 iam
1182 3692 1263 3733 anno
1278 3673 1508 3733 MDccccssI.

264 3745 339 3825 curii
361 3744 399 3800 H.
421 3744 560 3798 Labourt
588 3746 766 3813 »Expositio
794 3746 968 3816 Liturgiae‹
996 3747 1077 3817 (Syr.
1104 3748 1193 3804 seriei
1213 3748 1256 3803 II.
1283 3751 1357 3801 tom.
1378 3742 1504 3811 XCIII.)

265 3814 407 3882 Dionysii
428 3813 489 3867 Bar
507 3814 615 3888 §alibi
635 3814 844 3871 Iacobitaruin
864 3816 1002 3886 episcopi
1022 3818 1223 3873 Maras-ensis
1240 3816 1282 3885 (in
1299 3815 1423 3882 Cilicia),
1437 3814 1507 3869 dein

267 3882 489 3951 Mabbcgensis
529 3883 721 3953 (Hierapolis
755 3886 793 3939 ad
830 3886 1036 3954 Euphratem)
1066 3894 1096 3942 et
1130 3888 1254 3942 tandem
1293 3884 1506 3955 metropolitae

263 3951 443 4032 Amidensis
455 3951 498 4018 (in
512 3954 757 4023 blesopotamio).
771 3954 871 4018 Quem
887 3956 1070 4025 scriptorem
1084 3957 1114 4037 (γ
1130 3958 1209 4024 1171)
1221 3954 1349 4026 plurimi
1359 3954 1505 4009 iacientes

265 4024 337 4091 Syri
369 4021 541 4076 »doctorem
573 4022 864 4092 eloquentissimum
886 4029 916 4079 et
942 4024 1030 4080 sidus
1059 4040 1108 4081 sin
1136 4025 1265 4081 saeculi«
1293 4029 1413 4080 vocant
1434 4023 1506 4092 Ipse

263 4093 465 4155 assemanus,
494 4091 587 4145 iudex
607 4092 637 4146 in
658 4094 753 4148 rebus
774 4093 905 4162 syriacis
934 4095 1018 4149 omni
1038 4095 1216 4165 exceptione
1247 4095 1346 4149 maior
1374 4098 1507 4149 testatur

262 4160 301 4215 de
321 4176 357 4215 eo
386 4160 476 4227 (Bibl.
504 4162 613 4215 orient.
644 4163 676 4215 T.
697 4162 746 4230 11,
767 4178 795 4231 p.
817 4165 892 4233 tan:
920 4163 1068 4233 »Scripsit
1095 4165 1155 4219 Bar
1185 4164 1347 4220 Salibaeus
1375 4160 1507 4232 eleganti

263 4244 408 4285 sermone
423 4228 554 4310 syriaco.
568 4230 726 4300 multaque
736 4232 858 4287 erudita
870 4232 1037 4301 volumina,
1052 4234 1211 4304 inquibus
1224 4233 1300 4289 nihil
1312 4234 1378 4288 fere
1390 4230 1508 4301 optimo

263 4300 409 4369 theologo
437 4299 602 4368 indignum
629 4300 768 4362 occurrit.
795 4302 820 4355 si
851 4303 1145 4374 blonophysitarum
1184 4302 1338 4359 haeresim
1364 4300 1510 4371 excipias,

262 4384 356 4439 quam
377 4368 494 4438 ubique
514 4375 703 4450 propugnat.

369 4438 393 4492 Ε
413 4439 592 4492 numerosis
612 4454 679 4493 eius
699 4439 825 4508 scriptis
846 4442 1018 4497 novissime
1038 4448 1111 4497 toni.
1124 4441 1265 4499 XCVIII.
1282 4439 1373 4497 seriei
1388 4439 1429 4494 11.
1444 4453 1510 4509 syr.

264 4508 294 4562 in
313 4508 439 4562 laudata
459 4507 637 4562 collectione
660 4508 832 4564 =C.S.1Ch.
853 4510 892 4564 Ia
909 4516 1013 4566 textus
1028 4512 1179 4582 syriacus.
1200 4509 1505 4568 Commentariorum

263 4577 295 4632 in
317 4576 502 4657 Evangelia«
524 4592 592 4630 cum
610 4578 771 4656 'versionis
797 4578 909 4635 latinae
937 4580 1085 4637 fasciculo
1105 4582 1129 4636 Ι.
1149 4598 1207 4652 pro
1236 4582 1353 4637 Romae
1380 4576 1505 4649 prodiit.

264 4647 364 4710 Quam
385 4646 522 4700 criticim
543 4646 710 4714 editionem
731 4662 867 4703 necnon
888 4648 1064 4705 versionem
1087 4653 1138 4706 Dr.
1156 4650 1221 4706 Iar.
1237 4649 1395 4715 Sedlacek,
1409 4644 1505 4703 studii
1552 4670 1555 4680 ⁴

265 4715 370 4769 biblici
385 4716 417 4768 V.
432 4715 465 4770 T.
480 4719 512 4769 et
524 4714 704 4784 liuguarum
724 4715 921 4773 orientalium
942 4718 1096 4775 facultatis
1116 4719 1306 4790 theologicae
1326 4716 1504 4773 bohemicae
