3450 5342
688 478 880 533 -225-

155 657 245 713 multi
257 674 295 714 ex
306 673 349 724 eo,
363 659 417 728 qui
430 675 542 730 inagna
553 661 683 728 penuria
696 662 928 729 premebantur,
940 660 1118 716 rebellionis
1128 661 1224 716 duces
1238 661 1309 716 facti
1322 668 1405 716 sunt.

155 727 334 782 Secundum
358 728 473 782 inultos
494 730 620 784 rebellio
646 731 799 785 abusibus
826 731 999 785 remedium
1026 730 1157 785 allatura
1182 739 1257 785 erat.
1287 731 1401 786 Verum

157 797 285 866 praelati
315 798 372 851 hoc
399 797 572 868 intelligere
598 799 779 870 noluerunt,
803 833 833 840 —
860 800 991 854 inferior
1026 807 1145 855 tantum
1176 800 1277 854 clerus
1308 801 1404 856 libere

153 866 377 922 ‘Constitutioii
404 867 526 948 civique
552 868 594 923 du
620 869 731 937 clergc‘
760 877 925 939 acceptans
950 870 989 923 ad
1009 885 1139 939 eamque
1170 870 1401 924 observandam

155 935 358 991 iureiurando
389 938 598 1007 adstringens,
626 957 736 992 »raiciiii
770 943 929 1009 oopiiaoiis
959 956 1160 1008 riaropiircriio
1187 957 1324 1007 :canciani
1352 958 1404 995 uro

157 1007 355 1075 iroiic'riiryiilii
382 1025 416 1060 iie
445 1025 667 1076 aarporiiiiaern,
704 1027 739 1062 iiii
766 1027 939 1072 cormarcus,
968 1013 1062 1078 aspin,
1088 1027 1125 1062 iiii
1154 1026 1303 1078 scranoii'c
1323 1016 1407 1064 boro-

156 1079 381 1144 capiiic6iiiixrn,
415 1094 587 1146 iiopn'iiron'n
618 1096 635 1132 ii
668 1096 802 1147 iipasiiii'i,
831 1077 1002 1148 iiepironiioii
1029 1095 1245 1142 aiicunuaiiiisi«
1281 1086 1320 1148 lp.
1350 1081 1403 1150 is).

159 1145 270 1212 Verbo,
306 1153 414 1199 auctor
448 1147 654 1201 ecclesiam
684 1148 796 1216 plene
828 1147 1024 1217 potestati
1058 1147 1168 1202 cirili
1204 1147 1402 1203 subditam

156 1229 348 1283 supponens,
370 1230 431 1280 eos,
451 1215 505 1285 qui
519 1215 737 1272 iusiurandum
756 1217 929 1272 emiserunt
944 1223 974 1271 et
986 1217 1025 1270 ad
1039 1232 1138 1272 novas
1152 1217 1403 1272 circumstantias

156 1299 227 1338 sese
246 1285 569 1344 accommodaverunt.
589 1285 695 1340 laudat
708 1301 824 1356 eosque
840 1287 925 1340 solos
940 1291 1021 1340 recte
1040 1286 1144 1356 egisse
1158 1287 1355 1356 perlongum
1373 1293 1403 1342 et

158 1352 257 1406 latiiin
279 1353 483 1409 demonstrat.

262 1421 450 1494 Gi¹eoeslraja
469 1425 593 1479 cerkov‘
614 1441 631 1478 v
647 1422 727 1478 ltalii
749 1424 899 1482 (Ecclesia
918 1425 1038 1479 Graeca
1056 1423 1088 1478 in
1104 1424 1203 1482 ltalial
1222 1423 1272 1490 11,
1291 1426 1405 1480 29-51.

261 1493 376 1546 Auctor
405 1507 628 1562 anonymus
647 1495 685 1548 de
705 1493 850 1548 ecclesiae
869 1494 901 1548 in
922 1493 1010 1548 italia
1030 1493 1160 1563 origine,
1181 1500 1286 1548 utrum
1309 1493 1404 1548 fuerit

156 1559 275 1615 Graeca
289 1577 327 1616 aii
344 1563 459 1626 Latina,
472 1562 610 1632 inquirit.
623 1563 813 1632 Praepriiiiis
828 1564 866 1617 de
881 1563 970 1619 Italia
983 1563 1131 1618 inferiore
1144 1564 1217 1632 agit.
1236 1563 1404 1618 Existimat

155 1638 260 1684 autem
280 1631 424 1686 ccclesias
439 1631 545 1687 ltaliae
559 1632 716 1686 inferioris
736 1633 830 1688 ritum
851 1631 989 1702 linguam
1015 1648 1053 1687 ue
1073 1633 1223 1687 Graecam
1244 1633 1401 1700 habuisse,

157 1701 333 1754 —sacculo
359 1717 434 1755 vero
462 1701 513 1756 III
539 1708 569 1756 et
593 1701 643 1756 IV.
670 1701 763 1757 ritum
791 1709 821 1756 et
840 1702 978 1770 linguam
1032 1702 1147 1757 atinam
1178 1701 1401 1771 praevaluisse.

156 1770 361 1837 Argumenta,
390 1785 459 1824 cum
490 1771 638 1826 historica
666 1773 852 1826 documenta
881 1771 992 1838 desint,
1019 1787 1058 1826 ex
1082 1787 1118 1826 eo
1143 1771 1289 1836 desumit,
1316 1771 1401 1843 quod

156 1838 252 1906 primi
271 1839 507 1908 principaliores
533 1840 637 1909 episco
662 1840 670 1895 i
697 1839 817 1895 Siciliae
836 1857 875 1896 cx
895 1840 1022 1896 Oriente
1041 1840 1159 1895 fuerint
1177 1847 1207 1895 et
1227 1842 1300 1895 Acta
1322 1855 1402 1895 mar·

153 1913 260 2030 Ὗηιιῃ
290 1909 467 1978 antiquiora
496 1910 601 1978 lingua
631 1857 748 1966 &caeca
776 1910 952 1978 conscripta
982 1909 1051 1964 siut.
1084 1909 1161 1966 Guiii
1189 1910 1327 1965 historici
1356 1926 1401 1965 ec-

153 1977 318 2032 cesiaruin
349 1979 506 2032 inferioris
538 1978 645 2034 Italiae
674 1980 799 2034 denium
832 1995 910 2034 saec.
939 1979 1036 2043 Vlll,
1065 1979 1113 2034 vel
1144 1980 1242 2034 altero
1271 1979 1402 2034 dimidio

155 2062 232 2100 saec.
263 2047 332 2101 Vll.
361 2049 512 2103 Graecum
543 2049 637 2104 ritum
669 2049 802 2104 maxime
834 2054 1042 2118 propagatum
1071 2049 1171 2103 fuisse
1200 2054 1346 2115 statuant,
1369 2079 1398 2090 -

155 2123 264 2170 auctor
290 2117 349 2172 iam
380 2119 469 2186 prius
496 2119 552 2173 hoc
577 2119 691 2173 factum
721 2134 791 2173 esse
817 2119 992 2177 contendit:
1012 2118 1107 2188 idque
1126 2117 1152 2173 ei
1172 2133 1268 2188 opera
1292 2119 1400 2188 lingua

155 2184 274 2239 Graeca
295 2202 371 2240 saec.
392 2187 505 2242 Iv-X.
525 2189 700 2257 conscripta
720 2188 862 2243 evincere
882 2187 1038 2242 videntur.
1424 2225 1428 2233 ι

260 2255 418 2319 Quaedam
432 2257 709 2313 animadvertenda
723 2258 879 2313 videntur:
902 2257 1042 2312 Primum
1056 2257 1169 2322 nescio,
1189 2271 1229 2311 au
1248 2272 1311 2312 non
1325 2257 1399 2326 legi-

156 2323 232 2378 tima
256 2325 296 2379 sit
324 2327 397 2380 haec
421 2327 557 2382 auctoris
582 2327 827 2398 argumentatio:
854 2326 966 2396 primis
991 2327 1117 2382 duobus
1140 2325 1271 2382 saeculis
1291 2327 1401 2396 lingua

154 2393 361 2448 ecclesiastica
380 2395 439 2450 fuit
459 2396 583 2463 Graeca,
611 2413 687 2466 ergo
708 2397 798 2451 etiam
821 2396 901 2450 ritus
920 2396 980 2451 luit
1000 2396 1147 2457 Giaecus,
1167 2426 1200 2436 -
1220 2396 1400 2466 Graeceque

156 2463 291 2532 populus
318 2465 511 2534 loquebatur.
535 2465 576 2520 De
596 2465 712 2520 rituum
733 2466 815 2520 enim
836 2464 1018 2520 diversitate
1039 2464 1150 2533 primis
1169 2480 1260 2520 aerae
1278 2465 1400 2520 christi·

153 2547 232 2586 anae
252 2533 447 2602 temporibus
476 2549 671 2605 nequaquam
700 2551 804 2589 sermo
828 2550 899 2589 esse
919 2551 1013 2603 posse
1040 2535 1172 2589 videtur.
1193 2534 1343 2589 Similiter
1361 2535 1400 2589 de

154 2601 252 2724 {itera
276 2603 412 2658 auctoris
438 2604 591 2673 opinione,
622 2605 736 2674 vulgus
766 2605 872 2674 lingua
893 2605 1010 2658 Graeca
1039 2619 1131 2658 usum
1157 2619 1235 2669 esse,
1263 2603 1399 2658 iudican-

178 2687 231 2725 uin
252 2677 307 2726 est.

260 2742 402 2796 Secundo
433 2743 508 2797 nulli
539 2743 683 2804 iniuriam
716 2742 828 2797 factam
861 2757 931 2796 esse
963 2756 1137 2805 censemus,
1166 2741 1192 2795 si
1222 2756 1300 2796 saec.
1327 2740 1400 2796 111⁰.

155 2809 262 2879 lingua
283 2811 391 2866 Latina
410 2817 445 2866 ut
463 2812 667 2866 ecclesiastica
688 2825 743 2880 per
762 2817 856 2866 totam
879 2811 1000 2866 Italiam
1020 2811 1197 2866 introducta
1217 2811 1265 2865 sit.

262 2879 300 2934 Et
318 2895 398 2950 quae
417 2882 455 2936 de
476 2882 554 2936 ritus
575 2881 683 2937 Graeci
704 2886 788 2936 sorte
807 2886 837 2936 et
856 2879 1073 2950 persecutione
1092 2878 1173 2946 dicit,
1200 2879 1290 2934 valde
1309 2879 1397 2935 dubi-

155 2950 287 3004 tandum
309 2955 364 3018 est,
386 2966 458 3005 num
480 2951 570 3006 factis
590 2950 747 3006 historicis
767 2949 954 3005 conveniant
973 2949 1040 3016 (cfr.
1060 2965 1088 3017 p.
1108 2951 1141 3004 33
1161 2965 1176 3004 s
1201 2952 1227 3016 .).

259 3018 295 3074 N.
319 3020 430 3074 Petico.-
455 3021 624 3091 Kievskaja
651 3019 834 3089 Akademija
855 3037 873 3074 v
893 3024 1093 3100 getmanstvo
1118 2965 1227 3073 Kiriila
1253 3019 1305 3074 Gr.
1326 3019 1400 3073 Raz·

154 3089 352 3213 iliiuogilskggo
372 3090 430 3160 (De
450 3090 614 3144 Academia
635 3089 794 3146 Kioviensi
821 3090 1001 3144 dominante
1022 3086 1139 3157 Cyrillo
1160 3088 1398 3158 Razumovsliij)

192 3199 206 3224 .,
333 3203 337 3212 .

260 3228 372 3282 Petrov
399 3229 437 3283 de
456 3227 638 3283 Academiae
658 3228 692 3282 K.
711 3244 736 3283 a.
757 3228 936 3282 irco-1763.
962 3232 1044 3282 statu
1073 3226 1244 3292 disserena,
1262 3225 1302 3280 ad
1322 3226 1398 3280 liaec

155 3296 311 3365 pervenit:
340 3295 562 3368 Razumcvsliij
585 3297 652 3367 ipse
671 3313 741 3353 cuin
762 3296 835 3351 cleri
853 3295 1011 3351 influxum
1031 3302 1061 3350 et
1079 3294 1200 3350 reditus
1219 3294 1397 3364 deprimere

152 3371 184 3420 et
204 3365 343 3421 minuere
363 3373 536 3436 conaretur,
556 3383 592 3422 eo
612 3367 681 3436 ipso
700 3365 791 3421 etiam
812 3364 1003 3433 Academiae,
1023 3380 1104 3446 quae
1116 3364 1259 3420 futurum
1279 3365 1397 3419 clerum

151 3434 312 3502 educabat,
327 3451 389 3490 non
404 3436 534 3491 multum
550 3437 675 3492 favebat
694 3436 840 3518 nullaque
854 3433 996 3490 subsidia
1015 3450 1041 3490 ei
1056 3432 1200 3503 specialia
1221 3433 1400 3503 praebebat.

259 3505 388 3575 Metrop.
408 3505 589 3561 Timotheus
616 3497 793 3576 Scarbaclii]
822 3506 1027 3570 (iris-1757),
1052 3503 1250 3583 Academiam
1272 3508 1394 3584 tautum

154 3578 189 3628 ut
208 3573 425 3631 dioecesanum
446 3575 623 3631 institutum
650 3575 862 3638 considerans,
888 3588 956 3628 eain
978 3572 1038 3627 sibi
1058 3573 1147 3642 plene
1167 3573 1306 3627 subiecit.
1327 3573 1396 3626 Non

152 3643 298 3698 obstante
326 3645 551 3700 consuetudine
579 3645 646 3714 ipse
674 3645 874 3726 professores
894 3647 925 3698 et
943 3647 1096 3697 rectorem
1126 3641 1275 3712 eligebat3
1308 3642 1398 3722 disci·

153 3711 269 3834 filinam
289 3728 324 3768 ac
344 3715 525 3770 methodum
551 3715 681 3770 docendi
701 3714 739 3769 ad
760 3713 882 3768 libitum
910 3712 1065 3777 mutabat,
1091 3711 1289 3780 professores
1309 3716 1396 3765 iuxta

165 3781 252 3836 ibros
277 3781 460 3852 impressos,
491 3799 552 3839 non
573 3799 588 3838 e
608 3783 674 3838 suis
695 3783 829 3852 scriptis,
857 3782 982 3837 tradere
1007 3783 1153 3850 cogebat;
1180 3780 1315 3850 denique
1342 3795 1399 3862 nec

155 3851 357 3907 materialiter
385 3853 516 3908 multum
546 3853 742 3908 Academiam
771 3853 907 3907 iuvabat.
938 3849 1015 3905 Eius
1044 3865 1216 3916 successor,
1246 3851 1398 3905 Arseuius

155 3919 345 3990 Migilanskij
366 3923 557 3991 (aba.1758t
581 3923 768 3978 contrariam
790 3922 982 3992 sequebatur
1013 3919 1111 3975 viam:
1133 3919 1249 4000 maiore
1268 3919 1398 3974 donavit

154 3990 353 4070 professores
378 3991 521 4048 libertate
546 3998 611 4048 tum
638 3993 669 4046 in
695 3991 847 4058 eligendis
876 3996 996 4046 rectore
1014 3995 1044 4044 et
1064 3990 1300 4058 professoribus
1330 3995 1396 4044 tuin

153 4075 185 4113 in
205 4060 466 4185 praelegtionibus
495 4061 656 4126 habendis,
683 4063 814 4117 multum
841 4075 968 4131 quoque
995 4059 1195 4114 materialiter
1213 4057 1396 4114 Academiae

156 4143 304 4184 succurre
329 4136 367 4186 at.

258 4199 428 4255 Maximum
459 4200 583 4268 malurn,
608 4215 671 4270 quo
697 4199 861 4255 Academia
892 4199 976 4253 hisce
1005 4197 1199 4267 temporibus
1226 4197 1398 4263 laborabat,

152 4265 211 4323 fuit
232 4269 449 4336 professorum
477 4275 570 4340 atque
590 4270 691 4340 ipsius
717 4269 901 4325 Academiae
929 4273 1108 4338 paupertas,
1134 4282 1190 4322 nec
1216 4281 1287 4331 non,
1312 4268 1397 4337 quod

152 4336 351 4405 professores
373 4340 421 4394 vel
440 4341 552 4395 crebro
571 4341 775 4395 mutabantur
794 4338 841 4392 vel
863 4337 940 4391 tales
959 4342 1048 4390 erant
1067 4336 1266 4405 professores
1286 4340 1316 4391 et
1335 4352 1397 4392 rec·

153 4411 238 4460 tores
258 4438 290 4448 -
311 4408 404 4477 idque
425 4409 550 4479 saepius
570 4438 601 4449 -
621 4409 675 4490 qui
688 4415 778 4462 antea
797 4407 866 4461 aliis
880 4405 993 4461 officiis
1010 4405 1149 4460 defuncti
1164 4411 1261 4460 erant.
1276 4404 1399 4460 Profes-

154 4490 243 4530 sores
263 4477 434 4546 generatim
455 4494 472 4534 e
493 4479 652 4533 monachis
672 4477 924 4532 assumebantur.
986 4543 992 4552 ι
1308 4542 1343 4554 ..
1409 4489 1415 4502 ·

257 4547 411 4616 Attamen,
430 4554 465 4602 ut
483 4547 557 4604 iusti
584 4547 691 4610 simus,
718 4545 883 4601 Academia
909 4547 1068 4598 nominato
1087 4548 1237 4612 tempore,
1256 4550 1315 4598 etsi
1335 4558 1395 4597 iam

153 4615 303 4683 paulatim
323 4616 480 4671 influxuin
501 4633 592 4672 suuni
613 4617 755 4671 amittere
774 4614 949 4683 incipiebat,
969 4626 1167 4682 nequaquam
1188 4617 1291 4667 tamen
1310 4613 1396 4666 omni

155 4683 262 4740 valore
282 4691 312 4740 et
330 4685 360 4740 di
386 4686 482 4742 nitate
500 4685 650 4742 destituta
669 4685 768 4740 fuisse.
787 4683 943 4738 censenda
961 4687 1016 4736 est.

257 4702 497 4824 Disciplinarum
523 4755 718 4837 singularum
746 4753 847 4808 solum
878 4758 1005 4806 status
1034 4752 1092 4805 hoc
1110 4755 1252 4820 tempore
1271 4751 1303 4804 in
1322 4750 1395 4804 Aca·

150 4823 254 4880 demia
274 4824 409 4894 vigentis
429 4826 670 4895 descriptionem
692 4825 823 4880 libenter
842 4838 877 4877 ac
895 4824 986 4892 grato
1009 4818 1114 4874 auimo
1133 4818 1405 4876 desideraremus.
