3450 5342
693 409 886 462 -145-

167 579 248 635 libro
275 597 333 651 pro
359 583 496 653 positiva
514 585 737 656 psychologiae
755 588 865 644 notitia
885 589 996 660 capies.
1023 591 1161 648 Studiosi
1188 593 1220 649 in
1245 596 1412 652 academiis

163 674 194 723 et
222 668 402 724 seminariis
430 670 565 728 libenter
595 672 718 728 lectioni
750 673 844 730 huius
873 675 946 732 libri
974 679 1139 736 vacabunt:
1171 683 1410 740 commendatur

162 756 244 810 enim
264 756 417 826 elegantia
444 757 571 828 linguae
589 774 652 814 non
672 761 777 816 minus
796 777 891 832 quam
912 764 999 834 copia
1019 767 1309 835 experimentalium
1331 772 1410 826 noti.

164 845 278 900 tlarum
298 850 328 898 ct
347 843 543 913 expositione
562 861 668 902 rerum
689 846 845 906 historica.
1336 857 1373 910 Μ.

666 1006 910 1086 RUSSICA.

248 1136 292 1208 A.
309 1141 516 1228 Pruyavitu
542 1145 791 1214 Peculiosum
811 1166 1048 1232 camenctum.
1073 1149 1210 1238 Oseprcu
1233 1173 1411 1238 conpensu·

162 1253 243 1294 nuo
259 1251 491 1294 cancamum.
516 1229 739 1318 (ltetlpluznye
758 1231 988 1320 utitepcncy.)
1012 1235 1167 1324 lletlpiust
1190 1239 1413 1310 schismatici.

162 1321 229 1379 Duo
252 1319 394 1379 iasciculi.
417 1321 585 1380 Morcus-iae
611 1323 701 1381 1906.
727 1322 907 1403 cst-lum.

267 1418 437 1489 Prugavin,
463 1420 567 1476 varias
588 1420 720 1477 Russiae
748 1422 894 1494 regiones
924 1423 1074 1492 invisens,
1102 1423 1228 1481 notitias
1255 1433 1409 1484 sectarum

163 1506 370 1561 recentiorum
396 1506 605 1563 evolutionem
631 1507 825 1566 illustrantes
850 1517 1021 1582 comparat.
1059 1510 1305 1570 Observationes
1334 1529 1408 1570 suas

162 1592 200 1647 de
220 1598 375 1648 sectarum
395 1593 548 1664 patribus,
567 1594 670 1665 deque
691 1601 793 1652 sectae
811 1598 989 1654 evolutione
1008 1603 1038 1652 et
1057 1597 1206 1668 doctrina,
1226 1599 1265 1655 ad
1285 1601 1409 1658 histori-

159 1694 267 1734 corum
287 1680 550 1748 commoditatem,
570 1697 627 1752 per
640 1683 768 1738 modum
790 1683 981 1740 narrationis
995 1683 1121 1754 scriptis
1142 1685 1276 1742 mandat
1296 1687 1407 1758 ltaque
1447 1729 1449 1736 .

158 1766 212 1835 qui
231 1767 271 1822 de
290 1767 517 1823 recentioribus
537 1769 630 1824 sectis
650 1769 829 1840 scripturus
848 1777 905 1838 est,
932 1771 1048 1842 scripta
1067 1787 1085 1827 a
1105 1773 1263 1842 Prugavin
1284 1789 1406 1846 compo·

158 1852 225 1920 sita,
245 1851 401 1923 inspicere
419 1854 554 1911 debebit.

263 1940 459 1996 Narrationis
489 1942 602 1996 modus
625 1943 825 2013 aPrugavin
852 1943 1014 2000 adhibitus
1043 1941 1250 2015 suspicionem
1278 1945 1398 2017 ingerit,

157 2040 228 2081 eum
249 2033 349 2084 sectas
368 2043 386 2083 a
406 2044 440 2085 se
458 2029 633 2099 descriptas
653 2045 830 2100 propagare
849 2047 932 2088 vere.
1275 2035 1311 2088 ll.
1336 2035 1367 2090 ll.

243 2149 286 2216 D.
311 2149 506 2231 Slcvorcou,
533 2153 781 2240 conperennoe
803 2173 958 2240 pyccuoe
982 2174 1231 2225 cenranrerao.
1266 2156 1403 2246 anpmr

157 2262 278 2303 casnm
302 2263 323 2302 n
347 2241 598 2317 nscmaosasie.
630 2240 892 2323 (sauremcnnue
916 2244 1059 2312 russina
1083 2244 1323 2328 sorianum.)
1358 2245 1402 2314 be

158 2325 403 2396 recentioribus
426 2327 533 2396 sectis
550 2327 581 2396 tn
598 2325 727 2398 Bassia.
749 2333 1029 2392 Moseoviae1905.
1053 2331 1229 2410 rv÷230.
1255 2337 1324 2394 1·50
1341 2335 1403 2395 rub.

260 2431 377 2484 Auctor
395 2429 551 2498 articulos,
571 2446 651 2500 quos
671 2432 710 2486 de
724 2431 816 2486 sectis
835 2431 964 2486 diverso
984 2437 1125 2501 tempore
1144 2432 1175 2487 in
1197 2433 1293 2489 variis
1313 2432 1401 2488 iasci-

157 2515 234 2571 culis
256 2516 435 2586 publicavit,
460 2518 492 2574 in
513 2518 570 2573 hcc
588 2517 670 2574 libro
688 2519 721 2573 in
739 2534 836 2575 unum
857 2518 988 2589 collegit.
1015 2517 1100 2573 Finis
1120 2535 1196 2574 vero
1216 2519 1310 2576 huius
1331 2519 1403 2575 libri

156 2613 211 2670 est,
232 2608 386 2660 sectarum
408 2605 624 2666 recentiorum.
649 2621 729 2676 quae
749 2607 850 2676 magis
872 2605 1016 2661 minusve
1037 2605 1285 2662 rationalismum
1306 2606 1400 2676 proil-

157 2697 270 2759 teutur,
297 2691 486 2747 evoluticnis
514 2691 677 2747 historiam
699 2708 855 2747 enarrare.
894 2692 1006 2748 Totum
1028 2707 1108 2762 opus
1132 2693 1287 2749 dividitur
1306 2693 1337 2748 in
1357 2693 1401 2749 x1

155 2778 263 2848 capita.
283 2778 356 2833 Tria
375 2785 516 2835 extrema
530 2779 630 2848 capita
650 2779 755 2834 minus
774 2786 858 2834 arcte
872 2793 942 2834 cum
958 2779 1027 2834 aliis
1041 2779 1196 2849 capitibus
1216 2781 1400 2850 iunguntur.

260 2866 297 2920 In
317 2866 509 2936 praelatione
529 2865 692 2921 Skvorcov
713 2871 869 2922 sectarum
890 2865 1182 2922 rationalisticarum
1211 2867 1283 2922 inde
1303 2881 1320 2921 a
1340 2867 1401 2938 pri-

156 2951 215 3006 mis
235 2953 396 3023 religionis
410 2953 597 3009 christianae
610 2952 809 3009 incunabulis
822 2952 854 3008 in
871 2952 985 3010 Russia
998 2952 1198 3009 existentium
1213 2954 1401 3010 evolationis

154 3037 316 3096 historiam
331 3040 427 3096 tradit
446 3042 606 3112 (pb-19).
627 3039 674 3095 Ex
689 3045 830 3109 tempore
849 3040 941 3109 enim,
960 3055 1024 3110 quo
1037 3040 1133 3096 Russi
1146 3040 1210 3096 lide
1229 3041 1399 3098 christiana

153 3125 299 3182 illustrati
319 3133 401 3197 sunt,
426 3133 527 3184 sectae
546 3129 629 3182 inter
647 3127 735 3196 ipsos
754 3126 950 3183 exstiterunt.
971 3127 1054 3182 Sacc.
1076 3125 1136 3182 ΧΙο
1161 3128 1252 3198 magi,
1272 3143 1310 3182 ex
1330 3127 1400 3183 Fin-

153 3213 256 3269 landia
274 3215 408 3281 oriundi,
428 3215 609 3270 mixtionem
629 3231 668 3270 ex
687 3213 921 3270 christianismo
940 3219 970 3270 et
989 3212 1173 3284 paganismo
1192 3213 1397 3284 compositam

152 3303 374 3372 propagabant.
395 3303 439 3358 De
452 3303 570 3358 mundo
584 3302 667 3372 magi
681 3302 842 3358 dualistice
859 3302 1035 3357 sentiebant
1048 3305 1089 3370 (p.
1100 3303 1115 3354 7
1127 3305 1192 3370 sq.).
1214 3299 1297 3356 Sacc.
1308 3300 1399 3356 X1V⁰

152 3387 182 3443 in
204 3389 318 3458 Pskov,
346 3389 417 3444 dein
446 3390 477 3444 in
497 3389 667 3459 Novgorod
694 3395 867 3444 cernuntur
893 3387 1081 3458 strigolnilri,
1108 3386 1275 3442 adiacono
1296 3386 1398 3458 Carpo

152 3476 304 3546 appellati,
329 3477 382 3547 qui
408 3475 481 3531 cleri
501 3483 663 3531 tonsuram
684 3477 843 3531 tondebat.
871 3475 938 3546 lpsi
963 3474 1133 3554 apostolica
1153 3473 1268 3545 scripta
1296 3474 1398 3530 reicie-

154 3565 234 3630 bant,
252 3592 284 3602 -
306 3568 499 3618 sacramenta
517 3570 548 3618 et
566 3562 662 3618 vitam
682 3569 755 3632 post
774 3567 907 3617 mortem
928 3577 990 3617 non
1009 3561 1223 3631 admittebant,
1242 3592 1275 3601 -
1295 3561 1391 3617 immo

151 3649 241 3705 etiam
261 3650 300 3704 de
319 3649 543 3720 redemptionis
563 3649 716 3720 mysterio
737 3649 840 3704 minus
860 3653 943 3705 recte
969 3647 1107 3704 sensisse
1127 3647 1283 3716 videntur,
1311 3652 1393 3704 certe

151 3737 258 3793 saltem
278 3737 396 3792 deistae
414 3743 504 3793 erant
523 3740 562 3807 (p.
573 3739 590 3793 8
601 3744 669 3808 sq.).
689 3737 773 3793 Sacc.
787 3737 856 3792 XV⁰
872 3741 954 3792 secta
975 3737 1048 3791 haec
1060 3735 1093 3791 in
1107 3735 1186 3791 duas
1205 3733 1396 3805 dispescitur

150 3823 328 3892 fractiones
353 3840 392 3879 ex
411 3823 527 3894 quibus
546 3839 617 3892 una,
637 3823 735 3880 multa
761 3841 779 3880 a
799 3823 932 3881 Caraitis
956 3821 1140 3892 suscipiens,
1169 3821 1392 3878 iudaizautium

151 3917 264 3966 sectam
292 3911 481 3978 efformavit,
511 3927 592 3981 quae
620 3911 815 3967 divinitatem
847 3911 965 3968 Christi
994 3908 1140 3965 reiciebat
1173 3911 1201 3976 (9
1221 3911 1280 3979 sq).
1313 3907 1396 3964 Sacc.

150 3998 242 4053 XV10·
250 3998 367 4054 Bahsin
387 3997 518 4069 eiusque
536 3997 681 4065 asseclae,
702 3997 773 4052 iicet
791 3999 830 4054 ad
850 3997 1073 4054 iudaizautium
1092 4001 1206 4051 sectam
1220 4010 1283 4050 non
1302 3993 1397 4066 perti·

149 4085 281 4154 nuerint,
306 4091 410 4141 tamen
430 4083 624 4140 divinitatem
648 4083 774 4151 Christi,
800 4084 1058 4155 redemptionem,
1085 4081 1233 4137 miracula
1251 4087 1307 4136 etc.
1334 4095 1396 4136 res-

148 4173 286 4240 puebant
305 4171 346 4242 (p.
361 4175 391 4226 11
404 4174 462 4242 sq).
481 4171 564 4226 Sacc.
582 4171 687 4226 xvllo
703 4170 862 4227 ecclesiam
876 4169 1068 4238 Russiacam,
1089 4168 1129 4224 ob
1148 4167 1275 4223 Niconis
1294 4167 1391 4222 reior-

149 4258 324 4325 mationem,
350 4258 523 4313 raskolnilri
542 4258 707 4314 vexabant.
734 4257 778 4313 De
798 4256 891 4313 sectis
911 4253 1142 4312 rationalisticis
1162 4253 1256 4311 buius
1276 4254 1389 4309 saeculi

147 4360 258 4415 parum
279 4345 396 4401 scimus
415 4348 455 4416 (p.
467 4346 522 4414 13).
541 4345 626 4400 Saec.
637 4343 772 4409 xv1110‚
792 4343 887 4399 Petro
902 4343 941 4400 Μ.
951 4341 1083 4412 eiusque
1096 4341 1334 4397 successoribus
1349 4357 1395 4395 re-

146 4432 326 4503 gnantibus,
339 4431 630 4502 protestantismus,
643 4428 836 4501 protectione
849 4428 932 4485 civili
942 4429 1091 4500 gaudens,
1104 4429 1165 4484 late
1178 4428 1261 4484 inter
1272 4427 1394 4482 Russus

146 4519 382 4590 propagabatur
401 4525 442 4589 (p.
463 4522 519 4587 14);
545 4519 577 4574 in
596 4519 815 4573 alternantem
836 4531 915 4572 saec.
935 4515 1050 4571 xvnu
1073 4521 1162 4586 parte
1181 4513 1391 4570 Voltairianis·

145 4621 225 4676 mus,
244 4606 490 4677 imperatoribus
510 4622 572 4661 non
592 4604 846 4675 impedientibus,
877 4603 993 4660 multos
1012 4601 1194 4673 acquirebat
1212 4599 1393 4670 discipulos.

147 4693 194 4748 Ex
213 4693 330 4764 quibus
349 4694 474 4750 duobus
493 4693 644 4755 lontibus.
673 4705 786 4762 nempe
808 4689 1067 4761 protestantismo
1087 4695 1117 4743 et
1132 4685 1394 4752 Voltairianismo,

196 4815 255 4857 slav.
269 4817 310 4857 nn
322 4816 392 4858 tneor.
1205 4793 1237 4847 10
