3450 5342
730 415 922 470 -ιιι-

200 601 317 660 ferrimi
347 601 510 678 epistolam,
544 614 634 660 totam
658 601 696 661 ad
727 623 794 660 eum
817 601 1025 680 decipiendum
1059 605 1250 680 compositam
1279 601 1453 680 accipiebat,

201 688 304 746 hune
334 697 442 745 statam
465 708 561 746 rernm
585 689 735 748 Honorius
765 710 820 764 ne,
845 691 1081 767 suspicatus
1116 687 1273 768 quidem
1312 699 1381 761 est,
1419 709 1453 748 co

200 777 308 852 mugio,
341 793 399 852 qno
423 777 543 852 Sergius
571 778 764 835 attentionem
795 779 859 835 cius
883 775 920 834 ab
944 777 999 835 hoc
1023 787 1132 854 puncto
1168 779 1237 835 vivo
1260 776 1452 835 callidissime

200 860 361 932 avocabat3
394 881 460 919 eum
482 861 591 920 deiude
614 863 772 929 Honorius,
801 859 890 921 horno
920 867 1014 940 magis
1038 866 1191 940 practicus,
1226 863 1302 922 locta
1324 863 1449 942 epistola

201 968 304 1006 secum
323 946 524 1020 deliberasset,
546 948 667 1007 ubinam
683 950 812 1020 tandem,
836 949 996 1008 secundum
1020 951 1097 1008 httnc
1121 952 1216 1028 &ergii
1240 951 1397 1028 epistolam
1422 957 1451 1008 et

202 1037 447 1094 commentarium
462 1055 481 1093 a
494 1045 641 1113 portatore
656 1037 719 1096 eins
735 1037 877 1108 additum,
901 1037 1060 1116 pericnlum
1076 1036 1144 1095 lidei
1161 1046 1246 1106 esset,
1263 1037 1338 1095 nihil
1355 1039 1450 1114 magis

202 1135 372 1180 cotteretum
390 1124 524 1192 invenire
547 1125 650 1200 potuit,
673 1144 760 1202 quam
785 1123 867 1182 illam
884 1127 1108 1202 repugnantiam
1126 1124 1320 1194 voluntatum,
1348 1133 1452 1198 ,tam-

203 1229 316 1287 quam
347 1205 422 1268 lleo
453 1207 609 1286 quidem
634 1210 756 1269 Verbo
787 1212 1002 1270 salutarem
1037 1210 1201 1268 volente
1233 1209 1452 1289 adimpleri

202 1299 438 1374 passionem,
476 1297 721 1356 humanitate
756 1319 852 1356 sero
885 1301 969 1356 eius
1003 1297 1230 1356 obsistente
1268 1299 1356 1356 eins
1394 1318 1453 1354 vo-

204 1384 351 1440 luntati
383 1399 419 1441 et
442 1384 661 1442 resistente
685 1394 715 1442 et
737 1384 860 1462 perinde
883 1383 940 1442 duo
970 1386 1175 1442 contraria
1198 1383 1331 1442 volentes
1356 1386 1445 1442 iutro-

203 1469 376 1541 dncantnt·,²
404 1481 435 1527 ut
459 1473 502 1527 ait
524 1473 556 1528 iu
579 1472 704 1548 epistola
727 1491 781 1529 sua
803 1473 931 1548 Sergius

310 1556 416 1616 Hanc
440 1560 530 1634 igitur
551 1578 677 1616 errorem
700 1557 757 1616 sibi
781 1559 905 1636 sumpsit
928 1556 1166 1634 expugnandum,
1202 1555 1319 1636 idque
1355 1556 1369 1612 f
1374 1551 1473 1614 ecit'

203 1663 314 1720 qnam
347 1645 685 1722 praeclarissime.
709 1646 758 1702 Ex
781 1647 887 1702 intima
909 1644 1021 1702 scilicet
1038 1645 1153 1713 unione,
1176 1663 1253 1722 uqae
1276 1645 1307 1701 in
1333 1643 1453 1702 Christo

203 1721 282 1787 iriter
305 1744 439 1790 naturam
463 1731 596 1790 divinam
620 1732 825 1790 ct'hnmanam
849 1729 1014 1796 intercedit,
1038 1750 1113 1808 (qnae
1136 1732 1226 1788 etiam
1250 1729 1354 1788 divina
1370 1732 1453 1787 attri-

204 1816 276 1874 buta
298 1815 335 1874 de
359 1818 478 1875 Christo
501 1818 620 1875 homine
643 1828 673 1876 et
695 1818 826 1876 humana
848 1818 885 1876 de
899 1819 1018 1876 Christo
1031 1817 1095 1876 Deo
1119 1816 1332 1895 praedicabilia
1354 1817 1453 1888 faciat,

205 1925 241 1961 eo
265 1906 328 1981 ipse
344 1907 385 1961 ait
408 1907 500 1982 sequi,
524 1904 602 1982 quod
625 1907 657 1963 in
670 1905 791 1964 Christo
814 1925 914 1983 pugna
936 1906 1037 1982 aliqua
1060 1906 1137 1962 inter
1160 1915 1295 1962 naturam
1318 1903 1452 1962 divinam

204 2003 233 2048 et
264 1991 422 2049 hntuauam
452 2011 516 2049 esse
546 2013 605 2049 nou
628 1994 728 2070 possit.
777 1993 962 2070 ,Propter
999 1990 1256 2049 ineffabilem
1296 1993 1451 2049 coniun-

204 2080 370 2135 ctionem
395 2079 584 2136 huutanae
606 2077 854 2158 divinaeque
878 2089 1068 2148 naturae,
1092 2077 1201 2136 ideirco
1224 2087 1253 2137 et
1285 2077 1452 2156 ubique

205 2166 287 2222 ileos
321 2164 435 2222 dicitur
461 2167 524 2243 pati
554 2174 584 2222 et
611 2165 779 2225 humanitas
811 2188 826 2224 a
861 2165 943 2224 coelo
974 2185 1038 2222 curu
1062 2164 1221 2224 divinitate
1252 2163 1449 2224 descendisse.

207 2251 319 2310 l'nde
353 2262 535 2310 etnnam
571 2253 852 2312 voluntatem
887 2253 1273 2310 satemnrliomiui
1298 2252 1450 2310 Nostri

207 2339 300 2397 lesu
325 2339 492 2412 Christi,
515 2341 585 2417 qnia
607 2340 736 2417 prolecto
760 2361 777 2398 a
800 2337 958 2397 divinitate
982 2349 1132 2416 assumpta
1155 2349 1198 2396 est
1222 2349 1321 2396 nostra
1339 2349 1452 2410 natura,

205 2445 263 2483 uon
285 2425 397 2502 culpa*
426 2426 500 2483 Cur
522 2427 635 2484 scilieet
656 2427 821 2486 inChristo
845 2449 862 2484 n
878 2448 926 2484 ua
949 2439 1062 2484 tautum
1087 2426 1287 2496 voluntasest,
1311 2427 1374 2484 sine
1391 2424 1452 2483 ulla

204 2514 411 2570 contrarietate
435 2513 483 2570 vel
506 2516 620 2592 pugna?
665 2515 743 2572 Num
768 2515 850 2582 forte,
879 2525 909 2572 ut
933 2513 1151 2570 Monctheletae
1175 2523 1308 2590 arguunt,
1333 2514 1402 2590 qnia
1426 2513 1451 2570 si

205 2619 263 2656 non
286 2609 348 2657 tota
371 2610 476 2657 natura
497 2599 635 2670 hnmana,
659 2612 689 2658 at
712 2601 817 2658 saltem
840 2601 977 2658 voluntas
1001 2599 1131 2656 humana
1153 2619 1170 2656 a
1197 2597 1291 2657 l'erbo
1315 2597 1453 2678 absorpta

205 2696 257 2755 cst,
280 2687 324 2744 ita
338 2696 370 2744 ut
386 2697 491 2744 natura
506 2687 637 2744 humana
652 2691 798 2766 propriam
814 2687 996 2744 voluntatem
1022 2685 1176 2764 physicam
1194 2687 1252 2742 ianr
1269 2707 1328 2744 non
1344 2684 1453 2744 habeat

205 2771 256 2829 sed
278 2786 392 2831 tantum
416 2795 434 2830 a
457 2774 608 2832 volontate
631 2773 735 2832 diviua
750 2785 903 2832 moveatur
920 2776 994 2830 sicut
1013 2772 1135 2830 malleus
1159 2783 1288 2830 mortuus
1312 2785 1340 2830 et
1362 2775 1452 2844 iners,

205 2880 223 2916 a
245 2879 334 2917 manu
357 2861 494 2918 artilieis'?
528 2861 735 2938 Nequaquam!
760 2863 820 2919 Cur
842 2861 948 2932 igitur?
993 2861 1070 2934 Quia
1105 2873 1332 2936 repugnat,
1370 2879 1449 2916 tren

206 2945 323 3024 quidem
347 2960 379 3004 nt
412 2947 534 3004 veritum
557 2949 685 3024 aliquam
726 2962 921 3004 naturam
964 2945 1123 3004 humanam
1147 2967 1213 3004 cum
1249 2947 1450 3004 naturali

205 3033 444 3091 volrtntate
482 3046 619 3107 ossnmat,
665 3033 771 3091 bene
812 3055 909 3100 vcro,
952 3047 983 3090 ut
1017 3035 1081 3110 ipsa
1126 3035 1350 3091 sanctitas
1391 3043 1451 3090 tam

205 3122 335 3178 strictam
358 3123 496 3178 unionem
520 3123 600 3178 ineat
623 3140 688 3178 cum
711 3121 863 3178 voluntate
887 3119 1017 3178 huruuua
1039 3139 1085 3197 pe
1099 3140 1112 3176 r
1138 3139 1153 3176 c
1167 3141 1183 3177 o
1197 3141 1215 3177 n
1228 3141 1242 3178 e
1256 3141 1272 3176 ιι
1282 3141 1301 3197 p
1315 3123 1323 3176 i
1337 3141 1349 3176 s
1362 3139 1377 3176 e
1390 3141 1405 3176 e
1419 3140 1451 3176 n-

207 3209 311 3263 tiam
335 3210 546 3265 sauciata.
571 3205 631 3267 lam
656 3228 725 3264 vero
759 3208 1136 3284 coucupiscentia
1171 3208 1200 3264 iu
1226 3205 1309 3264 uobis
1333 3208 1451 3263 ratio

208 3304 258 3362 cst,
292 3314 343 3351 cur
364 3305 424 3351 tam
449 3295 535 3352 facile
566 3311 668 3352 contra
691 3295 747 3352 liei
772 3295 953 3351 voluntatem
989 3313 1118 3368 agamus,
1155 3294 1186 3350 in
1210 3293 1329 3350 Christo
1352 3294 1448 3369 igitur,

208 3382 256 3457 qni
281 3390 415 3438 naturam
447 3384 684 3458 eoricupisceutia
705 3380 838 3449 liberam,
871 3380 966 3458 qualis
989 3378 1026 3438 ab
1059 3381 1172 3455 origiue
1204 3382 1234 3436 in
1268 3378 1365 3437 Admn
1390 3379 1453 3448 luit,

209 3465 318 3535 habuit,
353 3469 576 3525 incitamentum
607 3467 645 3526 ad
671 3467 818 3546 agendum
853 3477 956 3526 contra
978 3467 1159 3524 volontatem
1183 3465 1315 3524 divinam
1341 3465 1452 3524 nullum

208 3565 277 3621 erat,
301 3553 425 3632 ideoque
449 3555 662 3631 perl'ectissima
685 3557 762 3613 inter
784 3555 918 3612 divinam
942 3565 971 3612 et
995 3554 1153 3611 humanam
1178 3553 1358 3611 volontatem
1382 3575 1450 3611 con·

137 3705 143 3718 ι
208 3640 1158 3717 cordia:nuainipsotantumvoluutaserat.

312 3747 361 3802 st.
381 3747 431 3815 At,
454 3747 477 3801 si
494 3744 619 3801 dicimus
634 3744 777 3802 unitatem
802 3745 962 3802 voluntatis
977 3743 1087 3800 Christi
1112 3741 1148 3800 ah
1164 3743 1294 3799 Honorio
1310 3753 1451 3800 assertam

209 3853 271 3890 esse
294 3834 436 3890 unitatem
461 3832 609 3899 moralem,
626 3852 685 3889 non
707 3831 875 3910 physicam:
899 3851 1083 3909 tltrasnam
1100 3847 1169 3888 tune
1185 3829 1353 3886 harmonice
1376 3831 1453 3886 iuter
1524 3895 1528 3904 Ι

210 3940 238 3977 se
255 3921 412 3978 convenire
432 3918 516 3976 dicit:
540 3919 721 3975 voluntatem
735 3919 893 3978 humanam
918 3919 1000 3996 quasi
1025 3938 1045 3974 n
1059 3938 1076 3974 a
1089 3931 1100 3974 t
1114 3938 1131 3974 n
1145 3917 1237 3974 rulo
1251 3937 1286 3984 ur,
1311 3937 1386 3994 ιμιιιο
1409 3936 1454 3974 re·

210 4005 333 4084 spondet
356 4006 499 4064 voluntati
516 4005 711 4062 indeliberata
734 4008 834 4082 agenti
850 4007 881 4062 in
899 4005 991 4071 nubis,
1015 4023 1079 4062 eum
1102 4005 1251 4062 voluntate
1275 4004 1452 4069 efficaci,

211 4113 283 4170 quae
306 4096 394 4150 ctiam
421 4095 450 4149 in
475 4092 559 4150 uobis
584 4092 676 4149 libera
699 4094 759 4149 est?
782 4113 820 4149 an
844 4095 940 4168 potius
964 4092 1145 4150 voluntatem
1169 4091 1327 4149 humanam
1341 4092 1453 4149 Christi

211 4191 342 4237 totam
367 4191 552 4257 quantam
585 4200 649 4236 cum
675 4179 825 4236 voluntate
853 4177 1018 4236 divina?
1053 4179 1168 4236 Prius
1200 4178 1272 4236 illud
1300 4178 1358 4256 diei
1393 4198 1453 4234 ue-

212 4268 308 4344 quit,
343 4287 408 4322 curu
443 4266 579 4323 veluntas
615 4267 725 4323 Christi
763 4267 904 4323 inel'lieax
944 4287 1015 4323 uun
1050 4286 1164 4342 semper
1193 4265 1270 4321 idem
1306 4265 1451 4322 obiectum

212 4353 345 4411 habuerit
375 4364 462 4430 atque
486 4353 601 4422 cilicas,
638 4365 669 4409 nt
693 4364 771 4429 pettit
795 4375 832 4410 ex
857 4364 939 4410 testu
971 4353 1008 4409 ab
1034 4351 1164 4408 ilurrorio
1188 4349 1324 4409 adducto:
1368 4351 1453 4423 ,Non

212 4442 284 4499 sient
306 4461 361 4518 ego
384 4441 459 4511 volo,
491 4439 542 4496 sed
574 4441 648 4496 sieut
672 4449 733 4507 tw,
765 4440 819 4497 huc
853 4453 910 4496 est:
942 4439 1100 4494 et'ticneiter
1131 4437 1197 4494 volo
1225 4457 1283 4496 non
1314 4437 1344 4494 id
1376 4435 1454 4513 quod

212 4547 264 4604 ego
303 4527 390 4586 idem.
424 4526 527 4584 eadem
565 4527 695 4583 hnmana
731 4527 892 4590 voluntate,
927 4523 1136 4582 antecedenter
1172 4526 1227 4579 iam
1263 4525 1455 4581 inefficaciter·

212 4626 239 4672 ct
262 4635 314 4692 per
335 4614 453 4672 modum
478 4633 575 4670 merae
600 4613 801 4670 inclinationis
832 4612 974 4668 naturalis
1007 4610 1082 4676 volo,
1118 4608 1169 4667 sed
1193 4610 1270 4686 qumi
1294 4622 1332 4678 tu,
1358 4611 1454 4678 Pater,

212 4714 237 4758 et
268 4723 322 4777 ego
357 4703 388 4757 iu
423 4699 527 4757 ‹lit-ina
561 4720 627 4756 urea
658 4698 808 4756 voluntate
842 4710 937 4755 tecum
973 4698 1047 4768 velo,
1082 4699 1159 4754 etsi
1196 4696 1339 4755 voluntati
1371 4713 1454 4754 meae
