3450 5342
820 439 988 492 ..14-

276 632 447 702 pervertunt
471 625 557 681 l‘auli
581 624 794 694 educationem,
818 625 923 695 studia,
948 626 1108 696 historiam,
1129 627 1299 688 sirnteutias.
1323 617 1410 703 Quod
1434 649 1450 684 e
1478 649 1527 685 co-

276 712 442 788 piosissime
466 709 551 768 huius
582 710 695 769 l'arinae
718 724 869 770 auctorum
899 713 1023 770 elencho
1047 730 1074 772 et
1098 716 1223 791 scriptis,
1256 717 1383 772 maxime
1415 713 1526 772 edictis

277 797 440 874 sagacibus.
475 818 573 856 eorum
610 798 746 874 allegatis
786 798 957 858 doctissime
992 800 1163 860 ostenditur.
1210 803 1294 876 Quae
1329 801 1524 879 hypotheses,

277 887 468 962 ‹laentumris
504 904 632 960 sagaces,
678 906 744 942 cura
782 886 1058 945 vehementissimas
1093 886 1340 946 contradictiones
1378 897 1524 954 statuant,

278 984 377 1029 tamen
401 993 418 1027 a
441 973 551 1028 criticis
581 974 744 1030 retinentur
774 985 803 1030 et
833 973 944 1031 Paulus
974 975 1104 1032 omnium
1136 995 1265 1032 errorum
1288 984 1317 1031 et
1341 975 1526 1051 ineptiarum

276 1060 415 1131 magister
437 1065 463 1116 et
490 1058 664 1135 compilator
686 1057 826 1118 audacter
847 1058 1020 1118 obtruditur.
1064 1060 1188 1136 ,Quoad
1211 1063 1356 1137 originem
1379 1061 1525 1118 subiecti-

275 1164 344 1204 vum
368 1157 396 1201 et
420 1144 516 1222 qrroarl
540 1157 778 1222 argruncntorum
809 1156 983 1206 structuram
1014 1147 1183 1224 compilatio
1208 1182 1249 1190 -
1275 1147 1358 1206 Pauli
1390 1167 1528 1225 evange-

274 1231 347 1288 lium
370 1231 516 1289 exlribrurs
540 1231 719 1309 indigestam
741 1231 958 1310 disputatorum
973 1233 1185 1292 elementorum
1202 1235 1308 1292 rualem
1324 1231 1390 1312 (Dr.
1409 1235 1526 1292 Martie

276 1317 452 1386 Brttckuerl.
476 1318 609 1377 scatebat
632 1319 844 1398 multiplicibus
874 1319 1155 1378 contradictionibus
1186 1320 1289 1389 (horris
1314 1319 1467 1400 (lailliny)
1494 1331 1525 1379 et

270 1407 395 1462 internis
419 1405 624 1484 rliscrepautiis
647 1407 696 1485 (o.
723 1406 902 1480 l'llciderer),
927 1409 996 1484 quia
1019 1417 1119 1464 auctor
1144 1427 1201 1465 non
1225 1411 1325 1466 emnia
1341 1410 1439 1485 capita
1455 1411 1524 1486 pari

274 1511 339 1549 cum
364 1491 519 1550 sedulitate
543 1492 713 1570 disquisivit
737 1513 832 1572 neque
856 1496 887 1552 in
912 1495 1095 1552 harmoniam
1120 1493 1232 1570 redegit
1256 1510 1285 1552 ct
1308 1514 1396 1572 saepe
1420 1498 1524 1553 varias

275 1583 478 1637 concessiones
501 1577 619 1636 adruisit
644 1577 758 1659 (tirello
781 1581 876 1642 Conel
909 1592 992 1658 prout
1022 1583 1208 1638 missionaria
1238 1585 1301 1638 cius
1332 1584 1525 1659 experientia

272 1665 411 1741 exigebat
442 1678 490 1723 aut
521 1686 612 1742 prena
641 1678 705 1724 erat
728 1667 780 1740 (H.
803 1667 833 1725 J.
858 1667 1070 1734 lloltzmannl“
1105 1689 1132 1746 p.
1158 1667 1267 1728 lrxll'.
1301 1668 1374 1726 Cum
1404 1669 1452 1725 hic
1483 1671 1525 1726 sit

275 1750 513 1810 dissertationum
538 1755 704 1811 criticarum
727 1762 819 1823 tenor,
849 1754 936 1812 facile
960 1753 1130 1812 conceditur
1153 1755 1232 1817 utile.
1265 1758 1353 1813 immo
1385 1761 1524 1813 111111111-Ι

273 1841 349 1897 rium
372 1860 444 1912 esse,
475 1848 504 1896 ut
539 1843 638 1897 ournia
667 1852 841 1916 argumenta
873 1861 948 1898 noro
976 1843 1105 1899 examini
1139 1841 1328 1910 subiciantur.
1360 1861 1416 1919 quo
1442 1844 1522 1918 peri-

275 1926 341 1983 culo
371 1938 400 1983 et
430 1927 534 1983 rationi
559 1941 587 1982 et
610 1929 809 1985 eonscientiae
841 1930 1067 2004 uniuscuiusque
1097 1927 1210 1986 eluceat
1241 1930 1410 1996 testimonii,
1441 1927 1525 2006 qued

272 2012 383 2069 Paulus
405 2012 460 2069 sibi
486 2014 548 2088 ipse
564 2013 628 2077 t'ert,
652 2016 769 2075 veritas.
793 2016 863 2091 quia
887 2013 1202 2092 ,llrangeliumqaed
1220 2015 1456 2090 evangelizatum
1477 2028 1524 2072 est

210 2149 217 2156 .
274 2118 292 2154 a
315 2119 368 2156 me.
394 2120 451 2156 non
475 2112 519 2157 est
548 2099 707 2158 secruidum
732 2101 899 2159 hominem*
927 2100 1006 2177 (eal.
1034 2106 1058 2169 l,
1086 2104 1145 2175 11.)

373 2185 410 2244 11
426 2195 551 2244 tractatu
575 2187 613 2244 ll.
638 2208 761 2264 magnus
792 2187 842 2244 ille
866 2197 999 2264 exegeta,
1034 2189 1083 2266 qui
1116 2187 1250 2245 divinum
1283 2190 1313 2246 in
1338 2188 1421 2245 Pauli
1448 2209 1521 2246 con-

270 2274 405 2329 versione
428 2275 626 2330 interventum
657 2274 889 2333 laeulentissime
914 2276 1012 2342 evicit.
1037 2273 1115 2332 idem
1139 2288 1166 2331 et
1190 2273 1287 2352 ‹preed
1317 2275 1402 2332 Pauli
1426 2295 1521 2332 evan-

268 2358 377 2434 gelium
405 2358 667 2417 cleuronstranrlam
700 2363 843 2439 suscipit3
877 2383 934 2420 nou
967 2359 1129 2419 audiendos
1161 2382 1224 2421 esse
1259 2361 1392 2426 Holsten,
1426 2359 1519 2420 Fred.

267 2444 403 2515 Renrlall,
430 2446 466 2506 ll,
489 2446 519 2501 J.
546 2446 712 2509 lloltaman.
746 2449 781 2506 ,1.
805 2449 838 2506 B.
863 2450 965 2506 llruce.
999 2449 1031 2505 P.
1055 2447 1091 2505 de
1116 2447 1259 2524 Legerda,
1290 2445 1377 2506 dales
1401 2448 1519 2515 Boron,

187 2530 190 2534 ⁴
269 2531 412 2588 Harnuclr
437 2543 465 2588 et
488 2532 570 2595 alios.
594 2536 642 2611 qui
667 2537 743 2592 sieut
766 2536 853 2593 Pauli
877 2537 1099 2593 conversionem
1132 2537 1173 2592 ite
1196 2545 1225 2592 et
1247 2535 1437 2611 evangelium
1461 2523 1518 2593 aa·

268 2618 354 2676 111111
380 2617 517 2676 ludaismi
540 2621 702 2678 evolutioni
726 2621 867 2687 tribuunt,
901 2621 953 2680 sed
986 2622 1168 2699 Apostolum,
1202 2623 1252 2699 qai
1285 2621 1415 2700 Philipp.
1441 2624 1468 2690 3,
1496 2626 1516 2680 7

271 2714 465 2780 protestatur:¹
494 2705 596 2781 ,Quae
620 2708 693 2764 mihi
717 2711 833 2766 t'ueruut
851 2710 938 2780 luera,
950 2710 1022 2765 haee
1035 2707 1194 2767 arbitratus
1214 2729 1278 2766 1111
1291 2718 1409 2786 propter
1427 2709 1520 2779 (11111-

273 2799 348 2848 stum
373 2791 577 2850 detrirrrenta.“

355 2880 460 2954 Uapite
484 2882 577 2955 primo
600 2878 799 2957 itta—182)
823 2883 956 2959 quaestio
979 2879 1016 2938 de
1039 2882 1124 2939 Pauli
1158 2881 1323 2938 eruditione
1347 2879 1513 2949 rabbiniea,

266 2963 364 3021 dubiis
388 2966 635 3024 rationalistarum
659 2968 781 3026 multum
804 2967 936 3038 distorta,
960 2969 1064 3026 iterum
1089 2969 1246 3045 exponitur
1268 2981 1296 3026 et
1320 2967 1392 3045 quid
1414 2967 1452 3025 de
1482 2989 1521 3026 ca

267 3063 345 3108 recte
368 3055 460 3108 teneri
494 3056 593 3129 possit,
623 3053 848 3115 demonstratur.
897 3056 924 3114 S,
949 3055 1058 3112 Paulus
1090 3075 1156 3114 cum
1188 3053 1375 3112 rabbinorum
1409 3055 1514 3132 plausu

270 3135 427 3196 sublimem
450 3139 657 3200 scholasticam
689 3140 835 3199 iudaicam
867 3161 933 3200 eum
963 3139 1099 3200 omnibus
1130 3139 1343 3198 subtilitatibus
1368 3139 1514 3199 didicerat

267 3232 297 3280 et
326 3226 456 3283 omnium
485 3227 584 3284 oculos
614 3237 736 3296 ctvota
759 3229 789 3284 in
812 3249 843 3285 se
867 3235 1036 3286 attraxerat.
1076 3225 1163 3303 Quod
1194 3247 1259 3285 curn
1275 3249 1312 3285 ex
1334 3230 1513 3286 testimoniis

266 3311 454 3389 epistolarum
477 3315 540 3372 eius
564 3335 623 3372 non
646 3324 767 3385 constet,
790 3325 870 3372 certo
893 3313 1043 3391 colligitur
1065 3335 1103 3372 ex
1127 3315 1192 3372 Act.
1217 3313 1378 3385 22,3,111”1
1402 3315 1512 3374 Paulus

266 3397 441 3456 Gamalielis
464 3408 493 3479 (e
516 3400 617 3458 schola
639 3400 747 3478 Hillel)
777 3399 954 3478 discipulum
978 3422 1009 3459 se
1032 3400 1113 3469 dicit,
1144 3403 1226 3459 cuius
1257 3403 1418 3462 testimonii
1454 3419 1523 3459 mo*

266 3494 397 3543 mentum
429 3487 464 3546 A.
490 3487 642 3545 Haasrath
676 3487 831 3546 arbitrarie
864 3487 1060 3554 addubitavit,
1096 3489 1285 3546 confirmatur
1320 3508 1389 3545 vero
1422 3508 1513 3566 qaam

265 3574 395 3630 maxime
428 3573 680 3632 'l'almudistarum
703 3574 740 3632 de
770 3596 792 3631 a.
820 3575 913 3632 Paulo
948 3577 1007 3634 alte
1042 3575 1168 3641 silentio,
1203 3573 1281 3652 quod
1316 3577 1438 3632 minime
1475 3575 1511 3632 ad

266 3660 464 3732 ignorantiam
499 3662 680 3739 inculpatam
713 3662 845 3736 (Samuel
881 3661 1016 3741 Weyler)
1048 3661 1098 3719 sed
1128 3660 1166 3718 ad
1197 3661 1377 3719 oblivionem
1412 3681 1511 3720 crasse

265 3744 431 3803 affectatam
465 3747 651 3806 referendum
686 3758 816 3826 apparet,
851 3769 910 3826 qna
941 3749 1058 3817 Paulus,
1093 3749 1163 3805 olim
1186 3749 1288 3822 gloria,
1324 3747 1511 3826 postmodum

266 3830 440 3889 formalismi
463 3844 493 3889 et
516 3836 672 3893 ritualismi
697 3837 788 3912 inepti
814 3837 973 3893 acerrimus
997 3845 1188 3912 oppugnator,
1212 3855 1368 3912 oppressas
1391 3845 1443 3892 cst.

373 3917 477 3994 Neque
508 3940 646 3998 umquam
677 3931 819 3980 assertam
848 3921 934 3980 Pauli
959 3920 996 3980 ad
1027 3921 1224 3980 (lamalielem
1249 3922 1428 3980 relationem
1460 3942 1512 3978 ex-

264 4001 409 4078 pugnabit
432 4006 550 4062 8111111
577 4007 698 4085 Weyler
720 4007 758 4066 ad
782 4009 895 4066 litteras
921 4006 1114 4086 provocando,
1138 4028 1211 4086 qaas
1234 4009 1344 4067 Paulus
1361 4028 1510 4066 asumma

261 4087 412 4146 sacerdote
435 4089 473 4145 ad
498 4090 635 4150 Damasci
659 4113 827 4173 synagogas
850 4097 935 4172 petiit
958 4105 987 4152 et
1003 4095 1137 4152 obtinuit.
1162 4095 1273 4152 (lontra
1296 4098 1395 4154 omnia
1409 4116 1504 4153 rerum

263 4173 403 4232 adiuncta
435 4178 517 4234 enirn
551 4178 680 4243 otlrrudit,
714 4201 779 4239 curn
814 4181 973 4240 contendit
1008 4181 1135 4239 Paulum
1170 4181 1282 4240 litteras
1319 4183 1386 4240 illas
1420 4184 1515 4260 potius

263 4279 281 4316 a
303 4261 442 4338 synedrio
467 4265 612 4339 postulare
635 4265 788 4328 debuisse
814 4269 925 4326 l‘anlns
964 4271 1043 4326 enim
1073 4269 1172 4344 procul
1195 4267 1285 4326 dubio
1307 4267 1514 4346 Theophilum,

262 4346 510 4424 11111111111111111111ὶ
534 4363 671 4417 creatum,
696 4357 817 4431 agnovit
842 4354 915 4434 (Aet
941 4357 992 4427 23,
1011 4355 1119 4430 2-5);
1144 4353 1300 4430 (samaliel,
1324 4357 1512 4433 conspicuum

263 4432 382 4509 quidem
405 4435 535 4512 Ι11111111·ἰί
562 4439 722 4498 membrum
746 4437 941 4516 (Chu‘olsen),
969 4445 1091 4500 minime
1124 4461 1192 4499 vero
1228 4441 1361 4501 eiusdem
1394 4442 1513 4518 collegii

264 4539 383 4595 praeses
406 4522 468 4579 fuit.
492 4522 568 4600 rprod
594 4547 610 4582 a
634 4528 757 4602 pristina
782 4527 984 4586 iurisdictione
1013 4549 1128 4606 prorsas
1158 4527 1318 4610 exciderat.
1367 4529 1514 4598 Ceterum,

264 4625 329 4663 cum
364 4627 401 4664 ne
435 4629 564 4667 summus
599 4613 731 4688 pontifex
770 4613 888 4692 quidem
927 4615 1129 4673 iurisdictione
1167 4617 1198 4672 in
1236 4614 1403 4694 diasporam
1434 4625 1512 4673 essct

198 4740 207 4751 .
262 4694 427 4751 instructus.
467 4695 661 4756 llarrraseenis
697 4708 795 4756 aut-em
832 4722 1002 4778 persuasum
1038 4713 1123 4772 risset,
1163 4702 1290 4760 Paulum
1324 4702 1511 4760 Christianos
