3450 5342
674 427 714 438 -
739 398 800 452 339
827 429 867 438 -

147 587 271 644 ltotoroe
294 585 438 664 vrtekaet
461 587 488 642 iz
511 583 605 660 ljubvi
624 584 644 641 k
660 586 752 661 Bega,
776 585 873 660 moglo
897 584 1034 658 ragladit'
1050 585 1133 660 greipi
1158 605 1238 643 sarno
1261 605 1298 662 po
1321 584 1398 646 sebe.

149 675 224 731 vni}
255 672 371 748 rsjalroj
406 671 540 749 isporedi
569 673 577 727 i
602 674 831 748 tainstrennago
861 674 1066 746 tranrssenija:
1106 672 1151 729 Cf.
1175 682 1209 730 st.
1234 673 1305 730 234.
1340 669 1399 730 sed

149 760 262 817 malurn
285 779 351 816 curn
376 758 444 816 lidei
468 759 627 816 llussorum
660 761 848 836 interpretem
881 778 944 815 esse
973 759 1072 816 malim
1098 761 1276 828 existimare,
1311 779 1398 836 qtram

150 846 189 904 de
212 866 311 904 eorum
336 866 489 915 consensu,
512 848 567 903 ctsi
591 866 649 903 non
671 865 818 924 expresso,
841 844 985 902 dubitare.
1010 849 1096 904 Certe
1119 845 1296 924 baptismum
1322 865 1399 902 com·

150 935 270 1011 pensari
294 931 510 1010 possederant
533 944 562 988 et
585 952 643 1010 qua
666 935 779 990 ratione
802 931 833 988 id
856 931 990 1009 probant,
1024 933 1097 990 liaeo
1120 931 1223 990 eadem
1247 947 1277 990 et
1299 934 1399 1010 poeni-

150 1021 264 1077 tentiae
295 1022 472 1077 sacramenti
502 1021 597 1076 ricem
628 1022 804 1100 contritione
834 1019 948 1096 expleri
977 1039 1061 1096 posse
1085 1019 1275 1078 demonstrat.
1312 1019 1399 1076 l'elut

152 1107 258 1180 arbim.
282 1108 424 1182 Sergij,
447 1107 668 1164 Praroslavnoe
691 1109 795 1164 aconio
817 1128 834 1161 o
858 1107 997 1183 spusenii.
1029 1107 1110 1180 Scrg.
1133 1105 1231 1164 Posad
1257 1109 1348 1169 ltttlr'r,
1373 1126 1399 1182 p.

153 1195 281 1251 216—b‘
306 1193 361 1250 lroc
384 1193 470 1250 modo
493 1213 555 1250 rem
578 1195 717 1270 exponit:
756 1194 924 1264 „l'oetomn
956 1191 1028 1250 dale
1059 1194 1238 1271 ucprinjatie
1268 1194 1400 1251 tainstra

151 1302 173 1337 v
195 1279 421 1354 ostanovlcnnoj
454 1279 545 1337 l'orme
576 1283 670 1338 molet
701 1301 737 1337 ne
769 1278 914 1358 porredit¹
938 1279 1088 1349 color-olm,
1124 1301 1171 1338 raa
1201 1278 1399 1337 obraaovalos¹

151 1386 171 1424 v
188 1387 255 1424 narn
279 1377 326 1424 eto
349 1371 498 1424 succesus
522 1369 672 1440 istinnago
696 1367 890 1440 hristianstra
912 1400 955 1408 -
978 1367 1091 1424 aelanie
1115 1377 1231 1424 oarstra
1250 1367 1399 1440 ilristor’a.

150 1455 199 1510 No
229 1454 369 1530 aspersu,
402 1473 439 1530 po
469 1456 694 1528 nezavisjascim
726 1464 755 1511 ot
787 1474 862 1526 nego
894 1455 1045 1530 potinam,
1081 1454 1264 1510 ortuslestrit
1292 1473 1400 1528 svoego

152 1541 281 1614 aelanija
310 1542 477 1614 nocetatsja
506 1561 538 1598 so
570 1541 710 1616 llristom,
742 1543 801 1598 tem
833 1561 870 1597 no
901 1541 1004 1600 ruendo
1035 1541 1239 1618 priuimaetsja
1269 1541 1400 1596 uararnc's

153 1648 166 1684 s
189 1627 395 1704 krencennym.
422 1628 638 1684 'rSoizrolenie
662 1638 692 1691 (r
716 1636 793 1684 ctom
817 1628 927 1696 slucall)
951 1629 1083 1700 remmia,
1116 1626 1177 1684 kak
1201 1647 1299 1684 samec
1324 1625 1399 1696 dela,

152 1729 272 1792 potomu
302 1717 348 1770 cto
380 1714 400 1787 (i
433 1735 452 1769 r
475 1730 552 1771 ctom
583 1713 662 1782 dele}
694 1733 806 1770 osnova
834 1713 903 1770 dela
935 1714 1117 1790 polagactsja
1149 1712 1396 1791 proizroleniernr

154 1799 270 1863 llll'rem
294 1802 382 1856 uir-in.
406 1800 550 1876 lspored‘.
574 1814 593 1857 t.
618 1802 648 1865 Ι..
673 1801 756 1869 234).
781 1801 943 1857 Kresceuic
967 1799 1084 1874 kroriju
1108 1801 1274 1874 aamenjaot
1296 1801 1400 1856 tainst-
1428 1843 1432 1852 .

155 1906 270 1944 rennos
286 1886 438 1944 krescouie
454 1885 550 1962 rodoj‚
566 1887 708 1957 kenwino,
728 1907 765 1944 ne
782 1889 861 1961 sroej
881 1889 1004 1962 rnc'tsnej
1022 1889 1136 1963 liurnoi,
1153 1907 1189 1944 nc
1206 1889 1399 1949 omoreuicm„

154 1977 267 2030 vmesto
293 1973 379 2052 rody,
412 1973 538 2048 krmiju,
572 1974 619 2031 ibo
642 1973 752 2052 byract
775 1973 1013 2049 mutenicesknja
1036 1977 1134 2031 surert‘
1158 1976 1166 2030 i
1192 1973 1244 2030 beu
1268 1973 1400 2052 prolitija

155 2060 257 2132 ltrorig
289 2081 345 2117 ouo
369 2068 559 2118 toiestrenno
583 2082 596 2118 s
620 2063 681 2118 uim
705 2081 741 2138 po
764 2072 980 2119 rnutrenucmu
1011 2062 1141 2139 smyslu:
1170 2061 1231 2117 kak
1254 2071 1292 2123 to,
1316 2059 1367 2118 tak
1392 2061 1400 2116 i

154 2161 201 2204 eto
223 2146 407 2224 proisljodjat
430 2163 459 2204 ot
484 2147 738 2224 lrezpororotuago
761 2149 889 2222 resenija
913 2147 1006 2205 alulit*
1029 2149 1131 2224 Hristu
1155 2150 1163 2204 i
1188 2149 1349 2222 atteienija
1372 2156 1400 2203 ot

154 2234 238 2306 sroib
262 2234 438 2312 grebornyb
462 2235 596 2310 aelanij:
625 2233 682 2311 (ed.
707 2239 734 2291 3.
758 2236 876 2311 Pctrop.
904 2237 994 2301 lutra,
1018 2257 1044 2312 p.
1070 2239 1154 2310 21‘2).
1178 2235 1224 2292 tr.
1242 2233 1400 2312 lalualtic,

156 2319 235 2400 Περὶ
259 2320 368 2399 ἀρχῶν
391 2342 418 2399 p.
444 2323 514 2379 tos.

257 2407 355 2464 Partis
386 2407 532 2465 secundae
564 2418 672 2477 tamen,
706 2427 782 2484 (ptrue
812 2406 849 2464 alr
882 2407 1024 2470 erunibus.
1060 2411 1111 2485 qui
1134 2409 1340 2466 contritionem
1364 2427 1401 2464 ex

154 2495 276 2551 caritate
292 2493 498 2572 procedentem
515 2494 553 2551 ad
568 2496 718 2552 efficacem
738 2514 820 2551 usnnr
845 2495 972 2552 clarium
991 2497 1186 2552 necessariam
1203 2515 1267 2553 esse
1284 2494 1401 2564 ducunt,

154 2583 179 2638 si
202 2592 370 2638 constantes
393 2601 457 2639 esse
480 2582 583 2650 velint,
613 2580 778 2655 negabitur,
808 2583 897 2637 etiam
924 2582 1081 2639 ltussormn
1105 2582 1266 2657 theologos,
1298 2581 1401 2639 saltem

156 2669 303 2745 plurimos,
327 2667 511 2728 adversarios
528 2668 678 2726 habemus.
703 2667 807 2724 llidom
825 2670 900 2744 parti
918 2684 1056 2744 expresso
1073 2671 1229 2744 opponitur
1246 2668 1401 2725 ,lliclrael

156 2756 275 2811 Baius
305 2753 414 2812 docens
444 2767 529 2813 extra
557 2777 656 2814 casum
681 2757 864 2812 necessitatis
889 2757 1093 2811 contritionem
1118 2755 1276 2831 perfectam
1301 2755 1402 2830 culpas

157 2861 215 2899 non
239 2842 400 2911 remittens
423 2841 531 2901 deinde
557 2844 701 2910 listins,
727 2843 761 2899 ln
777 2842 795 2898 l.
812 2845 840 2898 l.
857 2839 924 2898 dist.
947 2844 992 2905 li,
1016 2841 1162 2911 §filinae
1187 2839 1288 2898 tradit:
1316 2841 1401 2907 „Non

157 2939 201 2985 est
223 2926 353 2992 dubium,
386 2932 458 3005 quin
481 2944 603 3005 urgente
626 2929 749 2986 articulo
772 2928 882 2986 mortis.
917 2927 1035 3004 quarulo
1058 2926 1193 2985 sacerdos
1218 2925 1318 2984 haberi
1344 2947 1402 2985 non

157 3025 260 3092 potest,
295 3017 326 3072 in
349 3015 467 3073 homine
490 3038 560 3074 rere
592 3018 717 3072 contrito
749 3025 849 3071 rotam
881 3017 1054 3072 sacramenti
1087 3015 1229 3091 suppleat.
1264 3013 1341 3091 tptrod
1364 3035 1401 3070 ex

157 3111 240 3178 parte
262 3105 438 3160 sacramenti
462 3103 545 3160 deest
570 3148 575 3158 .
600 3147 605 3158 .
629 3147 635 3158 .
668 3100 727 3158 n‘cd
751 3110 866 3178 praeter
889 3101 968 3160 huuc
991 3121 1089 3158 casum
1114 3103 1201 3158 etiarn
1226 3101 1299 3156 alias
1324 3099 1401 3157 idern

158 3190 329 3264 contingere
344 3209 403 3246 non
419 3199 463 3246 est
479 3188 682 3258 dubitandum,
705 3189 852 3249 nimirum.
876 3187 993 3264 quando
1014 3190 1138 3245 ocerrrrit
1155 3206 1238 3244 casus
1262 3186 1402 3257 scandali,

159 3284 207 3333 aut
230 3274 350 3332 alterius
373 3280 487 3352 peccati
511 3275 688 3345 incurrendi,
712 3277 736 3331 si
760 3274 905 3332 absolutio
929 3285 1051 3352 petatur.
1089 3275 1172 3345 ltem,
1197 3272 1313 3351 tpuando
1337 3275 1403 3350 quis

158 3364 276 3418 omuino
300 3382 358 3418 nou
381 3372 476 3439 potest
500 3374 551 3421 aut
565 3379 642 3420 cene
665 3361 841 3420 difficillime.
864 3373 958 3438 potest
983 3370 1144 3438 opportuno
1167 3377 1297 3438 ternpore
1321 3359 1402 3418 adire

158 3447 348 3517 sacerdotem,
371 3469 389 3505 a
404 3471 461 3528 quo
484 3450 660 3514 absolvatur,
684 3450 764 3507 rolut
782 3451 805 3505 si
824 3448 937 3506 lralritct
961 3449 1037 3506 iuter
1054 3447 1188 3505 inlidclcs
1205 3457 1253 3505 aut
1269 3457 1403 3505 teneatur

159 3537 189 3591 in
212 3534 338 3592 vinculis
362 3546 410 3593 aut
435 3539 524 3595 simili
549 3539 685 3615 quopiam
710 3534 922 3614 impedimento
945 3535 1142 3612 prohibeatur.
1174 3538 1222 3592 Au
1247 3537 1284 3592 sit
1307 3545 1402 3592 certus

159 3621 265 3699 aliquis
289 3621 398 3698 gradus
421 3624 606 3693 intensionis,
629 3623 667 3680 ad
691 3643 777 3704 quem
801 3642 866 3679 curu
891 3624 1042 3700 pertigerit
1066 3623 1201 3679 contritio
1217 3621 1264 3678 rel
1284 3620 1403 3678 dilectio

160 3709 216 3766 Ilei
232 3711 263 3766 iu
279 3709 489 3768 catechumeno
507 3711 553 3767 rel
569 3711 747 3788 poenitente,
771 3722 959 3786 perpetua
983 3709 1017 3766 lc
1027 3729 1070 3783 ge
1094 3711 1278 3766 corriuuctam
1296 3706 1403 3764 lrabeat

159 3797 359 3854 remissionem
383 3808 576 3876 peccatorum,
599 3799 743 3854 incertum
766 3808 819 3858 cst,
847 3800 936 3854 immo
961 3817 1018 3853 non
1042 3800 1189 3872 apparot.'·
1219 3795 1291 3851 ltem
1317 3795 1402 3851 Aur.

159 3883 299 3952 Piette‚
324 3883 545 3943 lllucidatioues
569 3883 726 3942 difficilior.
743 3881 831 3940 tlrcol.
855 3891 966 3959 (putreat.
990 3904 1016 3960 p.
1036 3885 1064 3954 l,
1089 3885 1149 3959 cpi
1176 3891 1264 3958 negat
1287 3901 1402 3940 omnem

161 3969 216 4025 llei
232 3989 359 4026 amorem
383 3991 469 4048 super
484 3974 584 4029 onmia
599 3991 633 4028 ex
660 3980 768 4028 certa
791 3971 879 4045 lege
903 3969 1050 4026 homiuem
1075 3969 1242 4026 iustificare.
1268 3969 1403 4045 Denique

160 4055 436 4136 Wostermayr,
460 4059 522 4117 Das
538 4058 723 4135 Papstthum‚
747 4058 821 4115 Hoft
845 4060 873 4128 tl,
898 4057 988 4114 uhtu.
1012 4059 1039 4126 2,
1062 4055 1120 4112 'sn
1147 4061 1171 4126 1,
1196 4059 1224 4112 S.
1246 4059 1286 4114 tu
1309 4055 1402 4114 solum

159 4143 189 4198 in
212 4161 281 4199 casu
304 4148 488 4202 necessitatis
511 4159 633 4222 peccata
655 4156 724 4202 ante
755 4158 783 4201 et
814 4160 900 4202 extra
932 4145 1075 4200 actualem
1101 4164 1182 4202 usum
1208 4144 1335 4202 clarium
1360 4163 1402 4198 rc-

160 4231 234 4285 mitti
259 4239 350 4306 putat.

262 4315 298 4372 ln
330 4319 500 4392 quaestione
530 4319 622 4394 partis
649 4319 753 4374 tertiae
787 4317 823 4373 ll.
856 4317 1003 4374 llurtcr
1034 4316 1106 4372 lracc
1139 4327 1301 4392 propugnat
1334 4315 1403 4392 (Th.

161 4399 255 4477 dogm.
279 4421 371 4479 comp.
396 4407 422 4471 ll,
447 4416 465 4463 t.
491 4406 517 4463 3.
543 4425 569 4464 n.
593 4403 687 4477 stlat:
723 4403 907 4477 „Quaeritun
939 4421 1083 4480 tptacnam
1108 4404 1214 4458 caritas
1238 4401 1275 4458 ad
1298 4403 1404 4458 coutri-

160 4490 269 4546 tionem
293 4489 451 4565 perlectam
470 4492 641 4567 requiratur.
665 4489 847 4567 Responderi
866 4490 946 4548 solet.
972 4491 1078 4565 requiri
1104 4509 1231 4545 amorem
1256 4489 1402 4544 amicitiae

160 4584 188 4631 et
211 4573 445 4645 benevolentiae,
469 4575 545 4653 quod
570 4579 755 4634 verissimum
779 4586 831 4633 est.
856 4579 888 4632 Si
907 4576 1027 4634 ulterius
1047 4577 1171 4652 quaeris,
1195 4572 1342 4651 quoduam
1366 4577 1404 4630 sit

160 4661 244 4720 huius
267 4665 398 4720 caritatis
421 4667 562 4720 motivum
587 4663 716 4734 lirrmale,
743 4684 802 4720 nou
825 4662 926 4719 trarlcm
952 4671 995 4718 est
1020 4661 1220 4732 theologorum
1245 4663 1404 4737 responsio.
