3450 5342
838 411 879 419 -
907 381 965 434 llo
991 409 1031 418 -

308 567 495 644 indagantur,
518 569 709 644 primasium
731 565 770 625 ad
792 579 911 644 gentem
936 567 1130 625 Bobemicam
1155 577 1322 645 spectantes
1337 568 1459 644 eiusque
1485 565 1566 624 idio-

309 667 388 714 mate
418 664 555 714 exustos
585 653 706 732 protulit
736 657 853 714 tructus.
898 655 934 712 ln
964 654 1137 712 collectione
1166 651 1306 712 librorum
1337 673 1412 731 quae
1435 661 1567 710 vocatur

309 739 497 799 Bibliotheca
511 742 692 800 institutoria
711 740 858 799 catholiea
873 741 947 800 baec
970 741 1122 815 ,Historia
1137 741 1254 799 socialis
1269 739 1432 798 Boberniea
1449 743 1566 798 aetatis

309 830 501 907 antiquioris*
536 849 554 886 a
576 828 682 886 hanc.
707 827 808 886 Vacek
838 829 1006 906 conscripta
1034 825 1116 886 edita
1145 835 1198 886 est.
1243 829 1318 885 Cum
1347 829 1379 884 in
1411 825 1481 884 libri
1514 829 1563 884 iu-

310 916 468 993 scriptione
487 925 602 993 tempus
617 934 714 972 rerum
730 925 931 974 enarraturum
948 917 1113 974 accuratius
1129 935 1187 972 non
1200 913 1378 991 designetur,
1392 913 1567 972 indicemus

311 1011 425 1080 oportet
453 1002 616 1060 Historiam
644 1022 662 1058 a
689 1001 857 1079 primordiis
886 1005 983 1078 gentis
1011 1021 1102 1080 usque
1132 1001 1170 1060 ad
1193 1001 1339 1060 saeculum
1365 1000 1461 1068 Xlll,
1500 1021 1562 1078 quo

310 1090 515 1148 institutiones
538 1087 677 1147 Slavicae
711 1090 766 1146 iuri
790 1102 820 1147 et
847 1087 1052 1148 consuetudini
1084 1098 1243 1147 extraneae
1264 1087 1369 1146 cedere
1391 1101 1565 1166 coeperunt,

310 1178 419 1254 passim
446 1186 475 1232 et
499 1173 536 1233 ad
559 1173 672 1232 medios
695 1177 804 1233 sacculi
827 1176 913 1234 Xll'.
936 1195 1029 1234 annos
1051 1175 1191 1254 protrahi.
1236 1177 1349 1253 Corpus
1372 1176 1473 1252 scripti
1498 1195 1566 1232 rna-

311 1264 415 1320 teriam
447 1275 492 1320 set
522 1263 670 1339 copiosam
703 1273 732 1319 et
761 1265 873 1321 variam
901 1263 1098 1340 complectens
1128 1264 1159 1320 in
1190 1275 1301 1340 septem
1333 1261 1471 1320 articulos
1506 1282 1563 1319 seu

313 1359 411 1427 partes
434 1349 606 1407 distinctum
628 1359 680 1410 est.

428 1463 464 1519 ln
495 1461 627 1529 articulo,
650 1482 708 1540 quo
731 1472 872 1520 tractatus
896 1462 932 1520 de
954 1461 1085 1520 coetibus
1108 1481 1297 1540 personarum
1321 1464 1462 1536 sanguine
1492 1482 1567 1520 con-

315 1550 480 1607 iuncturum
523 1550 698 1619 continetur,
734 1550 869 1628 quaestio
910 1552 1088 1628 proponitur,
1122 1547 1268 1626 quomedo
1299 1550 1459 1608 associatae
1497 1549 1565 1606 fne-

311 1638 370 1694 rint
407 1648 521 1694 turmae
559 1636 722 1705 Slavornm,
760 1657 826 1694 cum
860 1638 891 1693 in
926 1647 1042 1708 terram,
1081 1655 1156 1714 quae
1195 1635 1232 1693 ab
1269 1637 1398 1712 ipsorum
1435 1638 1560 1694 nornine

310 1722 455 1781 Bobemia
492 1723 664 1801 appellatur,
698 1734 796 1801 partes
828 1725 892 1781 eius
926 1722 1094 1802 occupando
1127 1721 1295 1782 iutrarent?
1340 1721 1563 1802 Disquisitione

311 1811 390 1868 facta
411 1811 622 1889 perpensisque
644 1809 815 1881 rationibus,
839 1829 915 1888 quae
930 1809 1164 1890 explorationem
1187 1812 1230 1868 rei
1253 1809 1439 1888 aliquatenus
1455 1811 1566 1868 invare

310 1904 454 1975 poterant,
469 1898 604 1956 nonanes
620 1899 758 1968 nationis,
772 1900 871 1975 gentis
889 1911 919 1954 et
935 1897 1066 1956 familiae
1082 1905 1249 1956 sumuntur
1264 1894 1302 1954 ab
1318 1896 1404 1956 huius
1419 1897 1565 1975 temporis

311 2003 399 2042 sensu
422 2003 481 2042 uon
504 1982 692 2042 mediocriter
712 1983 857 2043 diversae.
888 1985 939 2052 Iis,
963 2004 1039 2062 quae
1062 1983 1104 2042 ibi
1127 1983 1207 2042 dicta
1222 1995 1290 2042 snut
1312 1982 1350 2042 de
1373 1983 1485 2043 ambitu
1508 2001 1565 2041 ua-

311 2071 450 2129 turalium
480 2073 661 2142 societatum,
695 2069 733 2129 de
757 2071 872 2130 familia
902 2069 1028 2150 quodam
1060 2091 1182 2130 numero
1211 2073 1440 2150 propinquorum
1464 2079 1562 2139 aucta,

311 2157 348 2215 de
379 2166 523 2216 structura
546 2158 653 2235 gentis,
686 2157 724 2216 de
755 2160 874 2217 natione
903 2160 1093 2217 existentiam
1124 2161 1268 2216 minorum
1300 2167 1433 2216 coetuum
1456 2156 1563 2216 delen-

312 2243 409 2315 dente,
444 2243 481 2302 de
515 2243 684 2322 proceribus
717 2246 970 2317 communitatum,
1004 2245 1064 2305 alia
1097 2245 1190 2304 multa
1223 2265 1359 2303 eonnexa
1389 2247 1561 2324 reperimus„

312 2329 418 2408 quibus
448 2330 559 2390 iudicia
580 2334 707 2391 auctoris
740 2333 915 2392 innituntur.
961 2333 1002 2392 Ut
1025 2332 1167 2392 nonnulla
1193 2334 1356 2390 accuratius
1386 2331 1565 2403 indicemus,

311 2420 343 2475 in
358 2416 553 2477 describenda
575 2418 718 2496 qualitate
740 2421 890 2478 societatis
913 2422 1053 2498 antiquae
1076 2421 1173 2498 agitur
1195 2417 1232 2477 de
1252 2417 1425 2478 condicione
1440 2418 1561 2498 peculii,

311 2503 493 2564 substantiae
522 2508 657 2584 privatae
679 2516 709 2564 et
731 2506 913 2582 collectivae,
948 2505 985 2566 de
1008 2505 1166 2584 generibus
1197 2503 1310 2564 sedium
1333 2508 1562 2584 primaevam,

313 2592 394 2649 villis
417 2601 447 2650 et
469 2591 608 2671 praediis,
632 2591 669 2650 de
692 2595 865 2652 oeconomia
887 2596 929 2652 roi
957 2593 1113 2652 familiaris
1135 2602 1165 2650 et
1187 2591 1331 2670 publicae.

417 2721 530 2798 Quodsi
546 2725 642 2801 prima
654 2724 806 2782 Historiae
829 2733 913 2802 parte
929 2723 1162 2783 necessitudines
1185 2741 1337 2801 nexusque
1360 2723 1564 2781 naturales

314 2810 478 2867 examinari
494 2810 614 2888 placuit,
630 2812 661 2869 in
685 2810 847 2870 secunda
870 2813 929 2869 iam
947 2811 1138 2870 formationes
1153 2811 1278 2869 sociales
1301 2809 1561 2868 artificiosae

316 2896 520 2955 discutiuntur.
544 2896 727 2974 Quaestione
750 2897 787 2956 de
803 2908 881 2956 stetu
904 2897 1050 2956 libertatis
1074 2896 1153 2976 apud
1165 2897 1270 2956 Slavos
1285 2899 1447 2975 praemissa
1461 2905 1566 2954 auctor

315 2980 352 3040 ad
383 2981 640 3044 denominationes
670 3005 860 3063 personarum
890 2983 1048 3044 liberarum
1077 2987 1109 3042 in
1136 2983 1281 3043 Bobenna
1308 3003 1466 3063 earumque
1495 2985 1563 3040 iura

317 3079 406 3148 atque
428 3069 528 3129 officia
549 3073 669 3147 transit3
691 3073 723 3130 in
746 3071 852 3150 quibus
875 3072 1035 3150 praecipua
1057 3072 1130 3130 haec
1149 3079 1299 3130 notantur:
1323 3065 1563 3130 defacultatibus

314 3159 375 3216 suis
399 3155 493 3215 libore
516 3156 692 3236 disponendi
723 3168 854 3237 potestas
878 3161 950 3237 ipsis
972 3168 1043 3232 erat,
1077 3158 1114 3218 ad
1138 3160 1301 3238 principem
1325 3155 1423 3217 aditus
1444 3159 1486 3216 eis
1509 3176 1565 3235 pa-

312 3243 402 3315 tebat,
438 3245 603 3323 principem
626 3265 735 3305 novum
759 3245 891 3324 eligendi
914 3249 1025 3306 iussis
1048 3245 1250 3324 competebat;
1281 3243 1431 3304 debebunt
1459 3253 1556 3303 autom

311 3352 364 3412 pro
387 3331 498 3390 tuenda
520 3334 617 3410 patria
647 3352 730 3391 arma
760 3353 864 3412 capere
896 3347 1013 3392 etcum
1036 3331 1301 3394 liostedecertare.
1346 3332 1554 3391 Evolutionem

312 3417 477 3477 nobilitatis
500 3418 609 3478 deinde
631 3439 819 3498 persequens,
853 3420 892 3478 ad
915 3420 1111 3480 differentiam
1138 3421 1216 3478 inter
1239 3419 1353 3478 nobiles
1375 3439 1483 3496 genere
1505 3437 1556 3477 seu

312 3513 377 3564 ortu
406 3507 551 3583 ingenuos
573 3515 603 3565 et
624 3527 682 3578 ees,
713 3509 764 3586 qui
786 3507 906 3586 publica
927 3510 1029 3567 munia
1055 3506 1185 3576 obibant,
1215 3507 1355 3585 aliosque,
1386 3505 1425 3564 ad
1449 3505 1557 3564 disere·

312 3595 445 3671 pantiam
460 3594 539 3651 inter
561 3591 675 3653 nobiles
691 3595 817 3655 maiores
835 3605 866 3654 et
881 3597 1009 3653 minores
1024 3593 1230 3673 explicandam
1248 3591 1427 3672 aggreditur.
1450 3593 1557 3651 Postea

313 3700 383 3758 opes
413 3679 578 3738 hereditate
608 3681 657 3738 vel
687 3683 800 3740 meritis
823 3681 972 3741 nobilibus
1002 3680 1202 3754 obvenientes,
1236 3682 1396 3740 auctoritas
1418 3681 1555 3739 comitum

312 3769 344 3825 in
367 3767 490 3826 consilio
513 3765 605 3840 ducis,
634 3778 732 3846 partes
755 3789 854 3828 eorum
878 3772 909 3827 iu
933 3766 1168 3828 administranda
1191 3787 1221 3826 re
1243 3766 1371 3846 publica,
1394 3768 1559 3826 ministeria

313 3853 350 3912 ab
373 3855 511 3930 ingenuis
534 3863 608 3926 acta,
631 3858 736 3914 merita
759 3867 789 3914 et
810 3855 955 3914 demerita
979 3876 1077 3914 eorum
1101 3854 1261 3932 diligenter
1283 3863 1455 3914 tractantur.

416 3982 531 4061 Quibus
553 3989 697 4065 expositis
708 3987 843 4046 Historia
857 3995 1014 4045 tractatum
1030 3985 1161 4044 adnectit
1175 3985 1213 4044 de
1228 3987 1387 4064 mancipiis
1409 3994 1439 4043 et
1456 3986 1553 4042 vernis

314 4069 548 4151 hominibusque,
571 4075 622 4151 qui
644 4073 826 4132 vocabantur
848 4076 926 4133 servi
950 4083 979 4132 et
994 4073 1142 4132 tributarii
1158 4071 1321 4150 (54-88).
1344 4072 1476 4132 Societas
1491 4070 1554 4129 Sla-

312 4158 382 4214 vica
403 4159 434 4215 iu
457 4159 610 4231 Bobemia,
634 4181 709 4239 quae
732 4163 795 4238 agri
818 4161 950 4220 culturae
973 4159 1118 4235 studebat,
1148 4162 1192 4218 eis
1215 4179 1315 4218 carere
1336 4158 1416 4218 baud
1439 4165 1556 4237 poterat.

312 4243 379 4319 Quo
402 4245 513 4304 fuctum
535 4257 587 4320 est,
617 4256 649 4306 nt
672 4249 783 4327 captivi
807 4250 838 4307 in
860 4250 1031 4307 servitutem
1056 4246 1169 4306 redacti
1192 4257 1222 4306 et
1244 4248 1324 4305 servi
1346 4245 1486 4304 venalicii
1507 4265 1557 4304 ne·

312 4332 401 4408 gotiis
431 4334 463 4391 in
486 4334 567 4393 villis
589 4338 761 4412 potentium,
796 4337 967 4394 oeconomia
996 4343 1027 4394 et
1048 4329 1135 4413 op'ere
1166 4335 1276 4394 rustico
1299 4333 1555 4411 obstr-ingerentia.

311 4417 406 4478 donec
428 4420 545 4479 saeculo
567 4422 639 4479 XII.
663 4424 785 4481 ineunte
808 4422 936 4484 meliore,
961 4441 1047 4500 quam
1073 4431 1170 4496 antee,
1196 4420 1369 4482 madicione
1392 4421 1436 4479 uti
1458 4438 1557 4497 coepe-

312 4521 388 4564 runt.
411 4507 558 4566 Numerus
581 4527 730 4567 servorum
754 4507 917 4586 augebatur
940 4519 970 4568 et
995 4507 1032 4567 ab
1055 4507 1215 4587 indigenis,
1239 4511 1290 4587 qui
1314 4517 1433 4588 propter
1450 4505 1558 4565 deficta

312 4614 365 4651 sua
388 4592 524 4651 libertate
547 4597 656 4672 privati
672 4595 813 4674 ducisque
836 4597 886 4654 vel
910 4595 1053 4656 nobilium
1077 4599 1215 4675 potestati
1240 4595 1353 4654 subacti
1377 4608 1427 4654 ant
1448 4590 1558 4652 viribus

313 4683 373 4738 suis
396 4682 508 4738 servire
531 4690 581 4737 aut
597 4681 745 4758 stipendia
763 4686 902 4761 impositu
918 4683 1048 4760 pendere
1064 4683 1192 4742 dominis
1215 4679 1371 4742 debebant.
1394 4679 1453 4739 Pro
1470 4679 1557 4738 variis

313 4766 420 4823 ciliciis
455 4765 589 4824 diversos
611 4766 763 4825 hominum
781 4768 901 4847 ‚classes
924 4771 1072 4828 invenies:
1108 4769 1280 4827 remaculos
1303 4787 1353 4826 seu
1386 4785 1484 4826 servos
1506 4763 1556 4823 do-
