<?xml version="1.0" encoding="UTF-8"?>
<!DOCTYPE html PUBLIC "-//W3C//DTD XHTML 1.0 Transitional//EN"
    "http://www.w3.org/TR/xhtml1/DTD/xhtml1-transitional.dtd">
<html xmlns="http://www.w3.org/1999/xhtml" xml:lang="en" lang="en">
 <head>
  <title>
</title>
<meta http-equiv="Content-Type" content="text/html;charset=utf-8" />
  <meta name='ocr-system' content='tesseract 3.04.00' />
  <meta name='ocr-capabilities' content='ocr_page ocr_carea ocr_par ocr_line ocrx_word'/>
</head>
<body>
  <div class='ocr_page' id='page_1' title='image "./slavorumlittera00unkngoog_0534.png"; bbox 0 0 3450 5342; ppageno 0'>
   <div class='ocr_carea' id='block_1_1' title="bbox 883 279 1074 336">
    <p class='ocr_par' dir='ltr' id='par_1_1' title="bbox 883 279 1074 336">
     <span class='ocr_line' id='line_1_1' title="bbox 883 279 1074 336; baseline -0.01 0"><span class='ocrx_word' id='word_1_1' title='bbox 883 309 921 324; x_wconf 90' lang='lat'><em>-</em></span> <span class='ocrx_word' id='word_1_2' title='bbox 951 279 1007 336; x_wconf 79' lang='lat' dir='ltr'><strong>tttt</strong></span> <span class='ocrx_word' id='word_1_3' title='bbox 1033 311 1074 321; x_wconf 91' lang='lat'><strong>-—</strong></span> 
     </span>
    </p>
   </div>
   <div class='ocr_carea' id='block_1_2' title="bbox 276 467 1679 4370">
    <p class='ocr_par' dir='ltr' id='par_1_2' title="bbox 350 467 1679 2198">
     <span class='ocr_line' id='line_1_2' title="bbox 351 467 1600 547; baseline -0.004 -21"><span class='ocrx_word' id='word_1_4' title='bbox 351 467 571 547; x_wconf 75' lang='lat' dir='ltr'><strong>opt-rationibus</strong></span> <span class='ocrx_word' id='word_1_5' title='bbox 596 469 614 525; x_wconf 96' lang='lat' dir='ltr'><strong>h</strong></span> <span class='ocrx_word' id='word_1_6' title='bbox 626 471 788 535; x_wconf 78' lang='lat' dir='ltr'><strong>amanis,</strong></span> <span class='ocrx_word' id='word_1_7' title='bbox 811 482 841 526; x_wconf 91' lang='lat' dir='ltr'><strong>ut</strong></span> <span class='ocrx_word' id='word_1_8' title='bbox 857 481 901 526; x_wconf 90' lang='lat' dir='ltr'><strong>est</strong></span> <span class='ocrx_word' id='word_1_9' title='bbox 926 491 950 526; x_wconf 90' lang='lat' dir='ltr'><strong>e.</strong></span> <span class='ocrx_word' id='word_1_10' title='bbox 966 491 993 546; x_wconf 77' lang='lat' dir='ltr'><strong>g.</strong></span> <span class='ocrx_word' id='word_1_11' title='bbox 1017 482 1099 526; x_wconf 89' lang='lat' dir='ltr'><strong>actus</strong></span> <span class='ocrx_word' id='word_1_12' title='bbox 1123 469 1315 526; x_wconf 88' lang='lat' dir='ltr'><strong>orationis-</strong></span> <span class='ocrx_word' id='word_1_13' title='bbox 1335 487 1457 546; x_wconf 75' lang='lat' dir='ltr'><strong>„opera</strong></span> <span class='ocrx_word' id='word_1_14' title='bbox 1483 467 1600 522; x_wconf 73' lang='lat' dir='ltr'><strong>humaui—</strong></span> 
     </span>
     <span class='ocr_line' id='line_1_3' title="bbox 350 553 1602 632; baseline -0.003 -19"><span class='ocrx_word' id='word_1_15' title='bbox 350 557 438 613; x_wconf 82' lang='lat' dir='ltr'><strong>tatis¹‘</strong></span> <span class='ocrx_word' id='word_1_16' title='bbox 467 589 504 598; x_wconf 80' lang='lat'><em>-</em></span> <span class='ocrx_word' id='word_1_17' title='bbox 530 567 558 612; x_wconf 86' lang='lat' dir='ltr'><strong>et</strong></span> <span class='ocrx_word' id='word_1_18' title='bbox 582 567 651 614; x_wconf 80' lang='lat' dir='ltr'><strong>tuuc</strong></span> <span class='ocrx_word' id='word_1_19' title='bbox 675 557 805 632; x_wconf 86' lang='lat' dir='ltr'><strong>profectu</strong></span> <span class='ocrx_word' id='word_1_20' title='bbox 834 555 1053 618; x_wconf 78' lang='lat' dir='ltr'><strong>mirabitur,</strong></span> <span class='ocrx_word' id='word_1_21' title='bbox 1096 554 1173 632; x_wconf 81' lang='lat' dir='ltr'><strong>quod</strong></span> <span class='ocrx_word' id='word_1_22' title='bbox 1198 553 1355 619; x_wconf 68' lang='lat' dir='ltr'><strong>Honorius,</strong></span> <span class='ocrx_word' id='word_1_23' title='bbox 1382 575 1456 612; x_wconf 83' lang='lat' dir='ltr'><strong>rem</strong></span> <span class='ocrx_word' id='word_1_24' title='bbox 1493 557 1602 630; x_wconf 84' lang='lat' dir='ltr'><strong>ipsam</strong></span> 
     </span>
     <span class='ocr_line' id='line_1_4' title="bbox 351 641 1679 720; baseline -0.002 -22"><span class='ocrx_word' id='word_1_25' title='bbox 351 644 435 720; x_wconf 74' lang='lat' dir='ltr'><strong>tpuasi</strong></span> <span class='ocrx_word' id='word_1_26' title='bbox 467 663 536 720; x_wconf 82' lang='lat' dir='ltr'><strong>prae</strong></span> <span class='ocrx_word' id='word_1_27' title='bbox 564 641 700 700; x_wconf 79' lang='lat' dir='ltr'><strong>inanibus</strong></span> <span class='ocrx_word' id='word_1_28' title='bbox 730 641 867 710; x_wconf 75' lang='lat' dir='ltr'><strong>tenendo,</strong></span> <span class='ocrx_word' id='word_1_29' title='bbox 902 642 938 700; x_wconf 86' lang='lat' dir='ltr'><strong>de</strong></span> <span class='ocrx_word' id='word_1_30' title='bbox 973 645 1087 701; x_wconf 84' lang='lat' dir='ltr'><strong>unire</strong></span> <span class='ocrx_word' id='word_1_31' title='bbox 1122 642 1299 700; x_wconf 86' lang='lat' dir='ltr'><strong>naturali</strong></span> <span class='ocrx_word' id='word_1_32' title='bbox 1336 641 1602 718; x_wconf 74' lang='lat' dir='ltr'><strong>expressione</strong></span> <span class='ocrx_word' id='word_1_33' title='bbox 1678 685 1679 688; x_wconf 63' lang='lat'>,</span> 
     </span>
     <span class='ocr_line' id='line_1_5' title="bbox 354 725 1605 806; baseline -0.004 -20"><span class='ocrx_word' id='word_1_34' title='bbox 354 729 439 787; x_wconf 88' lang='lat' dir='ltr'><strong>huius</strong></span> <span class='ocrx_word' id='word_1_35' title='bbox 462 730 503 786; x_wconf 86' lang='lat' dir='ltr'><strong>rei</strong></span> <span class='ocrx_word' id='word_1_36' title='bbox 527 728 711 791; x_wconf 74' lang='lat' dir='ltr'><strong>liat-citet.</strong></span> <span class='ocrx_word' id='word_1_37' title='bbox 746 749 812 786; x_wconf 85' lang='lat' dir='ltr'><strong>eam</strong></span> <span class='ocrx_word' id='word_1_38' title='bbox 834 731 1037 799; x_wconf 72' lang='lat' dir='ltr'><strong>grammaticis</strong></span> <span class='ocrx_word' id='word_1_39' title='bbox 1060 727 1261 806; x_wconf 84' lang='lat' dir='ltr'><strong>relinquendo.</strong></span> <span class='ocrx_word' id='word_1_40' title='bbox 1310 729 1430 786; x_wconf 83' lang='lat' dir='ltr'><strong>l&#39;erum</strong></span> <span class='ocrx_word' id='word_1_41' title='bbox 1459 725 1605 784; x_wconf 71' lang='lat' dir='ltr'><strong>admiratio</strong></span> 
     </span>
     <span class='ocr_line' id='line_1_6' title="bbox 352 813 1605 894; baseline -0.002 -22"><span class='ocrx_word' id='word_1_42' title='bbox 352 813 487 885; x_wconf 85' lang='lat' dir='ltr'><strong>cessabit,</strong></span> <span class='ocrx_word' id='word_1_43' title='bbox 520 817 545 871; x_wconf 88' lang='lat' dir='ltr'><strong>si</strong></span> <span class='ocrx_word' id='word_1_44' title='bbox 569 817 796 873; x_wconf 75' lang='lat' dir='ltr'><strong>accuratius</strong></span> <span class='ocrx_word' id='word_1_45' title='bbox 820 815 1005 894; x_wconf 85' lang='lat' dir='ltr'><strong>inspiciendo</strong></span> <span class='ocrx_word' id='word_1_46' title='bbox 1036 815 1298 894; x_wconf 76' lang='lat' dir='ltr'><strong>deprehendamus.</strong></span> <span class='ocrx_word' id='word_1_47' title='bbox 1330 814 1439 893; x_wconf 86' lang='lat' dir='ltr'><strong>quid</strong></span> <span class='ocrx_word' id='word_1_48' title='bbox 1467 813 1605 872; x_wconf 74' lang='lat' dir='ltr'><strong>Honorio</strong></span> 
     </span>
     <span class='ocr_line' id='line_1_7' title="bbox 352 901 1606 980; baseline -0.002 -22"><span class='ocrx_word' id='word_1_49' title='bbox 352 905 555 980; x_wconf 69' lang='lat' dir='ltr'><strong>operationum</strong></span> <span class='ocrx_word' id='word_1_50' title='bbox 578 901 747 960; x_wconf 81' lang='lat' dir='ltr'><strong>divinarum</strong></span> <span class='ocrx_word' id='word_1_51' title='bbox 770 914 799 960; x_wconf 85' lang='lat' dir='ltr'><strong>et</strong></span> <span class='ocrx_word' id='word_1_52' title='bbox 822 903 1016 961; x_wconf 87' lang='lat' dir='ltr'><strong>humanarum</strong></span> <span class='ocrx_word' id='word_1_53' title='bbox 1047 905 1164 962; x_wconf 90' lang='lat' dir='ltr'><strong>nomine</strong></span> <span class='ocrx_word' id='word_1_54' title='bbox 1188 903 1236 961; x_wconf 90' lang='lat' dir='ltr'><strong>hic</strong></span> <span class='ocrx_word' id='word_1_55' title='bbox 1259 903 1427 978; x_wconf 79' lang='lat' dir='ltr'><strong>intelligat.</strong></span> <span class='ocrx_word' id='word_1_56' title='bbox 1482 901 1606 978; x_wconf 58' lang='lat' dir='ltr'><strong>Namque</strong></span> 
     </span>
     <span class='ocr_line' id='line_1_8' title="bbox 353 988 1605 1068; baseline -0.004 -22"><span class='ocrx_word' id='word_1_57' title='bbox 353 992 442 1057; x_wconf 73' lang='lat' dir='ltr'><strong>euim,</strong></span> <span class='ocrx_word' id='word_1_58' title='bbox 476 1002 507 1048; x_wconf 90' lang='lat' dir='ltr'><strong>ut</strong></span> <span class='ocrx_word' id='word_1_59' title='bbox 538 1009 575 1046; x_wconf 82' lang='lat' dir='ltr'><strong>ex</strong></span> <span class='ocrx_word' id='word_1_60' title='bbox 607 1000 746 1046; x_wconf 81' lang='lat' dir='ltr'><strong>contextu</strong></span> <span class='ocrx_word' id='word_1_61' title='bbox 778 989 973 1048; x_wconf 81' lang='lat' dir='ltr'><strong>antecedente</strong></span> <span class='ocrx_word' id='word_1_62' title='bbox 1005 1005 1135 1068; x_wconf 81' lang='lat' dir='ltr'><strong>apparet,</strong></span> <span class='ocrx_word' id='word_1_63' title='bbox 1170 1009 1258 1068; x_wconf 87' lang='lat' dir='ltr'><strong>opera</strong></span> <span class='ocrx_word' id='word_1_64' title='bbox 1289 988 1521 1047; x_wconf 77' lang='lat' dir='ltr'><strong>divinitatis</strong></span> <span class='ocrx_word' id='word_1_65' title='bbox 1551 1005 1605 1043; x_wconf 79' lang='lat' dir='ltr'><strong>snm</strong></span> 
     </span>
     <span class='ocr_line' id='line_1_9' title="bbox 354 1075 1608 1156; baseline -0.003 -22"><span class='ocrx_word' id='word_1_66' title='bbox 354 1076 535 1146; x_wconf 73' lang='lat' dir='ltr'><strong>miracula,</strong></span> <span class='ocrx_word' id='word_1_67' title='bbox 568 1075 676 1154; x_wconf 82' lang='lat' dir='ltr'><strong>quibus</strong></span> <span class='ocrx_word' id='word_1_68' title='bbox 698 1078 730 1134; x_wconf 91' lang='lat' dir='ltr'><strong>in</strong></span> <span class='ocrx_word' id='word_1_69' title='bbox 752 1096 840 1134; x_wconf 77' lang='lat' dir='ltr'><strong>cartre</strong></span> <span class='ocrx_word' id='word_1_70' title='bbox 863 1075 980 1138; x_wconf 86' lang='lat' dir='ltr'><strong>ell&#39;ulsit.</strong></span> <span class='ocrx_word' id='word_1_71' title='bbox 1015 1099 1104 1156; x_wconf 84' lang='lat' dir='ltr'><strong>opera</strong></span> <span class='ocrx_word' id='word_1_72' title='bbox 1136 1077 1373 1134; x_wconf 86' lang='lat' dir='ltr'><strong>humanitatis</strong></span> <span class='ocrx_word' id='word_1_73' title='bbox 1404 1089 1484 1134; x_wconf 83' lang='lat' dir='ltr'><strong>sunt</strong></span> <span class='ocrx_word' id='word_1_74' title='bbox 1510 1077 1608 1153; x_wconf 73' lang='lat' dir='ltr'><strong>passi·</strong></span> 
     </span>
     <span class='ocr_line' id='line_1_10' title="bbox 354 1161 1607 1242; baseline -0.003 -22"><span class='ocrx_word' id='word_1_75' title='bbox 354 1183 447 1221; x_wconf 86' lang='lat' dir='ltr'><strong>unes.</strong></span> <span class='ocrx_word' id='word_1_76' title='bbox 481 1163 546 1219; x_wconf 85' lang='lat' dir='ltr'><strong>latu</strong></span> <span class='ocrx_word' id='word_1_77' title='bbox 570 1183 639 1220; x_wconf 85' lang='lat' dir='ltr'><strong>rero</strong></span> <span class='ocrx_word' id='word_1_78' title='bbox 663 1165 740 1220; x_wconf 86' lang='lat' dir='ltr'><strong>iuter</strong></span> <span class='ocrx_word' id='word_1_79' title='bbox 762 1163 834 1220; x_wconf 71' lang='lat' dir='ltr'><strong>hisee</strong></span> <span class='ocrx_word' id='word_1_80' title='bbox 859 1163 917 1221; x_wconf 82' lang='lat' dir='ltr'><strong>duo</strong></span> <span class='ocrx_word' id='word_1_81' title='bbox 941 1185 1059 1242; x_wconf 75' lang='lat' dir='ltr'><strong>opmum</strong></span> <span class='ocrx_word' id='word_1_82' title='bbox 1084 1185 1192 1236; x_wconf 70' lang='lat' dir='ltr'><strong>gutuera</strong></span> <span class='ocrx_word' id='word_1_83' title='bbox 1215 1163 1313 1221; x_wconf 88' lang='lat' dir='ltr'><strong>nullo</strong></span> <span class='ocrx_word' id='word_1_84' title='bbox 1336 1163 1450 1220; x_wconf 87' lang='lat' dir='ltr'><strong>mode</strong></span> <span class='ocrx_word' id='word_1_85' title='bbox 1478 1161 1552 1220; x_wconf 79' lang='lat' dir='ltr'><strong>illud</strong></span> <span class='ocrx_word' id='word_1_86' title='bbox 1574 1179 1607 1218; x_wconf 66' lang='lat' dir='ltr'><strong>es.</strong></span> 
     </span>
     <span class='ocr_line' id='line_1_11' title="bbox 357 1247 1610 1328; baseline -0.002 -22"><span class='ocrx_word' id='word_1_87' title='bbox 357 1247 525 1313; x_wconf 77' lang='lat' dir='ltr'><strong>discrimen.</strong></span> <span class='ocrx_word' id='word_1_88' title='bbox 548 1249 625 1326; x_wconf 82' lang='lat' dir='ltr'><strong>quod</strong></span> <span class='ocrx_word' id='word_1_89' title='bbox 643 1251 761 1327; x_wconf 79' lang='lat' dir='ltr'><strong>pausia</strong></span> <span class='ocrx_word' id='word_1_90' title='bbox 777 1252 814 1307; x_wconf 90' lang='lat' dir='ltr'><strong>sit</strong></span> <span class='ocrx_word' id='word_1_91' title='bbox 831 1271 903 1328; x_wconf 85' lang='lat' dir='ltr'><strong>epus</strong></span> <span class='ocrx_word' id='word_1_92' title='bbox 928 1264 1078 1309; x_wconf 86' lang='lat' dir='ltr'><strong>naturae</strong></span> <span class='ocrx_word' id='word_1_93' title='bbox 1102 1251 1281 1310; x_wconf 78' lang='lat' dir='ltr'><strong>humanae.</strong></span> <span class='ocrx_word' id='word_1_94' title='bbox 1306 1251 1532 1308; x_wconf 85' lang='lat' dir='ltr'><strong>miraculum</strong></span> <span class='ocrx_word' id='word_1_95' title='bbox 1550 1269 1610 1326; x_wconf 72' lang='lat' dir='ltr'><strong>epse</strong></span> 
     </span>
     <span class='ocr_line' id='line_1_12' title="bbox 356 1335 1608 1416; baseline -0.003 -22"><span class='ocrx_word' id='word_1_96' title='bbox 356 1350 505 1394; x_wconf 85' lang='lat' dir='ltr'><strong>naturae</strong></span> <span class='ocrx_word' id='word_1_97' title='bbox 527 1335 684 1397; x_wconf 81' lang='lat' dir='ltr'><strong>divinae.</strong></span> <span class='ocrx_word' id='word_1_98' title='bbox 712 1335 763 1395; x_wconf 73' lang='lat' dir='ltr'><strong>scil</strong></span> <span class='ocrx_word' id='word_1_99' title='bbox 786 1339 883 1414; x_wconf 87' lang='lat' dir='ltr'><strong>potius</strong></span> <span class='ocrx_word' id='word_1_100' title='bbox 907 1337 988 1399; x_wconf 81' lang='lat' dir='ltr'><strong>ittod,</strong></span> <span class='ocrx_word' id='word_1_101' title='bbox 1012 1337 1089 1416; x_wconf 80' lang='lat' dir='ltr'><strong>quutl</strong></span> <span class='ocrx_word' id='word_1_102' title='bbox 1107 1351 1211 1396; x_wconf 89' lang='lat' dir='ltr'><strong>uatura</strong></span> <span class='ocrx_word' id='word_1_103' title='bbox 1234 1337 1399 1396; x_wconf 87' lang='lat' dir='ltr'><strong>humana.</strong></span> <span class='ocrx_word' id='word_1_104' title='bbox 1428 1339 1492 1395; x_wconf 74' lang='lat' dir='ltr'><strong>etsi</strong></span> <span class='ocrx_word' id='word_1_105' title='bbox 1519 1337 1608 1412; x_wconf 74' lang='lat' dir='ltr'><strong>aliquo</strong></span> 
     </span>
     <span class='ocr_line' id='line_1_13' title="bbox 356 1421 1608 1502; baseline -0.003 -22"><span class='ocrx_word' id='word_1_106' title='bbox 356 1422 442 1480; x_wconf 72' lang='lat' dir='ltr'><strong>nutum</strong></span> <span class='ocrx_word' id='word_1_107' title='bbox 464 1423 561 1480; x_wconf 71' lang='lat' dir='ltr'><strong>aretine</strong></span> <span class='ocrx_word' id='word_1_108' title='bbox 585 1422 622 1480; x_wconf 85' lang='lat' dir='ltr'><strong>atl</strong></span> <span class='ocrx_word' id='word_1_109' title='bbox 653 1435 838 1501; x_wconf 82' lang='lat' dir='ltr'><strong>utrumque</strong></span> <span class='ocrx_word' id='word_1_110' title='bbox 867 1443 938 1502; x_wconf 88' lang='lat' dir='ltr'><strong>opus</strong></span> <span class='ocrx_word' id='word_1_111' title='bbox 962 1438 1124 1486; x_wconf 77' lang='lat' dir='ltr'><strong>concurrat.</strong></span> <span class='ocrx_word' id='word_1_112' title='bbox 1159 1438 1257 1482; x_wconf 91' lang='lat' dir='ltr'><strong>tamen</strong></span> <span class='ocrx_word' id='word_1_113' title='bbox 1282 1439 1311 1482; x_wconf 89' lang='lat' dir='ltr'><strong>ut</strong></span> <span class='ocrx_word' id='word_1_114' title='bbox 1335 1427 1415 1501; x_wconf 86' lang='lat' dir='ltr'><strong>pati</strong></span> <span class='ocrx_word' id='word_1_115' title='bbox 1446 1425 1553 1501; x_wconf 79' lang='lat' dir='ltr'><strong>possit.</strong></span> <span class='ocrx_word' id='word_1_116' title='bbox 1587 1421 1608 1476; x_wconf 83' lang='lat' dir='ltr'><strong>il</strong></span> 
     </span>
     <span class='ocr_line' id='line_1_14' title="bbox 355 1509 1610 1590; baseline -0.006 -24"><span class='ocrx_word' id='word_1_117' title='bbox 355 1531 393 1567; x_wconf 82' lang='lat' dir='ltr'><strong>ex</strong></span> <span class='ocrx_word' id='word_1_118' title='bbox 416 1531 447 1566; x_wconf 89' lang='lat' dir='ltr'><strong>se</strong></span> <span class='ocrx_word' id='word_1_119' title='bbox 470 1509 545 1566; x_wconf 83' lang='lat' dir='ltr'><strong>sula</strong></span> <span class='ocrx_word' id='word_1_120' title='bbox 569 1509 666 1575; x_wconf 83' lang='lat' dir='ltr'><strong>habet,</strong></span> <span class='ocrx_word' id='word_1_121' title='bbox 698 1523 727 1567; x_wconf 91' lang='lat' dir='ltr'><strong>ut</strong></span> <span class='ocrx_word' id='word_1_122' title='bbox 751 1511 958 1570; x_wconf 75' lang='lat' dir='ltr'><strong>miraculum</strong></span> <span class='ocrx_word' id='word_1_123' title='bbox 984 1513 1078 1570; x_wconf 87' lang='lat' dir='ltr'><strong>lacere</strong></span> <span class='ocrx_word' id='word_1_124' title='bbox 1103 1513 1201 1590; x_wconf 81' lang='lat' dir='ltr'><strong>possit,</strong></span> <span class='ocrx_word' id='word_1_125' title='bbox 1224 1533 1261 1568; x_wconf 87' lang='lat' dir='ltr'><strong>ex</strong></span> <span class='ocrx_word' id='word_1_126' title='bbox 1286 1511 1353 1568; x_wconf 84' lang='lat' dir='ltr'><strong>llei</strong></span> <span class='ocrx_word' id='word_1_127' title='bbox 1378 1511 1518 1589; x_wconf 81' lang='lat' dir='ltr'><strong>speciali</strong></span> <span class='ocrx_word' id='word_1_128' title='bbox 1543 1509 1610 1566; x_wconf 66' lang='lat' dir='ltr'><strong>tlon..</strong></span> 
     </span>
     <span class='ocr_line' id='line_1_15' title="bbox 355 1594 1609 1676; baseline -0.002 -24"><span class='ocrx_word' id='word_1_129' title='bbox 355 1594 453 1653; x_wconf 85' lang='lat' dir='ltr'><strong>habet.</strong></span> <span class='ocrx_word' id='word_1_130' title='bbox 498 1598 528 1653; x_wconf 69' lang='lat' dir='ltr'><strong>Si</strong></span> <span class='ocrx_word' id='word_1_131' title='bbox 553 1599 632 1654; x_wconf 89' lang='lat' dir='ltr'><strong>euim</strong></span> <span class='ocrx_word' id='word_1_132' title='bbox 657 1597 786 1654; x_wconf 86' lang='lat' dir='ltr'><strong>humana</strong></span> <span class='ocrx_word' id='word_1_133' title='bbox 818 1598 956 1655; x_wconf 75' lang='lat' dir='ltr'><strong>utristi</strong></span> <span class='ocrx_word' id='word_1_134' title='bbox 989 1611 1092 1656; x_wconf 85' lang='lat' dir='ltr'><strong>uatum</strong></span> <span class='ocrx_word' id='word_1_135' title='bbox 1116 1597 1154 1656; x_wconf 88' lang='lat' dir='ltr'><strong>ad</strong></span> <span class='ocrx_word' id='word_1_136' title='bbox 1182 1599 1323 1656; x_wconf 84' lang='lat' dir='ltr'><strong>miracula</strong></span> <span class='ocrx_word' id='word_1_137' title='bbox 1355 1597 1518 1676; x_wconf 87' lang='lat' dir='ltr'><strong>patranda</strong></span> <span class='ocrx_word' id='word_1_138' title='bbox 1550 1617 1609 1653; x_wconf 86' lang='lat' dir='ltr'><strong>non</strong></span> 
     </span>
     <span class='ocr_line' id='line_1_16' title="bbox 358 1683 1612 1763; baseline -0.002 -23"><span class='ocrx_word' id='word_1_139' title='bbox 358 1685 488 1740; x_wconf 79' lang='lat' dir='ltr'><strong>active</strong></span> <span class='ocrx_word' id='word_1_140' title='bbox 512 1699 778 1748; x_wconf 84' lang='lat' dir='ltr'><strong>concurreret,</strong></span> <span class='ocrx_word' id='word_1_141' title='bbox 802 1705 820 1742; x_wconf 89' lang='lat' dir='ltr'><strong>a</strong></span> <span class='ocrx_word' id='word_1_142' title='bbox 836 1687 908 1763; x_wconf 63' lang='lat' dir='ltr'><strong>pur,</strong></span> <span class='ocrx_word' id='word_1_143' title='bbox 933 1688 1022 1742; x_wconf 88' lang='lat' dir='ltr'><strong>inuno</strong></span> <span class='ocrx_word' id='word_1_144' title='bbox 1045 1707 1063 1744; x_wconf 90' lang='lat' dir='ltr'><strong>u</strong></span> <span class='ocrx_word' id='word_1_145' title='bbox 1085 1687 1197 1743; x_wconf 86' lang='lat' dir='ltr'><strong>thrtiori</strong></span> <span class='ocrx_word' id='word_1_146' title='bbox 1221 1683 1378 1762; x_wconf 77' lang='lat' dir='ltr'><strong>dicendum</strong></span> <span class='ocrx_word' id='word_1_147' title='bbox 1405 1701 1506 1749; x_wconf 73' lang='lat' dir='ltr'><strong>esset,</strong></span> <span class='ocrx_word' id='word_1_148' title='bbox 1530 1685 1612 1740; x_wconf 84' lang='lat' dir='ltr'><strong>etium</strong></span> 
     </span>
     <span class='ocr_line' id='line_1_17' title="bbox 356 1769 1612 1850; baseline -0.002 -24"><span class='ocrx_word' id='word_1_149' title='bbox 356 1770 520 1834; x_wconf 79' lang='lat' dir='ltr'><strong>Petrum.</strong></span> <span class='ocrx_word' id='word_1_150' title='bbox 548 1791 613 1827; x_wconf 85' lang='lat' dir='ltr'><strong>cum</strong></span> <span class='ocrx_word' id='word_1_151' title='bbox 637 1769 773 1828; x_wconf 79' lang='lat' dir='ltr'><strong>claudum</strong></span> <span class='ocrx_word' id='word_1_152' title='bbox 797 1785 923 1836; x_wconf 78' lang='lat' dir='ltr'><strong>sanaret,</strong></span> <span class='ocrx_word' id='word_1_153' title='bbox 952 1772 1082 1850; x_wconf 81' lang='lat' dir='ltr'><strong>aliosque</strong></span> <span class='ocrx_word' id='word_1_154' title='bbox 1107 1783 1231 1834; x_wconf 76' lang='lat' dir='ltr'><strong>sanctos,</strong></span> <span class='ocrx_word' id='word_1_155' title='bbox 1265 1793 1330 1830; x_wconf 89' lang='lat' dir='ltr'><strong>eum</strong></span> <span class='ocrx_word' id='word_1_156' title='bbox 1354 1772 1515 1830; x_wconf 85' lang='lat' dir='ltr'><strong>miracula</strong></span> <span class='ocrx_word' id='word_1_157' title='bbox 1539 1773 1612 1826; x_wconf 75' lang='lat' dir='ltr'><strong>raris</strong></span> 
     </span>
     <span class='ocr_line' id='line_1_18' title="bbox 357 1855 1610 1934; baseline -0.001 -20"><span class='ocrx_word' id='word_1_158' title='bbox 357 1855 781 1934; x_wconf 75' lang='lat' dir='ltr'><strong>patrarentatlmiracula</strong></span> <span class='ocrx_word' id='word_1_159' title='bbox 804 1859 879 1916; x_wconf 91' lang='lat' dir='ltr'><strong>illa</strong></span> <span class='ocrx_word' id='word_1_160' title='bbox 904 1859 1021 1916; x_wconf 92' lang='lat' dir='ltr'><strong>uullo</strong></span> <span class='ocrx_word' id='word_1_161' title='bbox 1046 1859 1152 1918; x_wconf 78' lang='lat' dir='ltr'><strong>inodo</strong></span> <span class='ocrx_word' id='word_1_162' title='bbox 1176 1860 1307 1916; x_wconf 79' lang='lat' dir='ltr'><strong>active</strong></span> <span class='ocrx_word' id='word_1_163' title='bbox 1331 1861 1610 1916; x_wconf 83' lang='lat' dir='ltr'><strong>coueurrisse:</strong></span> 
     </span>
     <span class='ocr_line' id='line_1_19' title="bbox 357 1945 1612 2025; baseline -0.002 -25"><span class='ocrx_word' id='word_1_164' title='bbox 357 1946 382 2000; x_wconf 90' lang='lat' dir='ltr'><strong>si</strong></span> <span class='ocrx_word' id='word_1_165' title='bbox 398 1964 468 2001; x_wconf 82' lang='lat' dir='ltr'><strong>vero</strong></span> <span class='ocrx_word' id='word_1_166' title='bbox 483 1945 585 2018; x_wconf 79' lang='lat' dir='ltr'><strong>negari</strong></span> <span class='ocrx_word' id='word_1_167' title='bbox 609 1945 709 2022; x_wconf 82' lang='lat' dir='ltr'><strong>nequit</strong></span> <span class='ocrx_word' id='word_1_168' title='bbox 735 1946 813 2021; x_wconf 89' lang='lat' dir='ltr'><strong>ipsos</strong></span> <span class='ocrx_word' id='word_1_169' title='bbox 835 1957 994 2004; x_wconf 86' lang='lat' dir='ltr'><strong>sanctus</strong></span> <span class='ocrx_word' id='word_1_170' title='bbox 1018 1948 1159 2006; x_wconf 89' lang='lat' dir='ltr'><strong>miracula</strong></span> <span class='ocrx_word' id='word_1_171' title='bbox 1181 1961 1321 2025; x_wconf 80' lang='lat' dir='ltr'><strong>patrasse.</strong></span> <span class='ocrx_word' id='word_1_172' title='bbox 1344 1945 1484 2024; x_wconf 86' lang='lat' dir='ltr'><strong>ideoque</strong></span> <span class='ocrx_word' id='word_1_173' title='bbox 1503 1945 1542 2002; x_wconf 90' lang='lat' dir='ltr'><strong>ad</strong></span> <span class='ocrx_word' id='word_1_174' title='bbox 1568 1945 1612 2000; x_wconf 85' lang='lat' dir='ltr'><strong>illa</strong></span> 
     </span>
     <span class='ocr_line' id='line_1_20' title="bbox 357 2029 1609 2110; baseline -0.002 -20"><span class='ocrx_word' id='word_1_175' title='bbox 357 2030 499 2090; x_wconf 85' lang='lat' dir='ltr'><strong>miracula</strong></span> <span class='ocrx_word' id='word_1_176' title='bbox 521 2029 637 2088; x_wconf 74' lang='lat' dir='ltr'><strong>erlenda</strong></span> <span class='ocrx_word' id='word_1_177' title='bbox 660 2033 792 2088; x_wconf 83' lang='lat' dir='ltr'><strong>active</strong></span> <span class='ocrx_word' id='word_1_178' title='bbox 815 2036 1004 2104; x_wconf 77' lang='lat' dir='ltr'><strong>concurrisse,</strong></span> <span class='ocrx_word' id='word_1_179' title='bbox 1034 2033 1124 2093; x_wconf 88' lang='lat' dir='ltr'><strong>multo</strong></span> <span class='ocrx_word' id='word_1_180' title='bbox 1148 2035 1273 2091; x_wconf 88' lang='lat' dir='ltr'><strong>miuus</strong></span> <span class='ocrx_word' id='word_1_181' title='bbox 1296 2033 1369 2090; x_wconf 85' lang='lat' dir='ltr'><strong>haee</strong></span> <span class='ocrx_word' id='word_1_182' title='bbox 1394 2035 1609 2110; x_wconf 69' lang='lat' dir='ltr'><strong>praerogativa</strong></span> 
     </span>
     <span class='ocr_line' id='line_1_21' title="bbox 358 2117 1233 2198; baseline 0.009 -24"><span class='ocrx_word' id='word_1_183' title='bbox 358 2117 524 2174; x_wconf 81' lang='lat' dir='ltr'><strong>Christe</strong></span> <span class='ocrx_word' id='word_1_184' title='bbox 546 2119 676 2176; x_wconf 88' lang='lat' dir='ltr'><strong>omnium</strong></span> <span class='ocrx_word' id='word_1_185' title='bbox 701 2130 867 2176; x_wconf 82' lang='lat' dir='ltr'><strong>sanctorum</strong></span> <span class='ocrx_word' id='word_1_186' title='bbox 891 2121 979 2197; x_wconf 88' lang='lat' dir='ltr'><strong>copiti</strong></span> <span class='ocrx_word' id='word_1_187' title='bbox 1005 2123 1104 2194; x_wconf 71' lang='lat' dir='ltr'><strong>negari</strong></span> <span class='ocrx_word' id='word_1_188' title='bbox 1131 2133 1233 2198; x_wconf 86' lang='lat' dir='ltr'><strong>potest.</strong></span> 
     </span>
    </p>

    <p class='ocr_par' dir='ltr' id='par_1_3' title="bbox 357 2201 1612 3146">
     <span class='ocr_line' id='line_1_22' title="bbox 461 2201 1611 2284; baseline 0.001 -25"><span class='ocrx_word' id='word_1_189' title='bbox 461 2201 559 2278; x_wconf 77' lang='lat' dir='ltr'><strong>Quare</strong></span> <span class='ocrx_word' id='word_1_190' title='bbox 590 2225 628 2261; x_wconf 83' lang='lat' dir='ltr'><strong>ex</strong></span> <span class='ocrx_word' id='word_1_191' title='bbox 651 2216 749 2262; x_wconf 83' lang='lat' dir='ltr'><strong>uteute</strong></span> <span class='ocrx_word' id='word_1_192' title='bbox 781 2205 905 2264; x_wconf 88' lang='lat' dir='ltr'><strong>llenurii</strong></span> <span class='ocrx_word' id='word_1_193' title='bbox 938 2207 986 2264; x_wconf 87' lang='lat' dir='ltr'><strong>hic</strong></span> <span class='ocrx_word' id='word_1_194' title='bbox 1015 2208 1118 2266; x_wconf 81' lang='lat' dir='ltr'><strong>alter</strong></span> <span class='ocrx_word' id='word_1_195' title='bbox 1153 2206 1301 2284; x_wconf 88' lang='lat' dir='ltr'><strong>possibilis</strong></span> <span class='ocrx_word' id='word_1_196' title='bbox 1332 2227 1442 2264; x_wconf 89' lang='lat' dir='ltr'><strong>seusus</strong></span> <span class='ocrx_word' id='word_1_197' title='bbox 1480 2203 1611 2262; x_wconf 75' lang='lat' dir='ltr'><strong>vocabuli</strong></span> 
     </span>
     <span class='ocr_line' id='line_1_23' title="bbox 362 2288 1612 2372; baseline 0.001 -27"><span class='ocrx_word' id='word_1_198' title='bbox 362 2288 503 2360; x_wconf 69' lang='lat' dir='ltr'><strong>„duat-tun</strong></span> <span class='ocrx_word' id='word_1_199' title='bbox 525 2293 745 2367; x_wconf 85' lang='lat' dir='ltr'><strong>operationum·</strong></span> <span class='ocrx_word' id='word_1_200' title='bbox 772 2304 848 2350; x_wconf 86' lang='lat' dir='ltr'><strong>erat:</strong></span> <span class='ocrx_word' id='word_1_201' title='bbox 872 2293 947 2351; x_wconf 82' lang='lat' dir='ltr'><strong>tluue</strong></span> <span class='ocrx_word' id='word_1_202' title='bbox 972 2296 1001 2351; x_wconf 93' lang='lat' dir='ltr'><strong>in</strong></span> <span class='ocrx_word' id='word_1_203' title='bbox 1024 2295 1142 2352; x_wconf 64' lang='lat' dir='ltr'><strong>(lltristo</strong></span> <span class='ocrx_word' id='word_1_204' title='bbox 1157 2296 1358 2372; x_wconf 74' lang='lat' dir='ltr'><strong>operationes</strong></span> <span class='ocrx_word' id='word_1_205' title='bbox 1382 2314 1448 2351; x_wconf 85' lang='lat' dir='ltr'><strong>utra</strong></span> <span class='ocrx_word' id='word_1_206' title='bbox 1475 2293 1612 2350; x_wconf 75' lang='lat' dir='ltr'><strong>(livius</strong></span> 
     </span>
     <span class='ocr_line' id='line_1_24' title="bbox 361 2378 1611 2458; baseline 0.001 -25"><span class='ocrx_word' id='word_1_207' title='bbox 361 2379 379 2433; x_wconf 88' lang='lat' dir='ltr'><strong>i.</strong></span> <span class='ocrx_word' id='word_1_208' title='bbox 403 2397 427 2434; x_wconf 82' lang='lat' dir='ltr'><strong>e.</strong></span> <span class='ocrx_word' id='word_1_209' title='bbox 459 2378 654 2435; x_wconf 85' lang='lat' dir='ltr'><strong>miracula</strong></span> <span class='ocrx_word' id='word_1_210' title='bbox 684 2390 713 2436; x_wconf 83' lang='lat' dir='ltr'><strong>et</strong></span> <span class='ocrx_word' id='word_1_211' title='bbox 736 2379 885 2438; x_wconf 82' lang='lat' dir='ltr'><strong>mirabilia</strong></span> <span class='ocrx_word' id='word_1_212' title='bbox 915 2399 987 2457; x_wconf 80' lang='lat' dir='ltr'><strong>quus</strong></span> <span class='ocrx_word' id='word_1_213' title='bbox 1019 2384 1049 2438; x_wconf 90' lang='lat' dir='ltr'><strong>iu</strong></span> <span class='ocrx_word' id='word_1_214' title='bbox 1082 2401 1133 2438; x_wconf 87' lang='lat' dir='ltr'><strong>sua</strong></span> <span class='ocrx_word' id='word_1_215' title='bbox 1166 2381 1349 2438; x_wconf 86' lang='lat' dir='ltr'><strong>humanitate</strong></span> <span class='ocrx_word' id='word_1_216' title='bbox 1380 2393 1408 2437; x_wconf 88' lang='lat' dir='ltr'><strong>ct</strong></span> <span class='ocrx_word' id='word_1_217' title='bbox 1447 2401 1507 2458; x_wconf 88' lang='lat' dir='ltr'><strong>per</strong></span> <span class='ocrx_word' id='word_1_218' title='bbox 1539 2397 1611 2436; x_wconf 83' lang='lat' dir='ltr'><strong>suant</strong></span> 
     </span>
     <span class='ocr_line' id='line_1_25' title="bbox 359 2463 1612 2546; baseline -0.001 -26"><span class='ocrx_word' id='word_1_219' title='bbox 359 2463 573 2522; x_wconf 84' lang='lat' dir='ltr'><strong>humanitatem</strong></span> <span class='ocrx_word' id='word_1_220' title='bbox 598 2465 645 2520; x_wconf 82' lang='lat' dir='ltr'><strong>rel</strong></span> <span class='ocrx_word' id='word_1_221' title='bbox 669 2465 772 2522; x_wconf 80' lang='lat' dir='ltr'><strong>eutlem</strong></span> <span class='ocrx_word' id='word_1_222' title='bbox 796 2468 901 2524; x_wconf 88' lang='lat' dir='ltr'><strong>saltem</strong></span> <span class='ocrx_word' id='word_1_223' title='bbox 925 2469 1023 2546; x_wconf 78' lang='lat' dir='ltr'><strong>alitpm</strong></span> <span class='ocrx_word' id='word_1_224' title='bbox 1047 2467 1133 2526; x_wconf 75' lang='lat' dir='ltr'><strong>morlo</strong></span> <span class='ocrx_word' id='word_1_225' title='bbox 1157 2471 1252 2526; x_wconf 79' lang='lat' dir='ltr'><strong>active</strong></span> <span class='ocrx_word' id='word_1_226' title='bbox 1283 2480 1496 2527; x_wconf 84' lang='lat' dir='ltr'><strong>concurrente.</strong></span> <span class='ocrx_word' id='word_1_227' title='bbox 1506 2463 1552 2541; x_wconf 69' lang='grc' dir='ltr'><strong>Η)</strong></span> <span class='ocrx_word' id='word_1_228' title='bbox 1575 2481 1612 2520; x_wconf 86' lang='lat' dir='ltr'><strong>st-</strong></span> 
     </span>
     <span class='ocr_line' id='line_1_26' title="bbox 359 2549 1611 2632; baseline 0 -25"><span class='ocrx_word' id='word_1_229' title='bbox 359 2560 457 2608; x_wconf 86' lang='lat' dir='ltr'><strong>tumen</strong></span> <span class='ocrx_word' id='word_1_230' title='bbox 481 2571 517 2607; x_wconf 84' lang='lat' dir='ltr'><strong>ex</strong></span> <span class='ocrx_word' id='word_1_231' title='bbox 543 2549 655 2608; x_wconf 82' lang='lat' dir='ltr'><strong>viribus</strong></span> <span class='ocrx_word' id='word_1_232' title='bbox 678 2555 947 2630; x_wconf 81' lang='lat' dir='ltr'><strong>supernaturaliter.</strong></span> <span class='ocrx_word' id='word_1_233' title='bbox 979 2575 1017 2612; x_wconf 81' lang='lat' dir='ltr'><strong>ex</strong></span> <span class='ocrx_word' id='word_1_234' title='bbox 1040 2555 1162 2632; x_wconf 86' lang='lat' dir='ltr'><strong>speciali</strong></span> <span class='ocrx_word' id='word_1_235' title='bbox 1187 2555 1244 2612; x_wconf 87' lang='lat' dir='ltr'><strong>llei</strong></span> <span class='ocrx_word' id='word_1_236' title='bbox 1267 2553 1343 2612; x_wconf 78' lang='lat' dir='ltr'><strong>(lone</strong></span> <span class='ocrx_word' id='word_1_237' title='bbox 1366 2556 1425 2631; x_wconf 89' lang='lat' dir='ltr'><strong>ipsi</strong></span> <span class='ocrx_word' id='word_1_238' title='bbox 1454 2553 1611 2611; x_wconf 89' lang='lat' dir='ltr'><strong>inhaeren-</strong></span> 
     </span>
     <span class='ocr_line' id='line_1_27' title="bbox 357 2635 1611 2720; baseline 0.003 -26"><span class='ocrx_word' id='word_1_239' title='bbox 357 2636 436 2695; x_wconf 90' lang='lat' dir='ltr'><strong>tibus</strong></span> <span class='ocrx_word' id='word_1_240' title='bbox 460 2635 595 2711; x_wconf 72' lang='lat' dir='ltr'><strong>iaciebat.</strong></span> <span class='ocrx_word' id='word_1_241' title='bbox 619 2638 712 2696; x_wconf 85' lang='lat' dir='ltr'><strong>altera</strong></span> <span class='ocrx_word' id='word_1_242' title='bbox 735 2640 906 2698; x_wconf 86' lang='lat' dir='ltr'><strong>humanu</strong></span> <span class='ocrx_word' id='word_1_243' title='bbox 930 2643 947 2700; x_wconf 94' lang='lat' dir='ltr'><strong>i.</strong></span> <span class='ocrx_word' id='word_1_244' title='bbox 972 2663 995 2698; x_wconf 88' lang='lat' dir='ltr'><strong>e.</strong></span> <span class='ocrx_word' id='word_1_245' title='bbox 1020 2645 1230 2720; x_wconf 84' lang='lat' dir='ltr'><strong>passiones</strong></span> <span class='ocrx_word' id='word_1_246' title='bbox 1254 2643 1324 2706; x_wconf 78' lang='lat' dir='ltr'><strong>eius,</strong></span> <span class='ocrx_word' id='word_1_247' title='bbox 1348 2661 1424 2718; x_wconf 85' lang='lat' dir='ltr'><strong>quae</strong></span> <span class='ocrx_word' id='word_1_248' title='bbox 1450 2662 1491 2699; x_wconf 81' lang='lat' dir='ltr'><strong>ex</strong></span> <span class='ocrx_word' id='word_1_249' title='bbox 1518 2638 1611 2698; x_wconf 77' lang='lat' dir='ltr'><strong>solis</strong></span> 
     </span>
     <span class='ocr_line' id='line_1_28' title="bbox 359 2725 1611 2805; baseline 0.002 -25"><span class='ocrx_word' id='word_1_250' title='bbox 359 2725 504 2782; x_wconf 84' lang='lat' dir='ltr'><strong>humanae</strong></span> <span class='ocrx_word' id='word_1_251' title='bbox 521 2726 584 2781; x_wconf 89' lang='lat' dir='ltr'><strong>eius</strong></span> <span class='ocrx_word' id='word_1_252' title='bbox 601 2736 722 2783; x_wconf 86' lang='lat' dir='ltr'><strong>naturae</strong></span> <span class='ocrx_word' id='word_1_253' title='bbox 738 2727 850 2785; x_wconf 78' lang='lat' dir='ltr'><strong>viribus</strong></span> <span class='ocrx_word' id='word_1_254' title='bbox 867 2727 1073 2805; x_wconf 83' lang='lat' dir='ltr'><strong>procedebant.</strong></span> <span class='ocrx_word' id='word_1_255' title='bbox 1098 2731 1195 2787; x_wconf 70' lang='lat' dir='ltr'><strong>ltltiatu</strong></span> <span class='ocrx_word' id='word_1_256' title='bbox 1212 2733 1244 2788; x_wconf 89' lang='lat' dir='ltr'><strong>in</strong></span> <span class='ocrx_word' id='word_1_257' title='bbox 1260 2729 1279 2786; x_wconf 95' lang='lat' dir='ltr'><strong>h</strong></span> <span class='ocrx_word' id='word_1_258' title='bbox 1290 2749 1329 2786; x_wconf 90' lang='lat' dir='ltr'><strong>oc</strong></span> <span class='ocrx_word' id='word_1_259' title='bbox 1354 2749 1446 2786; x_wconf 86' lang='lat' dir='ltr'><strong>sensu</strong></span> <span class='ocrx_word' id='word_1_260' title='bbox 1465 2729 1611 2786; x_wconf 79' lang='lat' dir='ltr'><strong>Honorius</strong></span> 
     </span>
     <span class='ocr_line' id='line_1_29' title="bbox 363 2809 1608 2894; baseline 0.002 -27"><span class='ocrx_word' id='word_1_261' title='bbox 363 2809 453 2880; x_wconf 70' lang='lat' dir='ltr'><strong>‚duas</strong></span> <span class='ocrx_word' id='word_1_262' title='bbox 468 2813 672 2887; x_wconf 69' lang='lat' dir='ltr'><strong>operationes‘</strong></span> <span class='ocrx_word' id='word_1_263' title='bbox 690 2812 928 2883; x_wconf 77' lang='lat' dir='ltr'><strong>‹liee1·enolehut,</strong></span> <span class='ocrx_word' id='word_1_264' title='bbox 945 2816 1115 2892; x_wconf 84' lang='lat' dir='ltr'><strong>relinquens</strong></span> <span class='ocrx_word' id='word_1_265' title='bbox 1131 2835 1196 2874; x_wconf 87' lang='lat' dir='ltr'><strong>eam</strong></span> <span class='ocrx_word' id='word_1_266' title='bbox 1212 2816 1445 2894; x_wconf 84' lang='lat' dir='ltr'><strong>disputationem</strong></span> <span class='ocrx_word' id='word_1_267' title='bbox 1466 2833 1608 2892; x_wconf 76' lang='lat' dir='ltr'><strong>gramma-</strong></span> 
     </span>
     <span class='ocr_line' id='line_1_30' title="bbox 359 2897 1608 2980; baseline 0.001 -26"><span class='ocrx_word' id='word_1_268' title='bbox 359 2899 425 2954; x_wconf 87' lang='lat' dir='ltr'><strong>ticis</strong></span> <span class='ocrx_word' id='word_1_269' title='bbox 449 2929 488 2940; x_wconf 92' lang='lat'>-</span> <span class='ocrx_word' id='word_1_270' title='bbox 513 2897 627 2974; x_wconf 77' lang='lat' dir='ltr'><strong>quibus,</strong></span> <span class='ocrx_word' id='word_1_271' title='bbox 659 2914 800 2978; x_wconf 84' lang='lat' dir='ltr'><strong>‹ptantum</strong></span> <span class='ocrx_word' id='word_1_272' title='bbox 824 2904 892 2963; x_wconf 85' lang='lat' dir='ltr'><strong>seio.</strong></span> <span class='ocrx_word' id='word_1_273' title='bbox 926 2923 1049 2980; x_wconf 86' lang='lat' dir='ltr'><strong>nsque</strong></span> <span class='ocrx_word' id='word_1_274' title='bbox 1074 2903 1191 2961; x_wconf 88' lang='lat' dir='ltr'><strong>hodie</strong></span> <span class='ocrx_word' id='word_1_275' title='bbox 1215 2905 1359 2961; x_wconf 86' lang='lat' dir='ltr'><strong>relicta</strong></span> <span class='ocrx_word' id='word_1_276' title='bbox 1381 2917 1454 2964; x_wconf 79' lang='lat' dir='ltr'><strong>est.</strong></span> <span class='ocrx_word' id='word_1_277' title='bbox 1494 2922 1561 2958; x_wconf 90' lang='lat' dir='ltr'><strong>cum</strong></span> <span class='ocrx_word' id='word_1_278' title='bbox 1583 2901 1608 2955; x_wconf 90' lang='lat' dir='ltr'><strong>in</strong></span> 
     </span>
     <span class='ocr_line' id='line_1_31' title="bbox 358 2983 1609 3066; baseline 0.002 -27"><span class='ocrx_word' id='word_1_279' title='bbox 358 2983 484 3040; x_wconf 78' lang='lat' dir='ltr'><strong>reclusio</strong></span> <span class='ocrx_word' id='word_1_280' title='bbox 518 3005 668 3062; x_wconf 79' lang='lat' dir='ltr'><strong>nunquam</strong></span> <span class='ocrx_word' id='word_1_281' title='bbox 692 3008 760 3044; x_wconf 91' lang='lat' dir='ltr'><strong>usus</strong></span> <span class='ocrx_word' id='word_1_282' title='bbox 782 2987 951 3048; x_wconf 85' lang='lat' dir='ltr'><strong>obtinuerit.</strong></span> <span class='ocrx_word' id='word_1_283' title='bbox 987 2989 1023 3048; x_wconf 79' lang='lat' dir='ltr'><strong>tle</strong></span> <span class='ocrx_word' id='word_1_284' title='bbox 1046 2989 1159 3048; x_wconf 81' lang='lat' dir='ltr'><strong>‹luubus</strong></span> <span class='ocrx_word' id='word_1_285' title='bbox 1183 2991 1237 3049; x_wconf 88' lang='lat' dir='ltr'><strong>hoe</strong></span> <span class='ocrx_word' id='word_1_286' title='bbox 1268 3011 1355 3048; x_wconf 88' lang='lat' dir='ltr'><strong>seusu</strong></span> <span class='ocrx_word' id='word_1_287' title='bbox 1384 2986 1609 3066; x_wconf 67' lang='lat' dir='ltr'><strong>operationibus</strong></span> 
     </span>
     <span class='ocr_line' id='line_1_32' title="bbox 360 3069 508 3146; baseline 0.02 -20"><span class='ocrx_word' id='word_1_288' title='bbox 360 3069 508 3146; x_wconf 87' lang='lat' dir='ltr'><strong>loquendi.</strong></span> 
     </span>
    </p>

    <p class='ocr_par' dir='ltr' id='par_1_4' title="bbox 276 3157 1607 4015">
     <span class='ocr_line' id='line_1_33' title="bbox 463 3157 1605 3235; baseline 0.001 -22"><span class='ocrx_word' id='word_1_289' title='bbox 463 3160 512 3214; x_wconf 70' lang='lat' dir='ltr'><strong>ati.</strong></span> <span class='ocrx_word' id='word_1_290' title='bbox 538 3157 638 3216; x_wconf 77' lang='lat' dir='ltr'><strong>l&#39;ideri</strong></span> <span class='ocrx_word' id='word_1_291' title='bbox 659 3162 758 3235; x_wconf 81' lang='lat' dir='ltr'><strong>possit,</strong></span> <span class='ocrx_word' id='word_1_292' title='bbox 785 3161 948 3219; x_wconf 89' lang='lat' dir='ltr'><strong>llouoriutn</strong></span> <span class='ocrx_word' id='word_1_293' title='bbox 964 3175 1063 3221; x_wconf 86' lang='lat' dir='ltr'><strong>tanteu</strong></span> <span class='ocrx_word' id='word_1_294' title='bbox 1080 3165 1168 3222; x_wconf 86' lang='lat' dir='ltr'><strong>etiam</strong></span> <span class='ocrx_word' id='word_1_295' title='bbox 1194 3164 1307 3222; x_wconf 89' lang='lat' dir='ltr'><strong>illutu</strong></span> <span class='ocrx_word' id='word_1_296' title='bbox 1331 3183 1452 3222; x_wconf 84' lang='lat' dir='ltr'><strong>sensum</strong></span> <span class='ocrx_word' id='word_1_297' title='bbox 1471 3159 1605 3220; x_wconf 77' lang='lat' dir='ltr'><strong>vocabuli</strong></span> 
     </span>
     <span class='ocr_line' id='line_1_34' title="bbox 276 3241 1604 3328; baseline 0.005 -28"><span class='ocrx_word' id='word_1_298' title='bbox 276 3243 279 3247; x_wconf 77' lang='grc'><strong>’</strong></span> <span class='ocrx_word' id='word_1_299' title='bbox 362 3241 502 3314; x_wconf 74' lang='lat' dir='ltr'><strong>„duarum</strong></span> <span class='ocrx_word' id='word_1_300' title='bbox 525 3248 745 3322; x_wconf 70' lang='lat' dir='ltr'><strong>operationum‘</strong></span> <span class='ocrx_word' id='word_1_301' title='bbox 772 3247 891 3313; x_wconf 71' lang='lat' dir='ltr'><strong>vidisse.</strong></span> <span class='ocrx_word' id='word_1_302' title='bbox 923 3252 971 3326; x_wconf 76' lang='lat' dir='ltr'><strong>qui</strong></span> <span class='ocrx_word' id='word_1_303' title='bbox 997 3253 1127 3327; x_wconf 82' lang='lat' dir='ltr'><strong>praecise</strong></span> <span class='ocrx_word' id='word_1_304' title='bbox 1152 3254 1181 3308; x_wconf 90' lang='lat' dir='ltr'><strong>in</strong></span> <span class='ocrx_word' id='word_1_305' title='bbox 1206 3253 1446 3328; x_wconf 82' lang='lat' dir='ltr'><strong>quaestione</strong></span> <span class='ocrx_word' id='word_1_306' title='bbox 1474 3263 1548 3308; x_wconf 90' lang='lat' dir='ltr'><strong>erat.</strong></span> <span class='ocrx_word' id='word_1_307' title='bbox 1581 3262 1604 3300; x_wconf 79' lang='lat' dir='ltr'><strong>et</strong></span> 
     </span>
     <span class='ocr_line' id='line_1_35' title="bbox 360 3330 1607 3397; baseline 0 -9"><span class='ocrx_word' id='word_1_308' title='bbox 360 3330 626 3390; x_wconf 88' lang='lat' dir='ltr'><strong>nihilomiuus</strong></span> <span class='ocrx_word' id='word_1_309' title='bbox 657 3332 694 3390; x_wconf 77' lang='lat' dir='ltr'><strong>tle</strong></span> <span class='ocrx_word' id='word_1_310' title='bbox 717 3355 770 3391; x_wconf 86' lang='lat' dir='ltr'><strong>usu</strong></span> <span class='ocrx_word' id='word_1_311' title='bbox 798 3335 934 3393; x_wconf 75' lang='lat' dir='ltr'><strong>vocabuli</strong></span> <span class='ocrx_word' id='word_1_312' title='bbox 965 3337 1136 3397; x_wconf 81' lang='lat' dir='ltr'><strong>haesitasse.</strong></span> <span class='ocrx_word' id='word_1_313' title='bbox 1182 3337 1290 3396; x_wconf 60' lang='lat' dir='ltr'><strong>Scribit</strong></span> <span class='ocrx_word' id='word_1_314' title='bbox 1314 3340 1393 3396; x_wconf 91' lang='lat' dir='ltr'><strong>enim</strong></span> <span class='ocrx_word' id='word_1_315' title='bbox 1417 3339 1450 3394; x_wconf 86' lang='lat' dir='ltr'><strong>iu</strong></span> <span class='ocrx_word' id='word_1_316' title='bbox 1477 3333 1607 3396; x_wconf 83' lang='lat' dir='ltr'><strong>secuntla</strong></span> 
     </span>
     <span class='ocr_line' id='line_1_36' title="bbox 359 3418 1602 3500; baseline 0.002 -25"><span class='ocrx_word' id='word_1_317' title='bbox 359 3418 495 3496; x_wconf 84' lang='lat' dir='ltr'><strong>epistola:</strong></span> <span class='ocrx_word' id='word_1_318' title='bbox 531 3420 625 3491; x_wconf 76' lang='lat' dir='ltr'><strong>„Nam</strong></span> <span class='ocrx_word' id='word_1_319' title='bbox 649 3423 700 3498; x_wconf 80' lang='lat' dir='ltr'><strong>qui</strong></span> <span class='ocrx_word' id='word_1_320' title='bbox 723 3421 795 3479; x_wconf 85' lang='lat' dir='ltr'><strong>haer</strong></span> <span class='ocrx_word' id='word_1_321' title='bbox 819 3421 930 3494; x_wconf 80' lang='lat' dir='ltr'><strong>dieunt,</strong></span> <span class='ocrx_word' id='word_1_322' title='bbox 954 3423 1024 3500; x_wconf 80' lang='lat' dir='ltr'><strong>tptid</strong></span> <span class='ocrx_word' id='word_1_323' title='bbox 1048 3424 1128 3482; x_wconf 88' lang='lat' dir='ltr'><strong>aliud</strong></span> <span class='ocrx_word' id='word_1_324' title='bbox 1153 3426 1209 3482; x_wconf 89' lang='lat' dir='ltr'><strong>uisi</strong></span> <span class='ocrx_word' id='word_1_325' title='bbox 1245 3428 1356 3481; x_wconf 82' lang='lat' dir='ltr'><strong>iuxta</strong></span> <span class='ocrx_word' id='word_1_326' title='bbox 1389 3426 1516 3482; x_wconf 88' lang='lat' dir='ltr'><strong>unius</strong></span> <span class='ocrx_word' id='word_1_327' title='bbox 1547 3419 1602 3478; x_wconf 79' lang='lat' dir='ltr'><strong>rel</strong></span> 
     </span>
     <span class='ocr_line' id='line_1_37' title="bbox 359 3507 1604 3588; baseline -0.001 -26"><span class='ocrx_word' id='word_1_328' title='bbox 359 3507 540 3578; x_wconf 72' lang='lat' dir='ltr'><strong>geminae</strong></span> <span class='ocrx_word' id='word_1_329' title='bbox 573 3520 736 3564; x_wconf 87' lang='lat' dir='ltr'><strong>naturae</strong></span> <span class='ocrx_word' id='word_1_330' title='bbox 768 3507 918 3566; x_wconf 74' lang='lat' dir='ltr'><strong>Christi</strong></span> <span class='ocrx_word' id='word_1_331' title='bbox 949 3511 1018 3568; x_wconf 84' lang='lat' dir='ltr'><strong>llei</strong></span> <span class='ocrx_word' id='word_1_332' title='bbox 1051 3511 1293 3573; x_wconf 75' lang='lat' dir='ltr'><strong>vocabulum,</strong></span> <span class='ocrx_word' id='word_1_333' title='bbox 1326 3513 1380 3568; x_wconf 83' lang='lat' dir='ltr'><strong>lta</strong></span> <span class='ocrx_word' id='word_1_334' title='bbox 1410 3519 1437 3566; x_wconf 91' lang='lat' dir='ltr'><strong>et</strong></span> <span class='ocrx_word' id='word_1_335' title='bbox 1476 3527 1604 3588; x_wconf 84' lang='lat' dir='ltr'><strong>opera-</strong></span> 
     </span>
     <span class='ocr_line' id='line_1_38' title="bbox 359 3591 1601 3676; baseline -0.001 -27"><span class='ocrx_word' id='word_1_336' title='bbox 359 3593 510 3650; x_wconf 86' lang='lat' dir='ltr'><strong>tionem</strong></span> <span class='ocrx_word' id='word_1_337' title='bbox 539 3613 646 3652; x_wconf 85' lang='lat' dir='ltr'><strong>unam</strong></span> <span class='ocrx_word' id='word_1_338' title='bbox 675 3596 737 3651; x_wconf 80' lang='lat' dir='ltr'><strong>rel</strong></span> <span class='ocrx_word' id='word_1_339' title='bbox 767 3599 962 3669; x_wconf 71' lang='lat' dir='ltr'><strong>geminam</strong></span> <span class='ocrx_word' id='word_1_340' title='bbox 991 3601 1204 3676; x_wconf 75' lang='lat' dir='ltr'><strong>suspicantur·¹</strong></span> <span class='ocrx_word' id='word_1_341' title='bbox 1251 3598 1344 3675; x_wconf 75' lang='lat' dir='ltr'><strong>Super</strong></span> <span class='ocrx_word' id='word_1_342' title='bbox 1367 3600 1507 3675; x_wconf 73' lang='lat' dir='ltr'><strong>primum,</strong></span> <span class='ocrx_word' id='word_1_343' title='bbox 1532 3591 1601 3673; x_wconf 71' lang='lat' dir='ltr'><strong>(prul</strong></span> 
     </span>
     <span class='ocr_line' id='line_1_39' title="bbox 359 3680 1602 3755; baseline 0 -19"><span class='ocrx_word' id='word_1_344' title='bbox 359 3680 472 3737; x_wconf 86' lang='lat' dir='ltr'><strong>scilieet</strong></span> <span class='ocrx_word' id='word_1_345' title='bbox 506 3682 536 3737; x_wconf 92' lang='lat' dir='ltr'><strong>in</strong></span> <span class='ocrx_word' id='word_1_346' title='bbox 561 3680 680 3738; x_wconf 74' lang='lat' dir='ltr'><strong>tJtoisto</strong></span> <span class='ocrx_word' id='word_1_347' title='bbox 713 3680 788 3739; x_wconf 84' lang='lat' dir='ltr'><strong>‹luae</strong></span> <span class='ocrx_word' id='word_1_348' title='bbox 823 3697 944 3740; x_wconf 83' lang='lat' dir='ltr'><strong>naturae</strong></span> <span class='ocrx_word' id='word_1_349' title='bbox 979 3686 1045 3755; x_wconf 83' lang='lat' dir='ltr'><strong>siut,</strong></span> <span class='ocrx_word' id='word_1_350' title='bbox 1080 3687 1158 3742; x_wconf 84' lang='lat' dir='ltr'><strong>clara</strong></span> <span class='ocrx_word' id='word_1_351' title='bbox 1192 3707 1255 3742; x_wconf 86' lang='lat' dir='ltr'><strong>esse</strong></span> <span class='ocrx_word' id='word_1_352' title='bbox 1289 3683 1391 3742; x_wconf 84' lang='lat' dir='ltr'><strong>divina</strong></span> <span class='ocrx_word' id='word_1_353' title='bbox 1426 3683 1602 3742; x_wconf 83' lang='lat' dir='ltr'><strong>testimonia.</strong></span> 
     </span>
     <span class='ocr_line' id='line_1_40' title="bbox 363 3766 1602 3845; baseline 0 -23"><span class='ocrx_word' id='word_1_354' title='bbox 363 3766 506 3838; x_wconf 69' lang='lat' dir='ltr'><strong>„tssnius</strong></span> <span class='ocrx_word' id='word_1_355' title='bbox 536 3778 663 3824; x_wconf 83' lang='lat' dir='ltr'><strong>auteur</strong></span> <span class='ocrx_word' id='word_1_356' title='bbox 698 3771 948 3845; x_wconf 84' lang='lat' dir='ltr'><strong>operationis</strong></span> <span class='ocrx_word' id='word_1_357' title='bbox 981 3771 1044 3828; x_wconf 82' lang='lat' dir='ltr'><strong>vel</strong></span> <span class='ocrx_word' id='word_1_358' title='bbox 1074 3770 1232 3830; x_wconf 86' lang='lat' dir='ltr'><strong>duarum</strong></span> <span class='ocrx_word' id='word_1_359' title='bbox 1266 3793 1351 3830; x_wconf 88' lang='lat' dir='ltr'><strong>esse</strong></span> <span class='ocrx_word' id='word_1_360' title='bbox 1382 3771 1443 3828; x_wconf 84' lang='lat' dir='ltr'><strong>vel</strong></span> <span class='ocrx_word' id='word_1_361' title='bbox 1479 3771 1602 3829; x_wconf 80' lang='lat' dir='ltr'><strong>fuisse</strong></span> 
     </span>
     <span class='ocr_line' id='line_1_41' title="bbox 361 3853 1602 3936; baseline 0.003 -28"><span class='ocrx_word' id='word_1_362' title='bbox 361 3853 565 3910; x_wconf 85' lang='lat' dir='ltr'><strong>Dominum</strong></span> <span class='ocrx_word' id='word_1_363' title='bbox 599 3855 727 3913; x_wconf 88' lang='lat' dir='ltr'><strong>lesum</strong></span> <span class='ocrx_word' id='word_1_364' title='bbox 764 3856 974 3924; x_wconf 73' lang='lat' dir='ltr'><strong>Christum,</strong></span> <span class='ocrx_word' id='word_1_365' title='bbox 1020 3861 1172 3916; x_wconf 88' lang='lat' dir='ltr'><strong>sentire</strong></span> <span class='ocrx_word' id='word_1_366' title='bbox 1211 3875 1246 3916; x_wconf 87' lang='lat' dir='ltr'><strong>et</strong></span> <span class='ocrx_word' id='word_1_367' title='bbox 1285 3879 1463 3936; x_wconf 84' lang='lat' dir='ltr'><strong>promere</strong></span> <span class='ocrx_word' id='word_1_368' title='bbox 1506 3858 1602 3916; x_wconf 73' lang='lat' dir='ltr'><strong>satis</strong></span> 
     </span>
     <span class='ocr_line' id='line_1_42' title="bbox 358 3940 650 4015; baseline 0.01 -21"><span class='ocrx_word' id='word_1_369' title='bbox 358 3940 535 4015; x_wconf 88' lang='lat' dir='ltr'><strong>ineptum</strong></span> <span class='ocrx_word' id='word_1_370' title='bbox 561 3946 650 3997; x_wconf 84' lang='lat' dir='ltr'><strong>est&#39;·.</strong></span> 
     </span>
    </p>

    <p class='ocr_par' dir='ltr' id='par_1_5' title="bbox 356 4025 1602 4370">
     <span class='ocr_line' id='line_1_43' title="bbox 466 4025 1600 4102; baseline 0.009 -22"><span class='ocrx_word' id='word_1_371' title='bbox 466 4027 565 4102; x_wconf 81' lang='lat' dir='ltr'><strong>Atque</strong></span> <span class='ocrx_word' id='word_1_372' title='bbox 589 4047 691 4086; x_wconf 81' lang='lat' dir='ltr'><strong>revera</strong></span> <span class='ocrx_word' id='word_1_373' title='bbox 713 4033 833 4088; x_wconf 83' lang='lat' dir='ltr'><strong>utttuiuo</strong></span> <span class='ocrx_word' id='word_1_374' title='bbox 857 4030 1014 4088; x_wconf 84' lang='lat' dir='ltr'><strong>dicendum</strong></span> <span class='ocrx_word' id='word_1_375' title='bbox 1040 4030 1163 4095; x_wconf 84' lang='lat' dir='ltr'><strong>ritletur,</strong></span> <span class='ocrx_word' id='word_1_376' title='bbox 1199 4032 1363 4090; x_wconf 88' lang='lat' dir='ltr'><strong>lleuorium</strong></span> <span class='ocrx_word' id='word_1_377' title='bbox 1394 4030 1554 4090; x_wconf 81' lang='lat' dir='ltr'><strong>vidisse</strong></span> <span class='ocrx_word' id='word_1_378' title='bbox 1576 4025 1600 4092; x_wconf 73' lang='lat' dir='ltr'><strong>ll</strong></span> 
     </span>
     <span class='ocr_line' id='line_1_44' title="bbox 356 4108 1602 4196; baseline 0.004 -29"><span class='ocrx_word' id='word_1_379' title='bbox 356 4108 439 4190; x_wconf 77' lang='lat' dir='ltr'><strong>quod</strong></span> <span class='ocrx_word' id='word_1_380' title='bbox 463 4110 632 4171; x_wconf 85' lang='lat' dir='ltr'><strong>defensores</strong></span> <span class='ocrx_word' id='word_1_381' title='bbox 655 4115 778 4174; x_wconf 87' lang='lat' dir='ltr'><strong>duarum</strong></span> <span class='ocrx_word' id='word_1_382' title='bbox 802 4121 1003 4194; x_wconf 77' lang='lat' dir='ltr'><strong>operationum</strong></span> <span class='ocrx_word' id='word_1_383' title='bbox 1028 4119 1082 4176; x_wconf 90' lang='lat' dir='ltr'><strong>hoc</strong></span> <span class='ocrx_word' id='word_1_384' title='bbox 1113 4122 1238 4178; x_wconf 87' lang='lat' dir='ltr'><strong>termino</strong></span> <span class='ocrx_word' id='word_1_385' title='bbox 1262 4121 1427 4196; x_wconf 80' lang='lat' dir='ltr'><strong>exprimere</strong></span> <span class='ocrx_word' id='word_1_386' title='bbox 1456 4117 1602 4177; x_wconf 78' lang='lat' dir='ltr'><strong>velebant.</strong></span> 
     </span>
     <span class='ocr_line' id='line_1_45' title="bbox 359 4197 1600 4282; baseline 0.01 -31"><span class='ocrx_word' id='word_1_387' title='bbox 359 4217 412 4252; x_wconf 85' lang='lat' dir='ltr'><strong>nec</strong></span> <span class='ocrx_word' id='word_1_388' title='bbox 428 4197 521 4256; x_wconf 87' lang='lat' dir='ltr'><strong>solum</strong></span> <span class='ocrx_word' id='word_1_389' title='bbox 534 4198 653 4270; x_wconf 85' lang='lat' dir='ltr'><strong>vidisse,</strong></span> <span class='ocrx_word' id='word_1_390' title='bbox 673 4202 725 4260; x_wconf 89' lang='lat' dir='ltr'><strong>sed</strong></span> <span class='ocrx_word' id='word_1_391' title='bbox 741 4207 830 4261; x_wconf 83' lang='lat' dir='ltr'><strong>etiam</strong></span> <span class='ocrx_word' id='word_1_392' title='bbox 854 4206 1103 4282; x_wconf 84' lang='lat' dir='ltr'><strong>approbasse</strong></span> <span class='ocrx_word' id='word_1_393' title='bbox 1128 4219 1156 4263; x_wconf 91' lang='lat' dir='ltr'><strong>et</strong></span> <span class='ocrx_word' id='word_1_394' title='bbox 1182 4205 1439 4264; x_wconf 75' lang='lat' dir='ltr'><strong>vehementer</strong></span> <span class='ocrx_word' id='word_1_395' title='bbox 1462 4208 1600 4264; x_wconf 81' lang='lat' dir='ltr'><strong>ursisse.</strong></span> 
     </span>
     <span class='ocr_line' id='line_1_46' title="bbox 357 4285 1599 4370; baseline 0.006 -31"><span class='ocrx_word' id='word_1_396' title='bbox 357 4303 425 4340; x_wconf 90' lang='lat' dir='ltr'><strong>cum</strong></span> <span class='ocrx_word' id='word_1_397' title='bbox 460 4287 491 4342; x_wconf 93' lang='lat' dir='ltr'><strong>iu</strong></span> <span class='ocrx_word' id='word_1_398' title='bbox 526 4285 580 4344; x_wconf 88' lang='lat' dir='ltr'><strong>huc</strong></span> <span class='ocrx_word' id='word_1_399' title='bbox 613 4288 769 4348; x_wconf 85' lang='lat' dir='ltr'><strong>secunda</strong></span> <span class='ocrx_word' id='word_1_400' title='bbox 802 4292 928 4368; x_wconf 85' lang='lat' dir='ltr'><strong>epistola</strong></span> <span class='ocrx_word' id='word_1_401' title='bbox 952 4314 1009 4350; x_wconf 89' lang='lat' dir='ltr'><strong>non</strong></span> <span class='ocrx_word' id='word_1_402' title='bbox 1033 4305 1101 4364; x_wconf 80' lang='lat' dir='ltr'><strong>tam,</strong></span> <span class='ocrx_word' id='word_1_403' title='bbox 1137 4303 1166 4351; x_wconf 89' lang='lat' dir='ltr'><strong>nt</strong></span> <span class='ocrx_word' id='word_1_404' title='bbox 1192 4296 1221 4351; x_wconf 91' lang='lat' dir='ltr'><strong>in</strong></span> <span class='ocrx_word' id='word_1_405' title='bbox 1246 4295 1346 4370; x_wconf 84' lang='lat' dir='ltr'><strong>prima,</strong></span> <span class='ocrx_word' id='word_1_406' title='bbox 1381 4287 1599 4350; x_wconf 82' lang='lat' dir='ltr'><strong>distinctionem</strong></span> 
     </span>
    </p>
   </div>
   <div class='ocr_carea' id='block_1_3' title="bbox 407 4501 1601 4633">
    <p class='ocr_par' dir='ltr' id='par_1_6' title="bbox 407 4501 1601 4633">
     <span class='ocr_line' id='line_1_47' title="bbox 407 4501 1601 4633; baseline 0.001 -72"><span class='ocrx_word' id='word_1_407' title='bbox 407 4507 444 4574; x_wconf 80' lang='lat'><strong>⁴⁴)</strong></span> <span class='ocrx_word' id='word_1_408' title='bbox 464 4508 611 4633; x_wconf 41' lang='lat' dir='ltr'><strong>gilkiplulase&#39;</strong></span> <span class='ocrx_word' id='word_1_409' title='bbox 640 4527 728 4578; x_wconf 86' lang='lat' dir='ltr'><strong>supra</strong></span> <span class='ocrx_word' id='word_1_410' title='bbox 765 4513 801 4565; x_wconf 83' lang='lat' dir='ltr'><strong>do</strong></span> <span class='ocrx_word' id='word_1_411' title='bbox 830 4501 1014 4568; x_wconf 81' lang='lat' dir='ltr'><strong>mirabilibus</strong></span> <span class='ocrx_word' id='word_1_412' title='bbox 1047 4533 1064 4568; x_wconf 90' lang='lat' dir='ltr'><strong>u</strong></span> <span class='ocrx_word' id='word_1_413' title='bbox 1099 4516 1280 4582; x_wconf 84' lang='lat' dir='ltr'><strong>simplicibus</strong></span> <span class='ocrx_word' id='word_1_414' title='bbox 1316 4515 1453 4567; x_wconf 83' lang='lat' dir='ltr'><strong>fidelibus</strong></span> <span class='ocrx_word' id='word_1_415' title='bbox 1484 4511 1601 4580; x_wconf 85' lang='lat' dir='ltr'><strong>patratis</strong></span> 
     </span>
    </p>
   </div>
   <div class='ocr_carea' id='block_1_4' title="bbox 0 0 1740 5342">
    <p class='ocr_par' dir='ltr' id='par_1_7' title="bbox 0 0 1740 5342">
     <span class='ocr_line' id='line_1_48' title="bbox 0 0 1740 5342; baseline 0 0"><span class='ocrx_word' id='word_1_416' title='bbox 0 0 1740 5342; x_wconf 95' lang='lat' dir='ltr'><strong> </strong></span> 
     </span>
    </p>
   </div>
  </div>
 </body>
</html>
