3450 5342
611 555 928 616 sitionibus
972 558 1364 635 poenitentis3
1413 565 1475 614 at
1519 556 1631 614 hae
1678 577 1910 635 quoque
1958 577 2074 614 non
2121 556 2404 634 praebent
2455 554 2899 613 fundamentum
2954 554 3137 627 illius

611 643 1017 717 certitudinis3
1080 641 1297 701 deinde
1356 645 1485 721 ipse
1542 647 1853 722 poenitens
1913 644 2087 720 longe
2150 644 2365 700 certius
2413 663 2583 700 nosse
2629 651 2820 720 potest
2867 662 2934 699 se
2987 661 3136 699 esse

615 730 983 810 dispositum,
1048 750 1227 808 qnam
1290 732 1560 789 minister
1621 751 1695 788 ex
1759 732 1898 788 solis
1966 732 2152 806 signis
2228 732 2491 786 externis
2554 728 2813 785 iudicare
2860 732 3127 806 possit⁴‘.

618 820 852 887 Sasse,
897 819 990 879 De
1035 837 1206 895 poen.
1251 817 1335 875 th.
1383 820 1438 875 8.

829 899 1066 963 Quodsi
1124 897 1262 967 quis
1321 903 1566 967 peccata
1615 897 1736 951 iam
1792 898 2077 953 absoluta
2134 896 2470 951 confitetur
2519 896 2691 959 (dub.
2728 900 2803 962 5),
2843 900 2901 962 a)
2963 911 3131 951 sane

617 967 857 1023 inutilis
896 968 1059 1022 foret
1097 967 1356 1037 repetita
1393 967 1742 1034 declaratio,
1785 969 1846 1029 b)
1887 966 2056 1037 quod
2098 973 2343 1035 peccata
2391 966 2450 1020 in
2493 965 2807 1034 baptismo
2844 966 3129 1020 remissa

619 1038 856 1106 attinet,
910 1037 1165 1091 ecclesia
1205 1052 1355 1092 sane
1392 1037 1454 1091 in
1495 1037 1803 1093 neminem
1846 1036 2138 1091 iudicium
2192 1042 2454 1101 exeroet,
2510 1035 2618 1089 ‹ui
2658 1051 2778 1089 non
2823 1035 3013 1102 prius
3057 1035 3129 1088 in

617 1107 819 1176 ipsam
859 1121 975 1175 per
1011 1105 1308 1175 baptismi
1347 1107 1592 1161 ianuam
1634 1106 1822 1161 fuerit
1860 1106 2186 1176 ingressus
2240 1105 2482 1172 (Cone.
2605 1104 2759 1170 rid,
2813 1108 2988 1159 sess.
3037 1108 3124 1169 14,

621 1191 669 1230 e.
707 1178 797 1242 2);
837 1178 892 1242 c)
938 1176 988 1229 si
1031 1175 1175 1300 guis
1223 1183 1538 1244 peccatum
1590 1182 1980 1230 sacramento
2036 1174 2448 1243 poenitentiae
2505 1174 2840 1228 remissum
2883 1174 3124 1228 iterum

620 1244 972 1311 confitetur,
1089 1245 1373 1299 oninck
1434 1246 1542 1314 (De
1581 1261 1759 1314 poen.
1798 1245 1958 1315 disp.
1997 1249 2045 1311 4,
2102 1245 2248 1299 dub.
2286 1246 2335 1310 8,
2386 1260 2442 1297 n.
2482 1246 2547 1299 61
2590 1246 2695 1309 ss)
2751 1243 2891 1297 ideo
2951 1242 3129 1296 dixit

619 1329 873 1383 semper
923 1314 1151 1369 remitti
1204 1319 1450 1383 peccata
1489 1316 1566 1369 de
1603 1330 1787 1382 ῐιονο,
1843 1315 1990 1385 quia
2043 1329 2285 1383 semper
2323 1321 2528 1368 manet
2566 1313 2770 1382 aliqua
2809 1312 3138 1383 obligatio

622 1400 700 1439 ex
738 1386 887 1452 ipsO,
928 1390 1239 1453 quatenus
1277 1385 1481 1439 ablata
1517 1384 1637 1438 iam
1678 1385 1859 1453 culpa
1897 1390 1957 1440 et
1997 1399 2195 1453 poena
2235 1390 2441 1437 manet
2485 1383 2690 1451 aliqua
2731 1397 2991 1451 semper
3032 1382 3127 1434 in-

621 1453 914 1523 dignitas,
958 1453 1196 1509 Ceteris
1236 1454 1496 1523 paribus
1537 1455 1744 1508 minus
1783 1454 2017 1525 dignus
2052 1461 2147 1507 est
2175 1451 2283 1507 Dei
2318 1452 2634 1519 beneficio,
2673 1452 2781 1521 qui
2810 1450 3128 1521 peccavit,

621 1538 809 1592 quam
851 1523 958 1592 qui
999 1524 1454 1592 nonpeccavit.
1495 1522 1614 1577 Sed
1659 1523 1886 1578 mirum
1930 1529 2041 1589 est,
2103 1522 2267 1591 quod
2307 1522 2420 1576 etsi
2453 1536 2701 1591 semper
2733 1522 3128 1587 remittatur,

619 1607 942 1661 nunquam
984 1597 1191 1647 tamen
1231 1593 1655 1659 exhauriatur,
1696 1593 1815 1648 nisi
1855 1608 2050 1662 negas
2091 1607 2277 1661 posse
2315 1607 2447 1645 eam
2502 1589 2820 1646 exhauriri.
2871 1590 3136 1645 Deinde

620 1677 747 1716 non
800 1662 1145 1717 concedunt
1195 1661 1466 1731 theologi
1515 1677 1703 1730 posse
1756 1669 2002 1732 peccata
2055 1661 2258 1723 redire
2302 1660 2505 1730 quoad
2549 1660 2838 1714 effectum
2883 1675 3121 1724 suum;

622 1732 730 1785 sed
787 1731 901 1785 hoc
952 1731 1047 1785 hic
1096 1731 1429 1786 dicendum
1481 1737 1661 1785 esset.
1723 1732 1875 1786 Deni
1927 1747 2002 1785 ue
2050 1731 2134 1785 ita
2185 1746 2307 1784 non
2359 1729 2819 1784 remitterentur
2855 1727 3123 1798 proprie

622 1806 886 1870 peccata,
926 1802 1035 1855 sed
1074 1800 1415 1868 indignitas
1474 1800 1562 1854 De
1602 1801 1703 1855 Lu
1779 1817 1815 1853 o
1856 1812 1874 1869 (
1939 1816 1971 1854 e
2012 1815 2166 1854 sacr.
2206 1815 2381 1868 poen.
2421 1798 2579 1868 disp.
2622 1801 2701 1863 13,
2744 1815 2789 1852 S.
2830 1801 2877 1862 3,
2920 1815 2980 1852 n.
3022 1799 3119 1864 73)

629 1875 691 1924 et
722 1877 864 1939 post
891 1886 1030 1925 eum
1064 1866 1241 1924 multi
1276 1869 1545 1937 theologi
1589 1877 1679 1935 (ut
1783 1871 1922 1925 alm
1944 1870 2107 1936 ieri,
2149 1869 2236 1923 De
2267 1883 2441 1938 poen.
2476 1870 2557 1922 th.
2588 1870 2667 1930 12,
2694 1868 2829 1931 VI.;
2873 1867 3125 1921 Sasse.'

628 1939 719 1994 De
761 1955 938 2009 poen.
980 1940 1062 1994 th.
1101 1942 1184 2005 38,
1226 1939 1449 2002 Schol.)
1488 1939 1711 1993 docent
1751 1955 1899 1993 vera
1936 1940 2076 1993 ideo
2116 1947 2261 1993 tunc
2287 1954 2426 1992 esse
2455 1939 2645 1992 verba
2674 1936 3119 1991 absolutionis

628 2009 802 2076 »quia
852 2024 974 2062 non
1029 2007 1343 2073 mentitur,
1394 2008 1499 2076 qui
1533 2013 1694 2130 (post
1746 2008 2088 2078 dimissum
2123 2008 2311 2061 semel
2351 2007 2628 2062 debitum
2672 2007 2768 2061 vel
2792 2006 3120 2061 offensam

624 2076 851 2130 iterum
911 2092 980 2130 ro
1030 2083 1171 2131 atus
1221 2077 1367 2131 dicit
1417 2093 1482 2130 se
1579 2076 1863 2131 imittere.
1923 2079 2076 2131 Nam
2128 2078 2287 2131 sicut
2322 2077 2429 2146 qui
2470 2077 2659 2131 semel
2702 2092 2767 2131 se
2806 2075 3121 2145 obligavit

621 2143 801 2199 alicui
842 2145 918 2199 ad
956 2161 987 2199 a
1017 2146 1188 2226 iquid
1264 2146 1684 2212 raestandum‚
1726 2153 1932 2214 potest
1958 2147 2182 2201 iterum
2215 2162 2280 2200 se
2305 2147 2357 2200 ei
2386 2145 2658 2214 obligare
2688 2147 2762 2200 ad
2791 2145 2983 2214 idem,
3055 2187 3068 2199 .
3104 2186 3121 2198 .

620 2213 724 2278 sic,
764 2214 872 2283 qui
910 2214 1153 2269 remisit
1235 2215 1487 2283 ebitum,
1526 2220 1734 2284 potest
1772 2215 1996 2270 iterum
2039 2216 2200 2269 idem
2245 2216 2582 2275 remittere:
2626 2231 2765 2270 nam
2796 2217 3119 2270 remittere

621 2283 681 2338 in
735 2283 944 2351 rigore
995 2289 1090 2338 est
1141 2285 1413 2354 obligare
1465 2300 1530 2338 se
1579 2301 1692 2354 per
1739 2287 2083 2340 cessionem
2137 2284 2292 2339 iuris
2343 2285 2419 2339 ad
2461 2300 2583 2338 non
2627 2285 2923 2339 utendum
2971 2286 3119 2338 iure

618 2353 923 2422 acquisito
986 2354 1217 2408 ratione
1275 2354 1556 2408 offensae
1612 2354 1671 2408 in
1723 2355 1942 2409 ordine
2000 2356 2075 2408 ad
2130 2355 2310 2408 talem
2361 2354 2457 2409 vel
2516 2354 2696 2408 talem
2758 2355 3116 2421 effectum«,

623 2423 821 2486 Quam
866 2423 1236 2483 solutionem
1279 2425 1500 2477 merito
1538 2423 1856 2492 improbat
1912 2425 1983 2477 W
2008 2425 2022 2477 i
2046 2439 2078 2477 e
2105 2429 2124 2478 t
2148 2439 2230 2478 ro
2253 2441 2305 2477 w
2329 2439 2359 2477 s
2383 2424 2461 2477 ki
2502 2424 2796 2478 ‹Selectae
2836 2425 3120 2488 concluS,

620 2492 803 2547 theol.
832 2493 895 2546 P.
919 2492 1108 2560 VIII.,
1148 2493 1336 2547 concl.
1367 2497 1447 2559 17,
1476 2509 1532 2561 n,
1558 2495 1684 2559 682)
1718 2494 1962 2547 dicens:
2013 2494 2195 2547 ==Nam
2228 2494 2397 2563 quod
2429 2494 2595 2547 Deus
2624 2509 2736 2562 per
2765 2494 3111 2548 secundam

624 2561 1082 2617 absolutionem
1137 2578 1203 2616 se
1253 2562 1487 2631 obliget
1536 2563 1613 2616 ad
1667 2579 1790 2617 non
1845 2564 2144 2618 utendum
2186 2563 2321 2617 iure
2360 2562 2663 2631 acquisito
2701 2562 2846 2616 olim
2887 2570 3116 2616 contra

622 2637 1008 2699 peccatorem
1051 2636 1111 2686 et
1148 2632 1469 2686 destructo
1508 2647 1620 2701 per
1657 2632 2195 2700 condonationem,
2246 2636 2388 2687 ante
2473 2637 2817 2686 raesentem
2860 2632 3114 2685 absolu·

621 2700 868 2767 tionem,
897 2705 993 2755 est
1025 2701 1469 2755 formalissime
1509 2701 1785 2770 obligare
1826 2718 1892 2756 se
1930 2702 2006 2756 ad
2048 2718 2171 2756 non
2212 2702 2408 2756 facien
2458 2717 2562 2756 um
2604 2700 3016 2770 impossibile.
3058 2699 3110 2754 si

624 2768 879 2838 quidem
931 2770 1012 2824 im
1064 2770 1321 2825 ossibile
1370 2777 1480 2838 est,
1538 2770 1627 2825 uti
1665 2772 1802 2826 iure
1841 2786 1965 2825 non
2006 2771 2354 2825 existente«.
2406 2771 2434 2825 1
2487 2787 2552 2824 se
2593 2786 2743 2824 vero
2781 2773 2941 2838 (cum
2991 2770 3113 2824 Di-

625 2838 972 2906 casti110‚
1070 2856 1103 2893 e
1144 2855 1299 2894 sacr.
1338 2856 1514 2909 poen.
1554 2841 1712 2909 disp.
1753 2845 1784 2895 5
1844 2857 1899 2896 n.
1942 2843 2057 2908 113,
2100 2841 2187 2895 De
2227 2840 2387 2908 San,
2498 2856 2529 2894 e
2576 2854 2751 2907 paen.
2802 2855 2860 2893 n.
2891 2841 2995 2894 433
3039 2846 3113 2901 S.)

625 2908 775 2962 haec
829 2909 1075 2963 statuit:
1140 2909 1447 2964 »Dicimus
1497 2910 1705 2979 itaque
1745 2910 2052 2965 obiectum
2097 2910 2429 2964 verificans
2468 2908 2921 2963 absolutionem
2967 2923 3112 2962 esse

632 2977 1065 3033 remisssionem
1125 2980 1354 3048 peccati
1414 2995 1538 3033 non
1595 2979 1915 3045 actualem,
1974 2980 2081 3034 sed
2135 2978 2482 3034 radicalem.
2543 2978 2720 3033 Ratio
2770 2985 2885 3032 est:
2946 2979 3106 3032 Nam

630 3046 887 3100 actualis
927 3047 1216 3103 remissio
1254 3056 1350 3103 est
1386 3048 1644 3103 actualis
1675 3049 2000 3103 exstinctio
2027 3048 2184 3103 iuris
2209 3048 2474 3119 quaesiti
2500 3064 2534 3101 a
2563 3048 2690 3102 Deo
2722 3063 2799 3101 ex
2826 3055 3112 3116 peccato:

633 3114 785 3171 haec
836 3122 1040 3171 autem
1092 3119 1350 3173 actualis
1401 3118 1731 3173 exstinctio
1782 3135 1904 3173 non
1957 3124 2164 3187 potest
2213 3118 2372 3172 circa
2422 3119 2516 3172 ius
2567 3118 2688 3171 iam
2730 3117 3105 3171 exstinctum

625 3185 884 3254 versari,
943 3186 1228 3242 videlicet
1265 3188 1607 3242 auferendo
1646 3188 2071 3242 exsistentiam
2114 3203 2148 3241 a
2187 3203 2310 3241 non
2350 3187 2616 3241 habente
2655 3186 3109 3241 exsistentiam.

622 3255 701 3310 At
751 3256 1037 3310 radicalis
1089 3257 1379 3312 remissio
1431 3263 1553 3311 stat
1603 3261 1727 3312 tam
1784 3257 1845 3311 in
1896 3257 2098 3327 gratia
2138 3256 2468 3310 remissiva
2508 3265 2567 3310 et
2605 3256 2933 3324 expulsiva
2972 3271 3111 3324 pec-

617 3325 734 3379 cati
786 3326 1122 3393 commissi,
1179 3342 1366 3396 quam
1419 3327 1479 3380 in
1532 3326 1668 3381 iure
1717 3326 1794 3381 ad
1834 3327 1992 3381 hanc
2030 3327 2228 3395 ipsam
2270 3326 2554 3395 gratiam.
2615 3326 2724 3379 Ius
2775 3324 2983 3379 autein
3024 3326 3108 3379 ad

617 3395 778 3449 hanc
814 3397 1076 3464 gratiam
1121 3404 1215 3449 est
1254 3395 1592 3450 infallibilis
1623 3396 1963 3464 promissio
1993 3396 2099 3451 Dei
2131 3403 2190 3450 et
2225 3395 2632 3450 a,·r1·obativa
2661 3394 2761 3448 illa
2789 3396 3107 3448 voluntas:

618 3464 1062 3534 Quaecumque
1117 3464 1431 3519 solveritis
1485 3481 1676 3534 super
1729 3471 1980 3532 terram,
2037 3472 2223 3519 erunt
2274 3465 2474 3519 soluta
2514 3470 2570 3519 et
2612 3464 2673 3518 in
2713 3463 2933 3524 coelis;
2991 3469 3114 3530 est,

618 3532 679 3587 in
731 3550 892 3594 uam.
932 3534 1032 3589 ius
1071 3534 1148 3588 ad
1188 3534 1452 3603 gratiam
1484 3534 1972 3589 sanctificantem
2003 3534 2396 3589 remissivam
2428 3534 2675 3603 peccati.
2716 3534 2864 3587 haec
2890 3533 3107 3587 divina

619 3551 929 3670 νοίῗιιῐιιειε,
1013 3607 1159 3658 rout
1195 3603 1498 3672 applicata
1536 3620 1649 3673 per
1688 3610 1883 3659 verba
1921 3605 2334 3659 absolutionis
2374 3603 2708 3673 poenitenti
2751 3618 2783 3656 a
2823 3603 3109 3672 legitimo

621 3671 924 3725 ministro
1025 3672 1146 3727 uod
1189 3688 1339 3728 vero
1379 3680 1837 3729 sacramentum
1879 3674 2155 3729 validum
2198 3679 2317 3728 stet
2357 3672 2490 3727 sine
2528 3673 2744 3741 gratia,
2784 3687 2925 3726 cum
2969 3672 3104 3726 solo

621 3740 760 3794 iure
798 3740 873 3794 ad
914 3740 1080 3795 illam
1122 3741 1342 3796 collato
1380 3743 1456 3797 de
1541 3742 1826 3811 raesenti‚
1866 3749 2034 3813 patet
2074 3744 2135 3797 in
2163 3742 2479 3812 baptismo
2508 3742 2710 3795 valido
2740 3752 2800 3794 et
2830 3740 3105 3805 informi,

613 3808 893 3888 admisso
932 3811 1010 3864 ab
1049 3811 1372 3865 omnibus«
1454 3759 1572 3881 (lpb.
1611 3829 1667 3867 n.
1707 3816 1845 3880 680).
1889 3814 2094 3882 Igitur
2134 3812 2456 3881 poenitens
2494 3812 2554 3864 in
2595 3827 2666 3864 eo
2708 3826 2856 3864 casu
2884 3810 3106 3880 accipit

618 3882 885 3949 granam
929 3879 1321 3934 remissivum
1363 3883 1593 3950 peccati
1632 3889 1700 3937 ut
1738 3883 2073 3950 commissi,
2114 3883 2247 3936 s‘ive
2272 3882 2537 3951 gratiam
2570 3880 3102 3947 sacramentalem,

619 3962 775 4015 quae
827 3949 1173 4004 remitteret
1222 3951 1543 4005 actualiter
1580 3956 1767 4032 atque
1804 3954 2234 4022 exstingueret
2273 3954 2608 4020 peccatum,
2668 3948 2716 4002 si
2757 3948 2908 4003 illud
2953 3949 3112 4003 irre-⁷

622 4017 886 4071 missum
939 4023 1126 4088 atque
1174 4018 1615 4075 inexstinctum
1662 4021 2024 4076 invenisset.
2084 4021 2371 4076 Ceterum
2428 4018 2650 4074 similis
2691 4034 2791 4072 res
2830 4018 3104 4073 occurrit

621 4086 1005 4156 in'homine,
1061 4088 1170 4157 qui
1219 4089 1400 4158 gravi
1495 4096 1700 4145 eccato
1750 4091 2088 4144 commisso
2143 4091 2207 4143 in
2248 4094 2414 4144 statu
2452 4087 2808 4143 inimicitiae
2849 4088 2961 4142 Dei
2999 4102 3105 4157 po-

622 4157 798 4224 situS,
840 4156 1046 4211 denuo
1085 4164 1314 4227 peccat.
1355 4189 1415 4198 -
1514 4175 1595 4213 on
1635 4174 1822 4228 posse
1907 4159 2068 4214 uoad
2108 4159 2321 4214 eadem
2363 4162 2610 4228 peccata
2640 4157 3118 4213 absolutionem.

612 4225 815 4349 gepetli
855 4226 917 4279 in
955 4227 1169 4350 e4adem
1210 4228 1603 4283 confessione
1642 4234 1828 4298 patet.
1922 4230 1958 4284 f.
2002 4229 2406 4294 Bonacina,
2448 4228 2536 4282 De
2585 4241 2738 4281 sacr.
2782 4243 2957 4295 poen.
2996 4243 3099 4297 qu.

648 4337 661 4361 ,
703 4311 750 4350 s,
825 4335 838 4361 ,
878 4311 934 4363 p.
1009 4338 1021 4349 .

826 4361 963 4419 Non
1016 4365 1150 4419 fore
1201 4371 1270 4421 ut
1321 4366 1521 4421 solum
1574 4372 1891 4436 peccatum
1945 4372 2161 4421 contra
2215 4366 2515 4436 Spiritum
2569 4381 2614 4420 s.
2655 4371 3100 4434 postmortem

616 4433 960 4488 retineatur
1007 4439 1177 4504 patet
1227 4451 1302 4490 ex
1356 4436 1460 4490 Mt.
1510 4439 1593 4504 25,
1642 4439 1724 4490 44.
1765 4439 1848 4492 46.
1903 4436 1992 4492 Cf.
2033 4437 2117 4490 th.
2146 4436 2265 4490 III.
2303 4436 2379 4490 ad
2421 4435 2569 4490 dub.
2606 4437 2669 4499 6;
2709 4440 2984 4489 ceterum
3025 4434 3101 4489 cf.

618 4503 863 4571 Augu
894 4503 1199 4572 stinuS,
1266 4505 1314 4559 E
1366 4547 1379 4561 .
1428 4505 1505 4560 ad
1561 4505 1874 4561 Evodium
1925 4508 2009 4574 99,
2072 4507 2145 4560 al.
2200 4508 2294 4561 164
2348 4506 2448 4567 (Μ.
2498 4507 2580 4571 33,
2631 4506 2732 4559 709
2790 4507 2929 4570 SS.);
2996 4504 3099 4558 10.

622 4571 1053 4641 chrysost„
1095 4574 1169 4628 In
1198 4574 1303 4629 Mt.
1376 4590 1496 4629 om.
1527 4577 1610 4644 36,
1638 4591 1695 4629 n.
1724 4577 1757 4630 3
1797 4575 1898 4643 (Μ.
1928 4578 2009 4642 57,
2045 4577 2147 4630 416
2179 4579 2283 4643 s.):
2328 4575 2543 4629 Cone.
2583 4574 2802 4642 Trid„
2844 4575 3010 4630 Sess.
3046 4575 3096 4636 6,

618 4657 716 4710 ep.
757 4645 857 4709 153
902 4642 1067 4697 Sess,
1108 4647 1189 4713 14,
1229 4659 1274 4699 c.
1314 4648 1378 4707 5:
1421 4644 1682 4699 Schema
1724 4645 1909 4700 Cone.
1947 4644 2301 4699 Vaticani
2362 4643 2537 4710 (Coll.
2576 4643 2681 4698 lac.
2722 4649 2760 4699 t.
2800 4647 2848 4712 7,
2888 4659 2935 4699 c.
2976 4645 3104 4708 517)
