3450 5342
652 387 845 444 -185-

117 577 274 634 Honorius
296 577 394 652 igitur,
424 576 499 633 sicut
521 574 687 633 haereticas
710 596 770 634 non
792 575 855 646 fuis,
890 575 939 648 sic,
971 574 1115 654 quidquid
1138 574 1229 634 verba
1252 585 1366 647 sonant,

117 674 152 720 ut
177 662 343 720 haereticus
364 661 539 740 simpliciter
561 681 619 720 non
642 671 687 720 est
708 661 930 721 condemnatas.

227 749 309 807 Hoc
331 751 395 827 qui
419 769 567 827 negare
589 748 716 806 vellet
748 757 836 826 atque
859 769 925 808 cum
950 748 1074 824 Bdljaev
1096 749 1160 807 loco
1184 751 1273 808 citato
1291 770 1369 808 asses

119 857 187 894 rere
210 846 240 893 et
261 856 373 912 urgere,
396 836 561 894 Honorium
584 845 616 895 nt
639 836 820 894 haereticum
841 838 959 914 proprie
981 835 1092 895 dietum
1109 856 1128 893 a
1141 837 1265 894 concilio
1284 857 1369 895 oocu-

118 925 240 981 menico
263 932 346 981 sexto
368 921 548 991 damnatum,
571 925 597 981 Is
612 943 650 980 ex
666 923 806 981 alterutro
820 942 911 982 annm
927 923 1018 1000 eligat
1034 931 1160 1002 oportet:
1184 933 1250 982 aut
1272 922 1368 994 debet,

120 1009 316 1086 dicere‚ergo
338 1009 552 1068 concilium
575 1013 868 1068 oecumenicum
893 1011 1053 1080 erravit,
1078 1009 1155 1088 quod
1172 1020 1249 1068 esset
1267 1020 1369 1068 contra

121 1095 369 1154 infallibilitatem
392 1096 510 1154 concilii
533 1099 725 1172 oecumenici3
761 1105 846 1156 aut:
871 1117 940 1174 ergo
963 1100 987 1155 si
1011 1097 1170 1167 Honorius,
1188 1107 1225 1160 ,ut
1247 1117 1284 1156 ex
1308 1099 1369 1175 epi-

121 1184 208 1241 stolis
222 1186 294 1241 'eius
316 1193 431 1241 constat
461 1195 490 1241 et
512 1183 601 1242 bodie
632 1183 669 1241 ab
692 1182 828 1242 omnibns
850 1183 1028 1254 conceditur,
1060 1183 1226 1242 haereticus
1252 1187 1369 1263 proprie

122 1269 221 1328 dictus
244 1281 378 1339 nonest,
412 1273 435 1327 si
459 1271 616 1329 concilium
639 1291 705 1328 eum
728 1281 879 1349 tamqnam
903 1270 1083 1328 haereticum
1107 1273 1223 1349 proprie
1257 1269 1368 1328 dictum

122 1356 287 1429 damnavit,
324 1359 353 1415 si·
383 1369 483 1415 tamen
515 1358 674 1416 concilium
708 1359 927 1416 oecumenicum
958 1377 1055 1416 errare
1090 1359 1193 1436 nequit
1217 1391 1254 1400 -
1280 1377 1368 1434 argos

123 1465 267 1522 corpus
290 1457 441 1521 patrum
464 1465 602 1503 errans
626 1465 691 1522 pro
714 1465 752 1503 se
775 1445 859 1504 solo
883 1465 956 1502 non
985 1443 1263 1502 constituebat
1287 1464 1370 1502 eon·

123 1531 265 1589 cilium
299 1534 553 1590 oecumenica
563 1553 604 1602 m;
642 1541 674 1589 nt
697 1530 841 1589 habeatnr
862 1532 1021 1590 concilium
1044 1532 1262 1590 oecumenicum
1287 1530 1369 1602 illud,

123 1620 171 1676 cui
195 1639 298 1675 revera
313 1617 537 1676 infallibilitatis
559 1621 722 1697 proprietas
738 1620 886 1689 convenit,
909 1616 997 1676 debet
1016 1621 1090 1676 sumi
1110 1619 1266 1676 concilium
1283 1618 1369 1676 simul

122 1725 190 1762 cum
213 1707 392 1781 suocapite.
430 1705 507 1763 Nam
531 1705 593 1763 Leo
615 1705 655 1766 11.
678 1726 752 1763 non
791 1705 1002 1763 condemnavit
1028 1705 1189 1763 Honorium
1214 1714 1244 1762 ut
1268 1705 1370 1763 haere-

123 1794 214 1850 ticnm
238 1793 354 1882 proprie
379 1791 503 1853 dictum:
526 1813 596 1869 ergo
618 1793 834 1850 concilium
858 1795 944 1850 sine
967 1792 1138 1850 Romano
1169 1793 1369 1870 pontifice,

125 1899 199 1936 non
223 1878 372 1955 gaudet
395 1879 640 1937 charismate
663 1878 976 1952 infallibilitatis3
1000 1899 1084 1936 vere
1101 1874 1370 1956 igiturloecume·

125 1968 247 2024 nieunr
270 1975 300 2023 et
324 1965 540 2023 infallibile
564 1977 609 2024 est
631 1967 839 2024 concilium
863 1975 1008 2024 tantum
1032 1967 1243 2024 in'unione
1282 1986 1369 2023 eum

125 2051 215 2110 dato
255 2051 328 2110 sibi
367 2073 384 2110 a
423 2053 575 2111 Christo
615 2055 756 2130 capite,
789 2054 960 2110 Romano
993 2051 1185 2130 pontifice:
1223 2051 1319 2128 Quam
1344 2054 1369 2110 si

125 2140 251 2214 Beljaev
273 2139 489 2198 conclusionem
513 2139 670 2198 admittere
693 2139 774 2212 velit,
797 2139 926 2198 libenter
948 2142 975 2196 ei
999 2137 1232 2199 subscribimus.v

228 2243 333 2321 Neque-
356 2254 456 2302 tamen
479 2243 561 2302 deest
591 2252 850 2322 argumentum
888 2241 1048 2321 aliquod
1086 2246 1364 2320 positivumex

125 2333 189 2407 ipsa
211 2330 326 2409 synodo
349 2333 481 2408 petitum.
516 2329 594 2409 (pund
625 2331 724 2410 aliquo
756 2330 841 2390 modo
866 2330 996 2399 suadeat,
1031 2329 1186 2388 concilium
1216 2333 1270 2388 etsi
1296 2331 1369 2388 forte

126 2419 313 2475 animositate
344 2418 444 2495 aliqua
474 2428 576 2476 contra
599 2417 706 2476 b‘edem
729 2419 893 2476 Romanam
918 2415 1079 2495 abreptum,
1117 2426 1217 2475 tamen
1241 2439 1300 2476 non
1323 2420 1368 2476 in-

126 2503 256 2562 tendisse
287 2503 428 2562 damnare
452 2505 615 2564 Honorium
640 2505 814 2584 simpliciter
836 2516 868 2562 ut
891 2505 1081 2574 haereticum,
1114 2503 1164 2562 sed
1201 2515 1315 2563 tantum
1339 2512 1371 2561 ut

126 2590 256 2648 haeresis
279 2591 431 2649 fautorem.
476 2593 542 2650 Etsi
573 2594 652 2650 enim
684 2613 750 2650 eum
778 2601 948 2650 constanter
975 2590 1191 2663 „haereticum
1228 2594 1369 2660 nominat,

126 2691 233 2745 tamen,
257 2679 307 2754 qui
331 2679 455 2737 concilio
478 2700 586 2756 magna
609 2700 647 2736 ex
669 2689 752 2757 parte
776 2679 950 2736 interfuerat
965 2687 994 2736 et
1010 2689 1088 2734 certe
1105 2678 1223 2735 concilii
1241 2687 1369 2736 mentem

127 2767 236 2841 optime
263 2777 393 2834 noverat,
417 2768 576 2843 imperator
599 2767 812 2824 Constantinus
825 2765 1003 2840 Pogonatus
1027 2766 1057 2820 in
1086 2763 1219 2822 edicto
1242 2783 1293 2822 suo
1327 2762 1372 2820 di,-

127 2853 249 2928 stingnit
282 2854 359 2910 inter
393 2873 535 2910 novorum
565 2851 736 2929 dogmatum
770 2852 953 2924 „haereticos
981 2859 1113 2908 auctores
1143 2863 1171 2909 et
1202 2851 1370 2917 fautores“;

127 2937 233 2996 deinde
263 2960 333 2997 vero
363 2941 448 2997 unice
478 2938 516 2997 ad
539 2939 704 2997 Honorium
735 2941 892 2997 terminum
937 2939 1092 3010 ,tautories
1121 2938 1268 3016 applicat;
1303 2958 1368 2996 cum

127 3046 196 3082 vero
219 3046 257 3083 ex
273 3038 377 3085 natura
394 3029 435 3084 roi
456 3029 551 3084 omnis
568 3026 698 3084 haeresis
721 3037 856 3084 auctor
879 3028 967 3082 etiam
993 3027 1055 3082 eius
1079 3024 1212 3082 fautor
1235 3027 1273 3082 sit
1295 3046 1369 3083 non

127 3132 195 3169 uero
219 3114 303 3170 vice
327 3134 450 3181 versa,
474 3116 631 3171 terminum
653 3114 810 3185 „fautoris“
838 3113 1045 3170 invenisse
1069 3120 1097 3168 et
1114 3111 1291 3169 Honorio
1314 3133 1370 3188 ap-

128 3199 283 3275 plicasse
306 3199 448 3259 dicendus
470 3211 515 3258 est
530 3203 661 3278 praecise
677 3201 747 3278 quia
762 3220 827 3258 eum
843 3207 876 3256 ut
892 3199 1034 3256 fautorem
1057 3198 1188 3256 haeresis
1211 3211 1276 3256 tau
1287 3208 1371 3264 tum,

130 3306 186 3342 non
209 3307 279 3344 vero
302 3300 332 3344 ut
356 3298 503 3345 auctorem
526 3286 740 3355 considerabat,
768 3307 832 3344 cum
856 3285 908 3342 alii
932 3306 1041 3356 omnes,
1076 3287 1126 3362 qui
1150 3285 1295 3344 baeresim
1319 3305 1372 3361 po-

129 3375 215 3430 sitive
239 3372 407 3432 defendisse
431 3385 598 3445 noscuntur,
621 3377 699 3432 inter
722 3374 854 3431 haeresis
888 3393 906 3430 a
917 3394 936 3431 u
949 3393 963 3430 e
976 3381 988 3429 t
1001 3394 1017 3430 o
1030 3393 1043 3429 r
1054 3392 1069 3430 e
1082 3393 1095 3429 s
1130 3371 1166 3430 ab
1190 3375 1254 3450 ipso
1268 3391 1367 3430 nume-

131 3472 236 3517 rentur,

231 3547 369 3604 Ceterum
393 3568 458 3606 cum
489 3569 527 3605 ex
550 3546 822 3606 confirmationibus
851 3545 978 3604 diversis
1001 3565 1053 3623 per
1076 3545 1206 3603 Leonem
1231 3545 1270 3605 II.
1294 3543 1371 3602 datis

129 3642 211 3690 extra
233 3655 319 3691 omne
342 3633 463 3692 dubium
495 3637 621 3712 positum
645 3637 691 3701 sit,
726 3633 763 3691 ab
787 3653 821 3691 eo
844 3643 958 3691 tanturn
990 3631 1149 3690 anatliema
1179 3641 1297 3708 propter·
1328 3629 1371 3687 fa-

129 3739 226 3777 vorem
271 3720 385 3778 haeresi
419 3725 591 3798 praestitum
625 3742 688 3779 esse
715 3721 927 3790 confirmatum,
961 3739 1026 3777 cum
1054 3719 1226 3797 praesertim
1257 3717 1370 3775 nullum

130 3807 243 3863 concilii
276 3808 435 3866 anathema
465 3809 555 3867 alium
581 3808 710 3866 valorem
734 3807 851 3875 habeat,
875 3827 963 3885 qnam
985 3806 1136 3864 ltomanus
1162 3804 1297 3883 pontifex
1320 3825 1371 3861 cx-

128 3892 225 3970 plicite
247 3894 295 3951 val
319 3895 462 3972 implicite
485 3895 600 3954 dederit
619 3890 669 3972 93),
692 3904 806 3952 tautum
830 3896 913 3972 pauci
938 3894 995 3950 loci
1014 3891 1221 3950 considerandi
1240 3901 1315 3962 suut,
1339 3893 1370 3948 in

130 3978 231 4056 quibus
260 3980 400 4040 ridentur
429 3985 559 4060 episcopi
589 4003 672 4041 suum
703 3984 734 4039 in
757 3981 922 4039 Honorium
954 3979 1112 4038 anathema
1146 3989 1297 4057 tamquam
1333 3977 1370 4035 de

130 4065 242 4124 haeresi
265 4071 380 4146 proprie
405 4068 484 4127 dicta
506 4070 702 4147 interpretari.

228 4171 265 4228 In
287 4173 402 4230 actione
426 4173 515 4230 XIII.
538 4172 646 4230 dicitur
676 4171 835 4240 Honorius,
871 4189 946 4247 quae
978 4167 1070 4227 verba
1101 4189 1118 4226 a
1152 4167 1374 4246 Glagolev

132 4255 215 4314 valde
239 4272 386 4334 urgentur,
425 4262 483 4333 „in
520 4258 699 4317 omnibus
730 4268 897 4316 mentem
929 4257 1076 4332 Sergii
1108 4259 1303 4314 secutus“
1346 4266 1374 4312 et

136 4345 260 4421 ,impia
293 4347 368 4404 eius
402 4346 567 4424 dogmata
599 4345 886 4404 confirmasse.“
936 4341 1074 4400 'Vidimus
1097 4344 1165 4412 iam,
1189 4341 1374 4400 adversarios

131 4432 223 4506 potius
246 4451 364 4491 eausam
394 4437 543 4512 propriam
566 4435 712 4504 intricare,
747 4433 772 4489 si
804 4430 1081 4490 condemnationem
1106 4429 1232 4486 Ilonorii
1256 4438 1374 4505 propter

132 4516 272 4576 baeresim
295 4523 453 4597 positivam
484 4521 591 4578 factam
615 4540 679 4578 esse
702 4527 835 4595 urgeant.
875 4517 983 4574 Verum
1013 4515 1106 4573 verba
1128 4535 1255 4584 sensum,
1287 4535 1373 4592 quem

177 4705 212 4770 93)
231 4705 271 4761 Ol.
291 4707 474 4762 Granderath
493 4710 510 4761 l.
531 4725 554 4760 c.
574 4706 625 4759 537
644 4722 699 4773 eq.;
718 4705 818 4758 Grisar
836 4707 853 4757 t.
874 4721 896 4756 c.
915 4701 967 4756 255
986 4719 1028 4768 sq.
