3450 5342
823 389 927 442 -ztti
958 419 992 430 -

285 572 402 654 diguus,
436 576 487 654 qui
520 574 559 636 ab
591 576 735 640 outuibus.
770 598 892 654 quorum
923 593 967 634 est
991 575 1134 654 Apostoio
1169 575 1294 646 studere,
1328 576 1530 636 sollertissime

287 660 519 744 cognoscaturff)
1237 657 1318 728 Car.
1350 658 1493 727 Vetera

390 833 529 918 aspar
541 835 686 916 Paayas
703 833 824 916 [tirsi
839 833 971 915 ilatum]
990 833 1103 916 (fidas
1120 835 1154 902 et
1171 832 1284 915 ralia),
1304 837 1385 894 1906
1402 837 1442 893 ll.
1457 857 1483 914 p.
1500 848 1534 892 n.

391 935 418 988 P
453 941 584 989 Amos:
605 934 1348 1005 Popytlrikvredenijugredeslroj
1373 941 1534 989 centra-

285 1003 528 1074 liaacionuoj
559 1004 724 1074 sistemy
753 1005 1009 1076 eerkovnago
1038 1003 1292 1074 upravlenija
1322 1021 1340 1056 v
1368 1003 1531 1072 drevnej

287 1073 384 1130 Rusi
404 1071 585 1142 (Molimina,
604 1080 639 1128 ut
651 1074 682 1128 in
697 1080 834 1129 veterem
847 1075 993 1130 Russiam
1014 1075 1266 1128 introduceretur
1285 1081 1423 1142 systema
1437 1074 1532 1128 Grae

286 1157 357 1198 eum
377 1141 742 1209 centralizatioais)
760 1144 803 1210 V.,
819 1160 847 1212 p.
862 1147 1007 1198 195-212.
1027 1143 1159 1207 Quidam
1176 1143 1407 1198 renovationem
1425 1141 1536 1198 Rusel-

286 1227 340 1268 eae
359 1211 504 1266 ecclesiae
522 1211 553 1266 in
572 1228 609 1265 eo
629 1220 792 1282 reponunt,
821 1214 906 1282 quod
931 1213 1042 1268 itemrm
1070 1213 1109 1266 ad
1134 1211 1228 1267 vitam
1251 1219 1414 1267 reuocetur
1440 1219 1536 1266 vetus

287 1288 427 1350 systema
445 1279 732 1337 administrativum
752 1283 897 1338 eeclesiae
916 1281 1111 1352 Byzantinae.
1133 1282 1199 1336 Hoc
1219 1281 1381 1362 praecipue
1396 1281 1425 1335 in
1443 1281 1536 1336 Com-

289 1349 438 1409 missione
453 1350 491 1404 ad
508 1351 664 1418 parandae
683 1352 923 1417 crintroversias,
943 1365 1022 1422 quae
1036 1351 1066 1405 in
1081 1351 1226 1420 proximo
1238 1349 1375 1407 Concilio
1393 1349 1534 1420 generali

286 1421 398 1488 agitari
423 1419 546 1487 debent,
572 1420 767 1490 propositum
790 1422 848 1476 iuit
867 1421 985 1492 pluries
1004 1437 1021 1475 a
1040 1419 1075 1474 cl.
1097 1421 1164 1474 viro
1184 1419 1207 1474 1.
1229 1419 1373 1476 Soholov.
1404 1419 1535 1474 Dubitat

286 1490 429 1544 Anseres
454 1489 492 1543 de
520 1489 599 1544 felici
624 1489 707 1544 exitu
734 1489 828 1546 huius
848 1491 1023 1546 moliminis.
1054 1490 1144 1556 Illud,
1170 1490 1254 1560 quod
1280 1490 1442 1558 proprium
1463 1497 1535 1544 erat

286 1557 431 1612 ecclesiae
444 1557 639 1628 Byzantinae,
656 1575 717 1613 non
730 1575 855 1629 semper
874 1560 1019 1614 convenit
1033 1559 1182 1614 Russioae
1201 1559 1354 1614 ecclcsiae.
1375 1558 1480 1614 liuius
1502 1558 1534 1612 in

288 1627 416 1682 exordio
434 1643 497 1681 non
517 1628 703 1694 invenimus
732 1629 866 1698 exempli
886 1629 995 1696 gratia,
1023 1630 1204 1684 innumeras
1224 1629 1381 1684 dioeceses
1399 1645 1482 1697 quae
1503 1631 1536 1682 in

288 1695 420 1820 imKerio
440 1696 611 1766 Byzantina
632 1698 848 1768 reperiuntur:
877 1699 1055 1754 Patriarcha
1075 1699 1158 1767 apud
1179 1699 1301 1752 Ruseos
1320 1699 1449 1752 eandem
1470 1713 1537 1752 nou

288 1767 327 1822 ha
350 1772 382 1820 et
396 1765 666 1889 sifuilieationem,
685 1783 779 1837 qaam
793 1767 877 1836 apud
893 1768 1028 1822 Graecos
1043 1767 1160 1832 habuit3
1181 1767 1308 1822 correilia
1323 1767 1452 1825 Russica
1467 1782 1541 1820 sae·

288 1836 348 1890 culi
367 1835 419 1889 XV
441 1835 463 1888 1.
484 1836 603 1890 frustra
629 1842 787 1892 tentarunt
813 1837 971 1892 eeclesiam
994 1837 1158 1892 Russicam
1188 1837 1226 1892 ad
1253 1845 1362 1906 typum
1387 1837 1538 1890 eeclesiae

289 1904 478 1986 Byzantinae
492 1905 648 1969 reducere,
667 1912 698 1960 et
709 1921 791 1961 nunc
806 1907 957 1976 temporis
970 1907 1059 1962 valde
1074 1907 1201 1962 difficile
1215 1913 1271 1968 est,
1293 1915 1326 1961 ut
1337 1907 1440 1960 derrno
1453 1906 1538 1959 revi-

288 1979 388 2029 vrscat
407 1979 547 2044 systema
567 1974 773 2044 Byzantinum
793 1977 876 2044 quod
898 1979 929 2030 in
949 1977 1075 2032 ecclesia
1101 1976 1257 2034 societatis
1282 1975 1382 2030 civilis
1401 1990 1536 2030 normas

287 2043 413 2112 penitus
433 2044 631 2113 sequebatur.
651 2043 746 2113 Optat
765 2052 867 2100 tanren
879 2046 1030 2112 rlnseror,
1051 2054 1085 2102 ut
1103 2049 1255 2112 augeatur
1274 2059 1424 2100 numerus
1445 2059 1535 2114 epar·

288 2113 437 2181 chiarum,
450 2128 530 2182 quae
544 2123 674 2182 propter
688 2117 844 2238 inflantem
860 2115 1055 2172 latitudinem
1070 2121 1229 2186 nequeunt
1239 2117 1305 2196 regi
1318 2117 1358 2169 ab
1368 2114 1537 2184 episcopis,

287 2198 324 2236 ex
334 2197 394 2251 quo
404 2182 549 2252 provenit
560 2183 715 2252 separatio
746 2183 861 2239 delium
870 2199 888 2240 a
896 2186 1087 2253 pastoribus:
1098 2184 1335 2254 pariterdivrsio
1345 2188 1535 2252 μητροπόλεων

288 2258 337 2306 est
347 2251 532 2320 adoptanda.
547 2251 638 2315 Quod
651 2253 785 2322 pertinet
795 2253 833 2307 ad
845 2254 1099 2324 patriarchatum,
1116 2257 1276 2324 praelatus
1287 2255 1421 2323 scriptor
1431 2268 1538 2308 neces-

290 2321 408 2376 sariam
421 2325 531 2385 censet¹
552 2327 658 2377 utnon
672 2323 773 2378 solum
789 2326 829 2376 sit
848 2323 958 2378 titulus
979 2323 1106 2378 honoris
1126 2327 1272 2392 episeopo
1291 2323 1434 2388 civitatis
1452 2338 1538 2392 quae

287 2390 380 2445 sedes
399 2396 447 2444 est
465 2391 637 2459 regiminis,
657 2391 817 2446 sedetiam
833 2400 867 2446 ut
881 2393 976 2447 ‹iccns
990 2401 1102 2462 augeat
1122 2393 1319 2458 hierarchiae,
1339 2399 1369 2448 et
1382 2393 1534 2447 unitatem

287 2459 435 2530 praebeat
453 2475 484 2513 m
505 2459 642 2529 regenda
662 2461 798 2516 ecclesia.
1374 2491 1377 2496 ·

392 2544 629 2610 aeramenti
652 2548 823 2603 reforma
842 2548 1158 2617 prepodaranija
1178 2547 1412 2602 iilosolslrih
1433 2549 1536 2602 rraulr

289 2631 309 2670 r
322 2615 507 2695 ginhrrvno
514 2615 525 2685 j
547 2616 748 2671 seminarii
767 2617 824 2677 (De
844 2618 1065 2672 reformatione
1079 2619 1109 2671 in
1125 2617 1271 2672 methodo
1285 2603 1427 2672 tradendi
1445 2617 1539 2671 disci-

310 2684 391 2738 hnas
402 2684 633 2753 philosophicas
654 2689 685 2742 in
705 2688 881 2742 seminariis
901 2687 1135 2754 ecclesiasticis),
1156 2685 1197 2754 V.,
1217 2703 1247 2756 p.
1268 2689 1402 2742 tas-155
1420 2686 1536 2754 (Sectio

288 2700 579 2822 iiphilosophica).
599 2754 747 2834 Synodus
768 2756 998 2826 Petropolitana
1019 2755 1118 2810 media
1138 2755 1359 2826 inpraesentia
1378 2771 1453 2811 exce
1478 2755 1537 2810 'tat

288 2821 328 2876 ad
348 2821 524 2877 studiorum
545 2824 734 2880 curriculum
755 2825 784 2879 in
806 2825 983 2880 seminariis
1004 2825 1220 2881 renovandum
1240 2831 1270 2881 et
1289 2825 1442 2879 emendan
1467 2840 1533 2879 um.

288 2895 378 2945 Anno
394 2893 461 2946 1884
472 2892 503 2946 in
515 2893 692 2948 seminariis
708 2901 858 2949 statutum
871 2895 938 2960 init,
952 2901 986 2950 nt
997 2895 1096 2964 logica
1108 2895 1200 2949 simul
1212 2911 1280 2949 cum
1295 2893 1538 2949 humanioribus

289 2960 400 3017 litteris
414 2961 638 3029 addisceretur;
653 2963 765 3018 deinde
778 2955 923 3019 adinncia
934 2965 992 3020 luit
1004 2964 1114 3019 ceteris
1127 2965 1348 3045 philosophicis
1361 2963 1538 3044 disciplinis

290 3029 333 3084 ita
346 3037 380 3083 ut
392 3045 460 3085 eam
474 3031 689 3102 philosophiae
704 3037 852 3102 magister
866 3035 1003 3101 doceret;
1021 3035 1154 3104 denique
1168 3049 1237 3088 ‹rtrm
1253 3049 1283 3088 m
1298 3032 1474 3089 seminariis
1488 3047 1537 3087 ac-

288 3099 368 3168 cepti
388 3106 461 3153 sunt
474 3102 565 3155 etiam
580 3101 718 3168 invenies,
737 3103 789 3172 crui
804 3104 917 3157 studiis
937 3103 1090 3159 absolutis
1111 3103 1287 3158 sirlroiarum
1309 3101 1533 3172 parochialium

290 3167 433 3238 regimini
453 3178 729 3239 praeponerentur,
756 3172 970 3242 philosophiae
992 3176 1142 3242 magistro
1161 3174 1253 3227 etiam
1269 3188 1384 3228 ritanus
1403 3171 1536 3226 docendi

288 3237 531 3361 paedagogicam
546 3239 767 3295 demandatum
782 3251 838 3296 est.
860 3242 947 3297 Unus
961 3242 1058 3312 igitur
1072 3241 1222 3312 magister
1237 3243 1399 3298 tenebatur
1410 3241 1536 3296 tradere

313 3307 455 3362 istoriam
475 3309 697 3379 philosophiae,
716 3311 856 3379 logicam,
878 3311 1112 3380 psychologiam
1133 3318 1162 3365 et
1179 3311 1430 3382 paedagogicam,
1449 3311 1535 3378 quod

291 3377 361 3457 fieri
380 3378 529 3447 nequibat
554 3379 620 3434 sine
640 3384 790 3448 temporis
816 3380 997 3450 dispendio;
1019 3386 1142 3450 tempus
1169 3389 1271 3436 autem
1298 3397 1366 3436 cum
1388 3395 1448 3434 non
1469 3379 1536 3436 suf-

291 3446 407 3514 heeret,
433 3448 584 3518 magister
609 3449 820 3517 pemunctorie
847 3452 992 3506 tradebat
1020 3449 1188 3516 scientiam,
1208 3467 1288 3520 quae
1308 3455 1416 3504 nostra
1434 3455 1537 3504 aetate

292 3515 426 3570 maxime
446 3521 620 3571 necessaria
639 3522 696 3572 est.
717 3519 867 3588 Brjancev
889 3521 1023 3589 exponit,
1043 3521 1118 3589 quid
1132 3520 1308 3576 faciendum
1325 3520 1372 3584 sit,
1392 3527 1425 3573 ut
1438 3521 1536 3572 scien-

290 3583 349 3639 tiae
368 3586 600 3656 philosophicae
619 3586 677 3642 rite
696 3588 727 3642 in
747 3589 924 3642 seminariis
945 3591 1109 3644 tradantur
1128 3595 1157 3642 et
1177 3591 1347 3644 discantur.

395 3671 539 3742 scorpius,
566 3673 845 3738 tarcbimandrita)‚
872 3675 1054 3729 labranie
1089 3676 1305 3744 epislropov
1333 3693 1351 3728 r
1371 3675 1534 3745 drernej

292 3740 446 3795 Cerkvi:
473 3742 928 3814 lateritio-kanoniceskij
959 3745 1075 3798 ocerlr
1104 3745 1233 3812 (Electio
1261 3746 1476 3814 episcoporum
1499 3747 1532 3799 in

290 3809 418 3878 antiqua
437 3811 577 3866 ecelesia:
598 3813 777 3882 disquisitio
790 3814 1121 3868 historico-canonica.
1138 3815 1210 3880 VI,
1232 3817 1302 3870 .257
1318 3817 1397 3870 -278.
1418 3815 1535 3869 Auctor

290 3879 407 3933 evolvit
426 3885 622 3948 propositum
644 3882 704 3936 sibi
723 3883 827 3938 thema
846 3883 973 3938 innixus
993 3883 1169 3938 auctoritati
1190 3884 1269 3938 lovi
1290 3882 1486 3947 Testamenti,
1500 3888 1531 3937 et

290 3947 467 4027 testimonio
499 3964 651 4004 canonnrn
680 3953 904 4020 apostolorum,
934 3953 1133 4007 cormiliorum
1164 3953 1355 4022 generalium
1382 3961 1410 4006 et
1439 3951 1532 4021 parti·

290 4017 450 4084 (salarium,
474 4026 504 4070 et
529 4019 718 4087 scriptorum
750 4021 973 4076 ecclesiasticae
1003 4023 1150 4077 historiae
1179 4022 1363 4092 praesertim
1386 4021 1532 4082 Srrcratis,

293 4085 456 4165 Sozomeni
484 4094 514 4140 et
542 4088 727 4144 Theodoreti
758 4091 916 4160 Gyrensis.
956 4091 1065 4148 Plures
1098 4092 1268 4160 scriptores
1297 4092 1334 4146 de
1365 4092 1459 4146 rebus
1487 4105 1532 4144 ec·

289 4154 470 4209 clesrasticis
489 4156 595 4211 lavent
620 4164 798 4226 sententiae,
829 4176 908 4230 truse
928 4160 977 4214 ius
997 4161 1131 4228 eligendi
1156 4162 1320 4230 episcopos
1340 4161 1449 4216 tribuit
1469 4175 1530 4214 non

290 4230 409 4304 tanturn
440 4225 594 4295 episcopis
623 4227 788 4284 sedetiam
817 4231 899 4284 clero
919 4238 949 4284 et
969 4231 1091 4298 popmlo.
1120 4231 1208 4285 Hanc
1233 4231 1408 4285 doctrinam
1429 4227 1535 4284 fusius

291 4298 416 4362 exponat
430 4294 464 4347 N.
484 4295 666 4352 Ahsakor
686 4297 718 4352 in
732 4299 889 4367 periodica
903 4299 1077 4354 academiae
1094 4299 1293 4370 llcsquensis
1309 4297 1528 4370 Bogoslovslrij

290 4362 419 4416 Vestnik
437 4365 536 4430 (1905),
556 4381 686 4435 eamque
696 4368 914 4423 demonstrare
933 4377 1063 4423 collatur
1076 4385 1115 4423 ex
1130 4371 1218 4438 praxi
1243 4371 1359 4424 veteris
1372 4368 1528 4424 ecelesiae.

291 4431 481 4486 Testimonia
507 4435 701 4503 antiquitatis
720 4438 764 4491 ad'
779 4439 928 4492 trutinam
950 4445 1074 4493 revocat
1100 4439 1344 4494 archimandrita
1373 4437 1531 4508 Georgius

344 4658 371 4725 *)
391 4660 545 4713 llohcmica
566 4663 659 4713 versio
680 4665 736 4715 iarn
757 4671 953 4731 praeparatur.
