3450 5342
845 395 886 404 -
913 365 972 420 itti
998 397 1036 407 -

316 554 350 602 ut
376 547 469 602 rivuli
499 545 614 601 amitae
640 551 742 602 sectae
761 547 992 616 profluxerunt.
1023 548 1163 612 Quarum
1190 554 1343 604 sectarum
1375 549 1575 619 principiae

317 633 410 690 sectis
438 635 541 705 prima
571 637 660 702 parte
691 647 769 688 saec.
799 632 882 688 xlxi
912 633 1139 690 exsistentibus
1174 634 1304 690 ulterius
1335 636 1575 691 evolvebantur

317 725 358 792 (p.
370 724 424 789 15).
444 720 541 776 Aliter
554 737 604 775 res
625 735 694 774 sese
710 720 811 786 habet,
830 721 857 774 si
873 721 1060 776 recentiores
1076 727 1176 776 sectas
1192 727 1379 792 spectamus,
1394 738 1436 777 cx
1451 724 1573 792 quibus

317 807 394 863 aliae
413 807 673 872 rationaliamum,
692 806 771 862 aliae
784 808 973 864 atheismum
988 808 1071 864 inter
1085 809 1207 864 Russus
1228 813 1384 878 spargunt
1403 815 1451 878 (p.
1467 812 1502 864 19
1517 826 1575 880 sq·.

317 895 429 950 Plures
448 909 486 948 cx
512 893 560 948 lris
586 893 679 948 sectis
698 901 823 964 praeter
836 894 1041 950 rationalisrui
1061 895 1211 951 elementa
1224 896 1315 951 etiam
1332 895 1574 965 mysticismum

316 982 422 1037 colunt
441 987 482 1051 (p.
504 983 536 1036 tc
556 985 617 1050 sq).

419 1067 456 1123 In
477 1067 682 1136 sequentibus
709 1065 863 1136 capitibus
883 1075 991 1122 auctor
1015 1069 1054 1123 de
1083 1068 1161 1138 ipsis
1188 1068 1280 1124 sectis
1313 1068 1572 1124 rationalismuur

315 1153 540 1224 profitentibus
553 1153 702 1222 disputat,
715 1159 745 1208 et
760 1153 899 1223 quidem:
921 1155 1058 1209 secundo
1072 1155 1171 1224 capite
1185 1153 1313 1210 disserit
1332 1155 1370 1209 de
1384 1155 1575 1210 stundismo

315 1245 356 1310 (p.
375 1243 504 1309 til—iffi:
530 1240 622 1296 tertio
648 1239 747 1310 capite
772 1240 811 1294 de
830 1246 913 1295 secta
945 1241 1185 1309 »paskovsoina«
1207 1242 1288 1296 dicta
1316 1250 1354 1311 (p.
1375 1245 1513 1305 38-61;
1544 1243 1575 1297 in

314 1335 427 1400 quarto
453 1344 517 1396 cap.
543 1327 583 1382 de
606 1327 860 1398 ‘siutajevsdinae
888 1329 928 1396 (p.
947 1329 1074 1394 tlt—iou
1098 1327 1129 1382 in
1149 1329 1259 1398 quinto
1287 1344 1351 1398 cap.
1372 1330 1410 1382 de
1433 1329 1576 1398 paskes-

316 1416 402 1471 scine
421 1414 594 1470 secundum
614 1421 681 1469 acta
699 1412 854 1469 iudicatis
886 1412 928 1484 (p.
947 1415 1088 1480 71-123);
1114 1414 1144 1468 in
1166 1419 1255 1470 sexto
1274 1430 1339 1483 cap.
1364 1415 1403 1470 de
1423 1415 1575 1470 eiusdem

316 1509 417 1557 sectae
437 1501 702 1572 publicationibus
721 1503 761 1570 (p.
782 1503 941 1566 tat-tior
962 1501 993 1558 in
1014 1502 1148 1570 septimo
1167 1501 1233 1572 capi
1251 1503 1289 1558 de
1309 1509 1392 1556 serta
1411 1517 1431 1556 a
1447 1502 1575 1572 Tolstoj

315 1589 690 1657 lundatatp.1li-ili);
720 1595 830 1642 octavo
856 1603 922 1657 cap.
951 1587 1010 1642 viri
1031 1588 1193 1642 cuiusdam
1215 1605 1231 1643 e
1251 1597 1332 1642 secta
1353 1589 1579 1657 paskovscina

315 1675 443 1742 litteras,
463 1689 543 1744 quae
565 1689 623 1728 nos
644 1675 776 1728 multum
797 1675 836 1728 de
855 1675 913 1728 hac
933 1681 1015 1730 secta
1035 1676 1172 1742 edocent,
1198 1676 1324 1730 adducit
1342 1678 1373 1744 (p
1403 1677 1457 1730 148
1498 1679 1576 1738 157l;

315 1777 399 1818 nouo
417 1777 483 1832 cap.
502 1761 567 1831 agit
586 1761 625 1814 de
643 1759 867 1826 rationalismo,
887 1767 981 1831 prout
1002 1762 1086 1830 viget
1106 1763 1136 1817 in
1157 1769 1265 1828 sectae,
1285 1777 1364 1832 quae
1385 1763 1510 1819 raskol'
1530 1764 1577 1818 di·

316 1849 405 1917 citur,
417 1848 568 1904 fractione
577 1849 713 1917 quadam
728 1849 936 1904 sacerdotium
950 1865 1012 1904 non
1023 1850 1206 1905 admittente
1217 1858 1258 1919 (p.
1270 1851 1430 1914 158-200);
1445 1849 1575 1904 decimo

318 1953 384 2006 cap.
403 1937 442 1992 de
462 1942 545 1991 secta
575 1935 726 2004 ›skopey‹
755 1936 907 2002 (castrati)
937 1953 966 2004 p.
988 1938 1136 1997 too-altu
1165 1936 1274 1990 ultimo
1302 1935 1401 2004 capite
1430 1947 1577 2002 enarrat,

317 2023 477 2093 quomodo
503 2022 592 2078 multi
612 2021 743 2076 Russica
767 2021 892 2076 natione
912 2024 1090 2087 abutantur,
1112 2023 1207 2092 idque
1226 2023 1284 2084 alii.
1310 2029 1345 2078 ut
1369 2037 1409 2076 ex
1428 2037 1467 2077 ea
1488 2038 1576 2078 com-

319 2111 413 2165 moda
432 2106 615 2178 temporalia
644 2107 785 2170 babeant,
817 2107 867 2162 alii
888 2115 922 2163 ut
951 2124 1017 2164 cam
1049 2110 1088 2164 ad
1121 2109 1360 2178 superstitiones
1393 2109 1578 2178 perducant

319 2201 360 2267 (p.
379 2197 539 2260 am-ttot.

419 2282 617 2337 Recentiores
643 2285 720 2337 istae
745 2287 846 2336 sectae
871 2297 933 2336 uua
960 2287 1032 2351 post
1056 2281 1147 2338 aliam
1177 2283 1396 2351 emergebant:
1427 2283 1574 2352 septimo

313 2370 397 2424 enirn
423 2369 573 2424 decennio
601 2385 679 2425 saec.
699 2369 785 2424 xlxi
810 2374 878 2423 orta
898 2377 946 2423 est
965 2374 995 2423 in
1016 2369 1210 2424 meridionali
1234 2369 1347 2424 ilussia
1366 2375 1459 2436 secta,
1487 2386 1576 2439 quae

314 2457 374 2511 sub
394 2455 564 2511 §tundismi
584 2457 709 2510 nominc
728 2456 821 2524 venit,
837 2487 866 2496 -
893 2463 1003 2511 octavo
1019 2457 1169 2511 decennio
1185 2455 1341 2525 Petropoli
1354 2455 1578 2525 pastrovseiua

314 2559 384 2598 oum
399 2542 634 2613 sjutajevsbina,
645 2569 679 2583 -
689 2558 772 2597 nono
785 2543 936 2597 decennio
951 2543 1068 2613 Tolstoj
1085 2557 1184 2598 novae
1198 2548 1299 2598 sectae
1313 2547 1421 2597 auctor
1435 2543 1574 2598 exstitit

421 2629 562 2694 Quarum
584 2634 739 2684 sectarum
759 2628 922 2698 originem,
944 2629 1116 2696 historiam,
1137 2630 1310 2684 doctrinam
1332 2629 1501 2684 Skvorcov
1524 2631 1576 2684 de

315 2715 425 2772 scribit
449 2715 612 2786 capitibus,
640 2731 721 2785 quae
745 2714 893 2783 diximus
921 2717 1015 2787 idque
1042 2716 1134 2770 modo
1161 2716 1304 2786 populari
1334 2721 1364 2770 et
1389 2716 1426 2768 ad
1450 2717 1576 2784 praela

317 2804 435 2858 ctiones
460 2802 615 2872 adaptato.
652 2801 731 2878 Inde
751 2802 864 2856 mirum
886 2819 955 2857 csse
975 2802 1091 2857 nemini
1115 2803 1216 2868 debet,
1244 2803 1351 2856 sinon
1370 2802 1478 2856 onmia
1499 2803 1576 2858 fuse

317 2890 475 2958 descripta
495 2894 569 2944 sunt
582 2888 639 2957 vel,
658 2889 743 2959 quod
764 2890 935 2944 maximum
956 2895 1011 2956 est,
1032 2890 1058 2943 si
1079 2890 1169 2959 plura
1187 2891 1373 2944 documenta
1393 2905 1449 2944 seu
1471 2905 1576 2959 opera

318 2975 403 3030 hisce
422 2975 460 3030 de
479 2976 575 3030 rebus
601 2974 774 3043 tractantis,
798 2991 860 3030 non
881 2976 1024 3031 citantur.
1061 2979 1100 3031 lit
1119 2977 1224 3044 multa,
1250 2991 1329 3046 quae
1348 2975 1387 3030 ad
1407 2981 1574 3032 sectarum

317 3061 480 3117 historiam
507 3067 656 3132 spectant,
684 3061 854 3117 historicus
881 3062 911 3116 in
938 3063 1029 3118 citato
1055 3063 1136 3118 libro
1165 3063 1310 3131 inveniet,
1338 3061 1426 3118 cuius
1457 3067 1576 3120 auctor

316 3149 377 3204 iam
398 3149 470 3204 inde
489 3165 506 3202 a
525 3149 670 3218 pluribus
690 3149 780 3204 annis
800 3149 884 3204 hisce
905 3151 1000 3204 rebus
1021 3151 1134 3206 studet.

421 3225 633 3302 StundismuS,
653 3252 759 3292 avoce
774 3237 952 3306 germanica
972 3239 1106 3304 ,stunde‘
1125 3251 1239 3292 nomen
1260 3236 1385 3300 ducena,
1406 3240 1500 3290 ortus
1523 3242 1577 3292 est

315 3323 347 3378 in
362 3324 557 3379 meridionali
572 3323 686 3379 Russia
699 3326 740 3379 ob
757 3323 906 3393 speciales
927 3325 1177 3380 circumstantias
1194 3323 1308 3378 ibidem
1323 3327 1397 3377 tunc
1411 3324 1575 3393 temporis

316 3409 512 3465 exsistentes
532 3409 616 3464 Sacc.
637 3409 724 3464 Xle
747 3409 829 3465 enim
851 3417 990 3466 sextoet
1010 3413 1144 3480 septimo
1157 3410 1315 3476 decennio,
1334 3425 1405 3464 cum
1424 3411 1574 3479 populus

316 3497 469 3552 Russicus
490 3495 632 3550 libertate
651 3497 786 3550 donatus
800 3504 891 3563 esset,
912 3514 981 3552 cum
996 3498 1138 3552 doctrina
1152 3496 1245 3551 simul
1265 3496 1356 3550 etiam
1377 3494 1572 3553 liberalismi

317 3582 479 3654 principiis
505 3582 715 3637 imbuebatur.
751 3584 797 3637 Ad
818 3584 892 3637 haec
912 3584 942 3638 in
964 3583 1157 3638 meridionali
1179 3583 1293 3638 Russia
1312 3585 1450 3650 accessit,
1480 3587 1573 3654 quod

318 3676 462 3740 pastores
489 3668 703 3738 protestantioi
729 3669 780 3724 illa
798 3669 829 3724 in
851 3671 978 3739 regione
999 3671 1149 3738 viventes,
1179 3685 1266 3724 suam
1288 3670 1462 3725 doctrinam
1485 3672 1575 3727 iuter

316 3758 510 3813 orthodoxos
530 3757 744 3826 divulgabant.
770 3758 816 3811 nd
837 3757 1006 3813 stundismi
1026 3758 1234 3813 evolutionem
1255 3763 1285 3812 et
1304 3757 1571 3827 propagationem

316 3859 386 3898 cum
414 3842 473 3897 alia
501 3848 567 3898 tum
597 3845 671 3899 hacc
700 3844 832 3898 multum
861 3846 1077 3900 contulerunt:
1113 3845 1141 3912 α)
1162 3845 1246 3914 quod
1273 3846 1348 3898 llaec
1373 3851 1457 3898 secta
1477 3845 1573 3900 initio

317 3945 428 3999 parum
448 3931 617 3985 observata
636 3938 697 3993 est;
721 3935 745 3999 β)
764 3932 849 4001 quod
869 3949 925 4000 per
944 3931 1063 3986 indices
1078 3932 1186 3986 civiles
1198 3933 1238 3986 ob
1255 3932 1390 3986 sontium
1408 3931 1572 3988 liberat-io·

316 4031 387 4069 nem
416 4014 564 4083 implicite
592 4023 730 4085 protecta
759 4023 822 4082 est;
850 4021 879 4088 γ)
900 4019 983 4088 rprod
1013 4019 1115 4072 clerus
1143 4018 1181 4072 ad
1213 4017 1403 4088 reagendum
1436 4017 1572 4074 minime

317 4107 445 4170 paratus
465 4107 540 4156 erat.
578 4104 718 4174 Denique
737 4106 788 4160 lex
807 4121 832 4159 a.
853 4107 937 4170 1894,
966 4095 1138 4174 prohibens
1166 4111 1266 4160 sectae
1294 4104 1571 4173 congregationes

316 4188 383 4243 eius
412 4189 503 4243 celeri
535 4191 753 4260 propagationi
784 4193 1043 4261 impedimentum
1074 4191 1187 4260 posuit.
1217 4193 1304 4246 Secta
1324 4206 1362 4244 ex
1382 4197 1571 4260 contemptu

317 4274 443 4342 rituum,
473 4281 662 4343 sanctorum,
691 4278 862 4346 imaginum
884 4283 938 4332 etc.
960 4277 1080 4333 initium
1102 4283 1233 4346 ceperat,
1263 4277 1384 4330 -dein
1411 4281 1571 4348 temporis

318 4377 465 4418 successu
485 4363 597 4418 harum
618 4379 723 4419 rerum
739 4365 989 4431 tundamentum,
1009 4381 1120 4433 nempe
1140 4363 1338 4418 traditionem
1360 4367 1452 4433 atquc
1473 4367 1572 4422 eccle-

318 4449 395 4504 siam
416 4456 569 4517 evcrtcns,
590 4467 665 4506 suas
679 4453 816 4507 theorias
836 4453 933 4507 libera
954 4453 1128 4522 scripturae
1147 4450 1403 4520 interpretatione
1424 4453 1573 4508 stabilire

316 4541 476 4606 crreperat3
504 4568 538 4577 -
567 4539 659 4606 paulo
687 4546 796 4606 postea
821 4539 912 4593 ctiam
939 4539 1133 4594 divinitatem
1163 4537 1278 4592 Christi
1307 4553 1340 4591 ac
1366 4546 1574 4596 sacramenta

316 4624 445 4692 respuit.
485 4625 591 4680 Brevi:
622 4630 720 4679 totum
752 4626 845 4679 liuius
877 4632 977 4681 sectae
1004 4631 1143 4696 systema
1168 4624 1360 4692 religiosum,
1390 4624 1415 4678 si
1452 4625 1572 4682 melius

315 4709 489 4778 inspicitur,
509 4711 548 4765 ad
569 4710 779 4766 socialismum
794 4711 1101 4767 etcoumrunismum
1124 4711 1206 4768 viam
1228 4712 1340 4767 sternit
1360 4719 1400 4780 (p.
1418 4713 1453 4767 20
1472 4719 1573 4783 sqq.).
