3450 5342
716 430 908 484 -151-

184 619 467 697 corruptionis
510 617 757 676 defensores
802 625 1022 694 agnoscunt
1067 626 1217 692 tamquam
1252 615 1433 686 authentica,

185 705 304 765 ostendi
327 714 430 783 potest,
453 704 609 783 epistolam
632 707 795 783 primam
819 703 945 761 Honorii
969 722 1033 762 esse
1057 701 1291 760 substantialiter
1316 703 1347 760 in
1371 724 1433 760 cor-

183 804 310 871 ruptam.
337 791 473 870 Epistola
504 791 682 849 secuuda
711 811 782 848 vero
804 793 860 849 etsi
884 789 1027 868 quasdam
1051 808 1143 847 novas
1167 788 1358 848 difficultates
1381 809 1433 847 ex·

182 880 268 938 hibet
289 888 390 937 tamen
412 879 470 937 hae
492 888 561 936 sunt
583 877 716 938 eiusdem
739 881 857 955 generis
873 897 908 936 ac
924 875 1114 934 difficultates
1131 878 1162 932 in
1187 877 1281 954 prima
1303 877 1433 953 epistola

183 970 243 1025 iam
274 964 420 1024 hahentur
441 974 472 1023 et
494 976 647 1043 praeterea
669 985 729 1024 uon
763 985 858 1043 pauca
892 966 1032 1034 continet,
1067 983 1142 1040 quac
1180 963 1309 1021 Honorio
1342 984 1433 1041 quam

185 1056 315 1136 maxime
338 1052 448 1124 favent,
472 1051 550 1110 unde
574 1055 688 1110 ratione
712 1050 859 1110 secundae
883 1050 1026 1129 epistolae
1050 1059 1142 1108 status
1161 1070 1257 1108 rerum
1279 1050 1434 1109 moraliter

187 1139 377 1199 nullomodo
411 1149 546 1210 mutatur,
570 1140 613 1196 ita
634 1150 674 1207 ut,
697 1138 840 1217 epistolae
876 1140 988 1216 primae
1018 1136 1242 1194 authenticitate
1266 1137 1358 1195 semel
1381 1136 1432 1195 de-

187 1236 357 1296 monstrata,
381 1225 535 1284 arbitrario
558 1236 588 1284 et
611 1225 853 1284 irrationabiliter
876 1224 913 1283 de
930 1224 1155 1282 authenticitate
1179 1223 1326 1282 secundae
1348 1223 1433 1282 dubi·

191 1324 310 1372 taretur.
334 1311 422 1388 Quod
444 1311 562 1370 demum
584 1333 626 1370 ac
638 1324 648 1370 t
662 1334 680 1370 a
708 1313 856 1370 concil
871 1313 902 1368 ii
927 1313 1004 1370 sexti
1027 1312 1141 1378 attinet,
1162 1309 1291 1388 positive
1315 1310 1431 1369 ostendi

188 1409 286 1478 potest
308 1399 545 1458 falsificatiouem
569 1420 668 1457 eorum
693 1398 782 1458 fuisse
805 1397 1018 1476 impossibilem
1042 1407 1070 1454 et
1095 1399 1159 1474 ipsa
1175 1406 1290 1456 actuum
1314 1399 1433 1456 concilii

190 1489 285 1565 quinti
321 1486 489 1544 falsificatio
512 1505 587 1564 quae
611 1488 642 1544 in
665 1487 789 1544 coneilio
812 1498 897 1544 sexto
920 1484 1037 1542 detecta
1060 1493 1104 1542 est
1129 1504 1244 1561 quaque
1268 1483 1432 1543 advorsarii

189 1575 318 1632 maxime
353 1577 493 1643 nituntur,
516 1582 630 1632 tantum
654 1572 692 1631 ab
714 1582 766 1644 est,
790 1585 821 1630 ut
844 1571 1034 1651 hypothesim
1070 1569 1284 1628 falsificationis
1321 1571 1432 1644 lirlciat,

188 1671 221 1719 ut
243 1663 340 1739 potius
372 1659 495 1718 evidens
528 1670 733 1736 argumentum
757 1661 803 1731 sit,
826 1662 916 1718 etiem
940 1667 1057 1717 actuum
1092 1657 1209 1715 concilii
1242 1661 1318 1715 sexti
1351 1657 1432 1718 falsi·

189 1748 366 1815 ficationem,
389 1745 534 1824 siquidem
558 1745 655 1804 locum
677 1745 838 1817 habuisset,
861 1746 952 1804 latere
977 1744 1057 1804 nullo
1081 1743 1167 1802 modo
1191 1747 1327 1822 potuisse.

296 1836 324 1892 8.
347 1831 432 1909 Quae
457 1833 738 1891 authentiam
766 1833 994 1912 epistolae
1025 1834 1193 1909 primae
1221 1830 1431 1904 demonstrant,

190 1920 249 1978 alia
271 1921 428 1979 concilium
452 1929 568 1977 sextum
591 1919 779 1998 praecedunt,
802 1919 863 1978 alia
885 1919 923 1978 ad
947 1921 1042 1996 ipsum
1066 1920 1223 1995 pertinent.
1246 1918 1435 1977 Praecedunt

188 2008 361 2065 testimonia
381 2007 504 2065 Ioannis
527 2001 762 2083 1t³,⁹)loannis
784 2006 944 2084 Philoponi
969 2002 1006 2084 ¹⁰)
1029 2015 1058 2062 et
1076 2006 1200 2062 Maximi
1222 2003 1278 2082 ¹¹)':
1303 2005 1341 2063 ad
1364 2027 1434 2066 cou-

189 2093 289 2152 cilium
312 2103 429 2152 sextum
452 2103 565 2171 spectat
588 2094 713 2170 epistola
736 2093 905 2170 dogmatica
929 2091 1096 2168 Agathonis
1116 2086 1166 2171 ¹⁸²).

294 2180 369 2239 Cum
392 2182 472 2238 euim
495 2180 636 2259 Pyrrhus,
674 2182 771 2258 Sergii
805 2200 964 2251 successor,
1002 2179 1167 2237 Honorium
1193 2181 1222 2236 in
1246 2199 1313 2237 suas
1337 2192 1435 2257 partes

189 2267 306 2324 trahere
330 2269 479 2337 niteretur,
504 2266 676 2325 loannes
710 2268 761 2324 [V.
784 2270 886 2325 statim
909 2266 947 2324 ad
972 2265 1200 2325 Constantinum
1224 2267 1279 2323 lll.
1304 2267 1434 2345 impera-

190 2365 283 2412 torem
306 2353 407 2422 literas
430 2353 520 2423 dedit,
544 2351 649 2432 quibus
671 2354 746 2412 haec
768 2363 995 2413 commemoret:
1031 2355 1166 2430 Sergium
1204 2355 1357 2430 scripsisse
1380 2353 1434 2411 ali-

191 2437 309 2518 quando
342 2441 497 2518 epistolam
520 2439 559 2498 ad
582 2441 755 2509 Honorium,
780 2444 812 2498 in
834 2461 893 2520 qua
915 2443 941 2498 ei
966 2441 1155 2518 signiticaret,
1194 2440 1434 2518 ,quodquidam

191 2529 223 2585 in
250 2527 447 2605 Redemptore
485 2538 583 2587 nostro
621 2528 750 2586 Domino
787 2529 855 2589 lesu
895 2527 1014 2586 Christo
1048 2527 1150 2584 (luas
1185 2530 1432 2585 contrarios

194 2613 356 2672 dicerent
388 2615 601 2672 voluntates.
634 2613 700 2690 Quo
729 2615 878 2692 praefatus
910 2615 994 2692 Papa
1021 2624 1177 2690 comperto,
1206 2615 1355 2691 rescripsit
1383 2617 1428 2671 ei‘

119 2719 124 2724 ·
194 2703 282 2779 „quia
303 2703 336 2759 in
360 2703 512 2760 Salvatore
536 2712 634 2760 nostro
658 2701 746 2760 duae
774 2703 980 2760 voluntates
1009 2703 1220 2763 contrariae,
1250 2700 1281 2757 id
1307 2709 1368 2767 est,
1398 2703 1433 2758 in

192 2787 357 2846 membris
386 2791 507 2866 ipsius,
536 2790 679 2865 penitus
708 2809 775 2846 non
802 2790 1006 2846 consistunt
1034 2790 1199 2865 quoniam
1230 2787 1323 2844 nihil
1351 2789 1436 2844 vitii

191 2877 306 2932 traxit
333 2895 376 2932 ex
408 2877 723 2953 praevaricatione
757 2877 861 2952 primi
896 2875 1075 2943 hominia*
1117 2877 1300 2952 ,qnoniam
1329 2893 1346 2932 a
1374 2875 1436 2932 lte-

193 2961 374 3039 demptore
402 2971 522 3020 nostro
547 2971 674 3019 natura
696 2971 863 3040 suscepta
886 2971 947 3031 est,
971 2981 1037 3019 non
1055 2962 1219 3018 criminis
1242 2961 1354 3040 culpa.
1378 2961 1437 3020 sed

192 3069 231 3106 ne
262 3050 327 3126 quis
362 3067 590 3126 nonnumquam,
619 3049 715 3106 minus
743 3047 819 3106 bene
846 3048 1027 3125 intelligens,
1055 3047 1260 3126 reprehendat,
1288 3069 1377 3126 quam
1400 3047 1436 3106 ob

192 3155 254 3192 rem
277 3135 319 3192 de
342 3135 494 3193 humana
515 3145 651 3192 tautum
677 3144 804 3193 natura
826 3151 859 3193 et
884 3156 951 3193 non
975 3136 1082 3192 etiam
1099 3133 1140 3192 de
1160 3134 1286 3192 divina
1310 3145 1438 3193 natura

192 3221 298 3280 docere
325 3224 442 3292 sciatur,
466 3267 472 3279 .
496 3267 502 3279 .
527 3243 549 3282 .:
573 3220 662 3279 debet
689 3224 738 3300 qui
767 3243 854 3301 super
877 3223 933 3281 hoc
962 3221 1094 3298 ambigit,
1123 3224 1197 3279 scire
1230 3224 1369 3298 quoniam
1398 3221 1436 3279 ad

187 3309 246 3367 hoc
263 3308 342 3366 facta
357 3321 402 3366 est
420 3310 570 3386 responsio
586 3308 623 3366 ad
640 3308 787 3366 iamdicti
805 3310 991 3387 patriarchae
1008 3310 1294 3385 interrogationem.“
1326 3309 1433 3380 ,Prae-

191 3394 287 3453 dictus
315 3417 384 3472 ergo
412 3395 547 3453 decessor
573 3415 663 3465 meus,
691 3394 801 3454 docens
829 3396 866 3454 de
895 3398 1035 3476 mysterio
1069 3397 1283 3454 incarnationis
1311 3395 1431 3466 (iluisti,

192 3481 317 3552 dicebat,
345 3502 413 3540 non
441 3484 553 3540 fuisse
577 3484 612 3540 in
640 3503 686 3554 eo,
715 3486 807 3541 sicut
835 3485 871 3541 in
899 3483 1000 3542 uobis
1025 3481 1281 3560 peccatoribus,
1305 3484 1434 3540 mentis

191 3583 225 3626 et
247 3571 365 3627 caruis
389 3571 588 3627 contrarias
610 3570 826 3628 voluntates.
849 3569 937 3646 Quod
961 3567 1079 3648 quidam
1100 3567 1137 3626 ud
1154 3570 1300 3647 proprium
1318 3589 1436 3626 sensum

191 3664 405 3728 convertentes,
432 3655 642 3714 divinitatis
665 3659 741 3715 eius
764 3668 798 3714 et
821 3657 1058 3715 humanitatis
1087 3676 1188 3714 unam
1216 3677 1290 3714 cum
1314 3656 1438 3712 volun-

192 3753 300 3800 tatem
328 3741 493 3801 docuisse
522 3745 698 3821 suspicati
721 3754 809 3814 sunt,
841 3743 920 3822 quod
953 3745 1070 3801 veritati
1102 3741 1278 3800 omnimodis
1302 3752 1347 3800 est
1370 3762 1442 3800 cou-

191 3831 341 3887 trarium.“

295 3917 343 3974 Ex
371 3915 425 3973 hoc
453 3918 621 3974 testimonio
655 3917 738 3973 haec
769 3916 930 3975 habemus:
964 3919 1119 3994 Scripsit
1151 3935 1255 3974 revera
1290 3915 1439 3974 llonorius

191 4001 230 4059 ad
255 4004 406 4079 Sergium,
432 4002 500 4060 huic
524 4004 666 4080 querenti,
683 4023 748 4061 esse
764 4007 814 4081 qui
832 4002 973 4061 docerent
997 4005 1236 4062 contrarietatem
1252 4003 1438 4061 voluntatum

191 4090 222 4146 in
246 4089 373 4160 Christo,
397 4087 565 4166 respoudit:
590 4110 657 4149 nou
680 4109 744 4148 esse
768 4092 799 4148 in
823 4090 943 4149 Christo
966 4090 1039 4148 duas
1063 4091 1224 4148 contrarias
1252 4091 1436 4164 voluntates,

193 4175 246 4232 hoc
270 4186 368 4234 autem
391 4196 450 4235 non
474 4177 593 4233 omuino
616 4176 694 4234 clare
718 4178 843 4254 scripsit,
868 4179 911 4234 ita
934 4185 966 4234 ut
988 4180 1050 4235 eius
1069 4175 1159 4234 verba
1175 4197 1278 4236 ansam
1296 4175 1442 4248 dederint,

189 4264 248 4339 ipsi
273 4262 447 4340 imputandi,
475 4265 558 4340 quasi
583 4283 642 4320 non
670 4262 764 4320 solum
792 4263 865 4322 duas
894 4267 1056 4322 contrarios
1084 4263 1144 4320 sod
1177 4265 1319 4321 omnino
1352 4262 1439 4320 duas

260 4501 272 4534 9
342 4503 349 4516 0

247 4500 283 4638 lli
301 4501 734 4638 liuldidphitd'tlioridll's.5lillaiildi
754 4589 817 4625 cum
836 4573 954 4638 Pyrrho.
974 4573 1082 4640 Migue,
1101 4573 1147 4624 PG
1164 4571 1208 4640 91,
1226 4571 1286 4624 329.

249 4641 282 4706 ¹¹)
302 4644 334 4695 lu
352 4658 396 4708 ep.
416 4642 454 4694 ad
473 4641 642 4694 Maximum.
661 4641 768 4710 Migne,
786 4643 831 4695 PL
850 4641 910 4710 129,
928 4641 978 4694 567
999 4658 1060 4707 sqq.

247 4709 283 4777 ¹²)
301 4711 431 4778 blansi,
450 4711 507 4777 Xl,
525 4710 578 4763 233
596 4726 658 4776 sqq.
