3450 5342
665 408 857 463 -snn-

108 588 285 643 coneedit.
303 619 336 628 -
357 588 620 658 Augustinum
640 589 691 644 alii
709 589 816 645 dicunt
835 596 907 645 ante
927 591 1117 659 baptismum
1140 591 1299 645 moraliter
1320 607 1381 648 cer·

108 668 200 713 tum
222 657 322 712 fuisse
341 659 379 711 de
398 657 525 712 caritate
544 659 680 728 perfecta
700 659 843 727 (Estius),
862 658 914 714 alii
928 666 1045 714 eertum
1067 660 1105 714 de
1124 659 1233 715 initiati
1252 659 1379 716 caritate

108 727 258 794 (Gaud),
279 727 330 781 alii
340 733 455 797 negant
475 735 642 797 utramque
660 728 889 784 certitudinem.
911 728 1054 784 Ceterum
1070 729 1106 784 ei.
1149 745 1206 784 uae
1224 729 1234 783 i
1260 745 1293 784 se
1306 730 1380 785 dicit

113 796 224 852 Conf.
244 797 262 850 1.
281 800 347 862 9,.e.
367 799 383 850 2
402 796 433 850 in
451 796 522 852 fine.
541 829 574 836 —
594 798 685 860 Quod
706 798 815 852 scribit
834 799 871 853 ad
889 797 1096 865 Honoratum,
1116 745 1147 853 ii
1167 745 1285 864 acciiit,
1305 800 1378 868 quia

111 865 293 920 ‹·›rdinarie
317 874 495 935 peccatores
520 882 584 921 non
604 867 720 921 habent
738 867 907 936 perfectam
932 868 1159 922 contritionem.
1177 898 1210 908 -
1231 868 1380 925 Catacha-

112 936 226 1002 meni,
246 951 326 1004 quos
340 935 413 989 dicit
425 937 578 990 sarcinam
591 936 764 1005 iniquitatis
779 942 912 1006 portare,
934 939 1175 992 contemnebant
1185 937 1376 1006 baptismum

124 1021 194 1072 «eo,
215 1006 300 1074 quod
320 1005 380 1058 iam
403 1004 519 1060 maiore
537 1005 639 1075 gratia
657 1006 789 1075 praediti
807 1007 998 1068 viderentur,
1017 1022 1110 1076 quam
1133 1007 1276 1062 viderant
1296 1007 1373 1062 alios

113 1074 259 1129 fideles«
293 1075 415 1144 »Neque
434 1075 496 1130 ullo
525 1075 619 1130 modo
643 1075 774 1130 dicenda
802 1082 850 1131 est
875 1077 1039 1132 conversio
1068 1075 1171 1130 cordis
1200 1076 1239 1131 ad
1269 1077 1376 1146 Deum,

115 1160 204 1198 cum
232 1144 288 1198 Ilei
316 1151 545 1199 sacramentum
575 1145 808 1200 contemnitur«
838 1145 1105 1214 Augustinus
1136 1146 1178 1200 De
1205 1147 1287 1216 bapt.
1318 1147 1335 1201 1.
1355 1151 1379 1212 4,

117 1228 152 1268 e.
173 1215 220 1269 25.
245 1245 262 1252 -
296 1213 376 1268 Alibi
402 1214 460 1279 (De
479 1215 581 1283 symb.
606 1215 646 1268 ad
671 1220 728 1268 cat.
752 1215 790 1268 de.
816 1231 852 1269 eo
872 1215 1019 1285 loquitur,
1046 1216 1130 1285 quod
1151 1215 1308 1270 ordinarie
1333 1215 1376 1284 iit,

116 1283 169 1337 de
191 1283 422 1338 catechumenis
450 1289 571 1337 tautum
598 1283 774 1339 inchoativa
801 1284 1015 1353 diligentibus
1045 1315 1078 1326 -
1106 1284 1187 1339 Alibi
1217 1285 1274 1351 (De
1294 1301 1374 1354 pecc.

119 1355 222 1420 mer.)
249 1354 288 1406 de
316 1352 559 1407 sanctificatione
587 1358 716 1408 externa
740 1355 952 1409 catechumeni
982 1354 1054 1424 agit,
1083 1369 1195 1422 nempe
1221 1354 1259 1408 de
1287 1355 1378 1424 signo

121 1421 246 1486 crucis
271 1421 471 1490 impositione
496 1437 656 1489 manuum,
680 1423 898 1492 degustatione
924 1423 998 1478 salis
1024 1422 1154 1492 aliisque
1182 1423 1377 1490 ceremoniis,

119 1491 251 1562 quibus
280 1498 509 1560 praeparantur
535 1492 747 1563 catechumeni
775 1495 813 1546 ad
846 1494 1047 1562 baptismum.
1082 1493 1225 1548 Getarum
1255 1493 1376 1548 etiamsi

119 1561 249 1616 ibidem
278 1576 382 1615 sermo
400 1566 485 1615 esset
503 1561 542 1614 de
561 1561 805 1616 sanctificatione
832 1563 961 1628 interna,
989 1563 1063 1617 nihil
1084 1561 1277 1626 efficeretur3
1304 1577 1375 1618 nam

120 1632 226 1684 etiam
247 1631 322 1684 baec
340 1629 458 1684 inutilis
478 1630 536 1684 dici
558 1637 667 1699 potest,
694 1631 720 1684 si
739 1632 980 1688 catechumenus
1001 1631 1049 1686 vel
1069 1648 1106 1686 ax
1126 1637 1306 1698 contemptu
1326 1633 1374 1687 vel

121 1715 169 1754 ex
196 1700 286 1769 gravi
313 1699 502 1768 negligentia
529 1700 719 1768 baptismum
745 1717 807 1755 non
834 1701 1003 1782 suscipit·
1052 1701 1192 1770 Denique
1217 1707 1300 1755 certa
1328 1709 1377 1756 est

123 1785 154 1824 s,
175 1768 345 1839 Augustini
361 1770 503 1823 doctrina
521 1770 560 1823 de
574 1771 778 1825 conversione
794 1771 898 1825 cordis
919 1771 1106 1826 iustificante
1126 1770 1234 1824 saltem
1255 1770 1286 1824 in
1301 1785 1375 1826 casu

124 1838 329 1894 necessitatis
349 1847 437 1892 extra
456 1839 647 1907 baptismum
670 1840 725 1903 tDe
745 1841 828 1909 bapt.
847 1841 866 1894 Ι.
885 1843 908 1905 4,
929 1857 952 1894 c.
971 1843 1025 1908 22);
1055 1840 1109 1893 se'd
1129 1839 1221 1894 etiam
1242 1840 1299 1893 hoc
1319 1856 1375 1908 per

124 1909 216 1962 dicta
235 1909 285 1962 illa
305 1909 531 1974 excluderetur,
552 1908 577 1962 si
592 1924 705 1964 sensus
720 1909 976 1964 adversariorum
997 1910 1041 1963 eis
1062 1909 1264 1964 subiciendus
1284 1916 1375 1964 esset.

126 2007 163 2016 -
188 1979 289 2031 Etiam
311 1977 495 2046 Fulgenti
505 1993 547 2031 us
563 1978 601 2031 de
614 1979 822 2033 communiter
835 1979 1089 2048 coiitingentibus
1103 1979 1249 2048 loquitur,
1264 1993 1333 2033 nem
1360 1995 1375 2034 e

127 2048 171 2101 de
192 2047 368 2101 sufficiente
381 2047 586 2116 dispositione
603 2049 642 2102 ad
656 2047 769 2102 licitam
782 2049 1012 2118 susmptionem
1027 2048 1182 2117 baptismi.
1204 2047 1301 2114 Idem,
1350 2063 1379 2118 p.

126 2121 155 2182 7,
177 2119 250 2171 113,
273 2116 417 2182 »Caritas
437 2116 546 2186 inquit,
566 2116 620 2171 uhi
640 2117 781 2171 habitare
801 2119 944 2187 coeperit,
965 2134 1027 2173 non
1048 2117 1199 2186 permittit
1218 2117 1373 2171 dominari

128 2193 303 2255 peccatum,
324 2187 377 2240 sed
392 2186 529 2254 cooperit
543 2186 772 2241 multitudinem
786 2195 995 2256 peccaminum
1016 2203 1072 2241 nee
1083 2188 1183 2242 solum
1200 2187 1375 2256 praesentia

129 2263 258 2326 peccata
271 2256 345 2310 facit
358 2255 458 2321 vitari,
478 2255 656 2325 quinetiam
677 2257 899 2324 praeterita
919 2257 991 2311 facit
1005 2257 1108 2310 omnia
1124 2255 1322 2310 relaxarit.
1343 2287 1375 2296 —

131 2326 196 2379 Nec
216 2341 240 2380 s,
261 2327 422 2380 Leonem
444 2340 537 2393 posse
557 2325 627 2394 plus
648 2327 808 2395 requirere
827 2341 921 2396 quam
943 2334 1050 2380 votum
1073 2325 1258 2380 sacramenti
1279 2325 1376 2395 liquet

129 2411 171 2448 ex
191 2394 330 2448 eiusdem
350 2395 458 2448 verbis
484 2395 515 2448 iu
537 2395 593 2463 Ep.
616 2397 671 2448 tue:
695 2395 942 2450 »Misericordiae
963 2395 1018 2450 Dei
1046 2411 1101 2450 nec
1121 2409 1286 2449 mensuras
1307 2410 1375 2464 pos-

132 2479 246 2518 sumus
265 2480 389 2532 ponere,
408 2479 464 2518 nec
478 2469 620 2532 tempora
639 2464 780 2531 definire,
800 2481 817 2518 a
841 2466 883 2519 ud
903 2481 997 2535 quem
1012 2466 1113 2520 nullas
1134 2481 1238 2518 moras
1259 2465 1376 2532 patitur

132 2533 241 2587 veniae
261 2550 335 2588 vera
354 2534 527 2600 conversio,
547 2533 667 2587 dicente
683 2534 795 2602 spiritu
816 2482 870 2588 iiei
913 2551 947 2588 er
966 2535 1161 2604 prophetam:
1183 2533 1270 2590 ‘Cum
1292 2535 1374 2602 inge·

133 2603 258 2668 mueris,
284 2609 358 2658 tunc
383 2604 490 2657 salvus
509 2602 606 2656 erist·
630 2635 661 2641 -
688 2603 794 2658 Simile
813 2604 863 2658 dic
882 2552 920 2658 tie
950 2619 973 2658 s
995 2604 1194 2658 Bernardo
1214 2619 1282 2656 cum
1305 2603 1376 2657 Sar-

132 2673 371 2742 degustatur:
404 2672 577 2727 »Sententia
598 2673 681 2726 Petri
708 2673 815 2727 saltem
838 2674 869 2728 in
888 2679 962 2727 voto
982 2689 1107 2741 semper
1131 2671 1287 2740 praeeedit
1307 2688 1373 2726 sen·

133 2743 260 2796 tentiam
281 2743 381 2807 caeli«,
401 2741 461 2795 nisi
483 2742 582 2795 mavis
602 2742 704 2796 dicere
724 2758 786 2796 non
805 2743 844 2796 lo‹
860 2743 890 2797 ui
912 2759 934 2796 e.
952 2743 1146 2796 Bernardnm
1167 2743 1205 2796 de
1225 2741 1373 2795 munibus

133 2811 319 2866 casibus-
339 2812 384 2867 Cf.
404 2811 494 2865 etiam
517 2811 591 2865 Sua
604 2827 673 2876 ren,
696 2811 732 2864 ln
753 2829 781 2880 p.
801 2761 859 2866 111⁸.
880 2829 909 2880 q.
929 2813 970 2878 83,
991 2827 1015 2866 a.
1038 2815 1059 2865 1.

237 2905 271 2962 P.
294 2905 334 2964 11.
360 2904 473 2962 Eadem
498 2906 635 2961 contritio
660 2926 718 2962 nou
742 2905 835 2962 solum
867 2905 1024 2962 iustificare
1049 2913 1152 2982 potest,
1187 2901 1237 2960 scd
1263 2923 1378 2980 semper

137 3004 204 3048 ante
227 2992 370 3050 actualem
393 3011 477 3048 nsum
502 2991 631 3048 clavium
654 2992 800 3053 iustificat.

237 3073 317 3127 Dub.
338 3077 360 3126 l.
386 3072 558 3127 Concilium
579 3071 805 3140 Tridentinum,
831 3073 915 3128 Sese.
934 3075 957 3139 6,
983 3074 1042 3126 cb
1069 3071 1150 3126 inter
1175 3071 1250 3124 alius
1279 3070 1376 3139 bapti-

136 3142 304 3196 zandorum
318 3141 542 3222 dispositiones
561 3141 640 3195 hanc
651 3143 790 3210 requirit,
810 3149 844 3197 ut
868 3143 980 3196 »Deum
996 3151 1154 3211 tamquam
1170 3141 1273 3194 omnis
1287 3138 1373 3194 iusti-

139 3213 196 3265 tiae
213 3210 330 3265 iontem
344 3211 474 3279 diligere
487 3211 657 3279 incipiant«
680 3213 740 3267 Sed
751 3212 870 3266 dilectis.
885 3212 939 3266 Dei
956 3219 1115 3281 tamquam
1127 3210 1223 3264 fontis
1239 3206 1375 3288 iustitiae

140 3287 185 3335 est
203 3280 339 3348 perfecta
352 3279 473 3335 caritas.
493 3279 587 3348 Atqui
602 3288 704 3335 tamen
718 3281 830 3336 caritas
850 3282 900 3336 illa
916 3297 976 3336 non
997 3281 1152 3335 iustificat.
1173 3280 1279 3348 Neque
1292 3293 1374 3331 emm

140 3349 297 3404 concilium
323 3349 362 3404 ad
382 3350 572 3422 baptismum
594 3349 830 3419 dispositionem
856 3351 995 3420 requirit,
1019 3367 1080 3420 qua
1101 3351 1193 3403 immo
1212 3353 1283 3402 ante
1304 3349 1375 3418 bap·

141 3419 260 3474 tisinum
280 3419 476 3474 iustificetur.
496 3421 541 3476 Gi.
562 3419 723 3486 Sylvius
747 3423 777 3474 in
797 3429 917 3490 quaest.
936 3425 959 3475 5.
980 3420 1132 3488 supplem.

239 3492 263 3543 2.
293 3490 542 3544 Bernartius
569 3488 624 3556 Ep.
643 3493 675 3544 77
696 3492 804 3545 scribit
829 3492 985 3546 bominem
1013 3505 1105 3558 posse
1130 3503 1199 3542 eum
1220 3487 1378 3541 desiderio

142 3560 283 3628 baptismi
304 3560 427 3620 salvari,
454 3564 479 3614 si
499 3568 602 3615 tamen
624 3575 709 3614 mors
734 3563 907 3629 anticipans
933 3576 987 3614 seu
1017 3559 1075 3614 alia
1094 3573 1309 3628 quaecumque
1328 3559 1378 3610 vis

142 3629 324 3683 invincibilis
343 3629 493 3683 obviaret.

239 3701 263 3753 3.
291 3698 545 3766 Augustinus,
572 3700 615 3754 De
636 3701 720 3768 bapt.
739 3699 756 3752 l.
775 3701 799 3763 t,
819 3714 843 3753 c.
862 3701 905 3752 22:
934 3699 1040 3761 ,Quod
1061 3701 1151 3751 etiam
1173 3701 1265 3766 atque
1285 3697 1376 3748 etiam

143 3768 337 3822 considerans
366 3771 491 3822 invenio
519 3783 580 3822 non
610 3774 728 3823 tantum
756 3771 933 3836 passionem
961 3783 1018 3836 pro
1045 3770 1169 3820 nomine
1197 3765 1313 3820 Christi
1339 3763 1377 3829 id,

143 3839 220 3906 quod
245 3851 284 3891 ex
304 3838 460 3905 baptismo
479 3838 594 3904 deerat,
621 3852 714 3907 posse
734 3838 888 3906 supplere,
910 3837 1074 3892 sedetiam
1103 3837 1197 3891 iidem
1222 3835 1379 3914 conversi·

144 3923 290 3976 onemque
309 3907 421 3967 cordis,
448 3908 479 3960 si
498 3907 579 3962 forte
598 3907 636 3961 ad
656 3908 875 3962 celebrandum
899 3910 1082 3976 mysterium
1106 3907 1251 3973 baptismi
1272 3918 1302 3956 in
1327 3917 1380 3955 an-

144 3979 253 4099 ¹guhtiihl
268 3982 444 4044 temporum
465 3980 583 4031 recurri
604 3993 678 4030 non
698 3983 856 4046 potest«
880 3975 925 4032 Cf.
948 3977 1063 4042 Berti,
1086 3976 1128 4029 De
1148 3973 1238 4027 theol.
1258 3971 1379 4039 discipl.

155 4049 216 4110 ..1,
256 4047 309 4099 iss.
330 4050 352 4113 1,
373 4061 396 4099 c.
415 4049 439 4098 5.

239 4118 263 4168 4.
292 4115 544 4184 Augustinus
574 4115 603 4169 S.
629 4117 689 4170 278:
722 4117 813 4170 «Sunt
838 4116 991 4185 quaedam
1019 4117 1129 4185 gravia
1154 4119 1183 4166 ct
1210 4111 1380 4172 mortifera,

145 4199 216 4253 quae
234 4187 294 4239 nisi
314 4199 370 4253 per
385 4185 690 4239 vehementissimam
708 4185 881 4240 molestiam
902 4185 1125 4240 humiliationis
1146 4181 1249 4236 cordis
1269 4188 1377 4233 etron-

146 4254 269 4307 tritionis
299 4254 428 4322 spiritus
456 4261 486 4308 et
511 4255 720 4310 tribulationis
750 4255 955 4324 poenitentiae
984 4271 1045 4309 non
1076 4254 1263 4308 relaxantur.
1296 4248 1378 4301 Haec

146 4324 335 4378 dimittuntur
355 4339 411 4392 per
430 4328 532 4377 elimes
553 4325 716 4379 ecclesiae.t

240 4418 396 4474 Contraria
419 4417 567 4473 sortientia
592 4413 628 4474 1⁰
650 4416 790 4474 damnata
813 4428 856 4474 est
881 4419 910 4474 in
934 4415 1182 4493 propositimiilms
1200 4415 1274 4479 Baii,
1299 4433 1378 4488 prop.

148 4505 190 4560 il.
212 4504 256 4562 Cf.
280 4524 307 4580 p.
333 4503 354 4571 I,
380 4504 412 4559 P.
438 4501 481 4573 1⁰,
508 4507 542 4560 ,1.

246 4585 282 4646 2⁰
307 4589 388 4647 Idem
413 4589 498 4648 docet
521 4590 689 4650 Concilium
712 4589 921 4649 Tridentinum
948 4593 1023 4648 Sires.
1053 4591 1098 4653 1-1,
1122 4607 1165 4664 cp.
1190 4589 1217 4649 i,
1250 4583 1297 4642 nbi
1322 4603 1382 4638 rex

148 4675 296 4754 aliquando
319 4698 379 4736 non
403 4680 541 4735 inseritur
566 4681 642 4735 inter
665 4677 721 4734 duo
746 4677 892 4735 membra:
929 4679 1000 4748 ,etsi
1029 4677 1235 4734 contritionem
1259 4672 1389 4728 caritate.
