3450 5342
659 391 688 398 --
716 357 777 412 rot
802 392 842 400 -

228 543 329 606 Post
362 544 575 608 meridiem
622 543 656 607 Α.
682 543 718 607 ll.
744 543 776 607 ll.
800 544 857 609 Fr.
882 543 1062 624 Snopek‚
1085 546 1373 628 archiepiscopalis

99 630 334 693 Archtvarius
368 631 408 695 de
442 651 466 695 s.
495 631 649 695 llethodii
682 632 880 696 orthodoxia
913 651 1014 711 agens
1048 632 1173 698 solidae
1207 633 1375 697 doctrinae

101 718 291 798 propriam
326 720 562 782 scrutationem
603 719 728 782 levitati
765 719 947 784 adversarii
985 721 1035 784 sui
1074 719 1152 799 prol.
1190 719 1368 785 Brdekneri

104 806 288 884 opposuit.

229 915 314 981 Cum
336 935 371 980 re
394 917 538 998 perlecta
562 918 793 999 plaudentibus
823 919 980 982 omnibus
1004 921 1168 1001 pulpitum
1190 919 1376 1000 reliquisset

107 1015 148 1067 et
176 1004 335 1085 plausum
359 1023 379 1067 a
402 1023 437 1069 se
460 1005 502 1070 ad
526 1008 720 1083 magistrum
755 1024 860 1084 suum,
893 1009 1003 1087 ipsum
1038 1007 1265 1071 Celsissimum
1295 1006 1375 1070 Pro-

110 1101 286 1156 tectorem
309 1091 459 1157 modeste
483 1091 678 1170 deflexisset
702 1095 753 1156 hic
768 1095 836 1156 iam
852 1093 1010 1172 abiturus,
1033 1096 1116 1158 actis
1139 1097 1272 1159 nomine
1296 1111 1376 1157 eon-

111 1189 245 1242 ventus
268 1197 289 1242 a
312 1176 356 1240 Pl.
380 1178 544 1242 11111116
569 1177 717 1259 Stojan
741 1198 800 1260 pro
823 1179 1052 1244 benevolentia
1075 1199 1175 1260 quam
1199 1182 1375 1246 conventui

114 1265 284 1342 exhibuit,
315 1268 436 1345 gratiis,
464 1269 574 1330 studia
597 1275 629 1330 et
651 1266 861 1330 concordiam
886 1277 1070 1332 conventus
1093 1267 1240 1331 laudavit
1262 1285 1303 1330 ac
1326 1268 1375 1331 di-

113 1353 240 1416 vinum
265 1352 425 1414 auxilium
456 1352 624 1416 laboribus
654 1355 725 1418 eius
757 1351 869 1418 adlore
900 1353 1044 1418 confisus
1066 1355 1173 1419 eidem
1194 1354 1278 1418 bene
1303 1373 1375 1434 pre-

116 1447 222 1502 catus
246 1447 304 1502 est.

231 1551 303 1628 Quo
335 1550 420 1615 lacto
449 1562 589 1632 tempus,
624 1551 708 1632 quod
742 1563 921 1632 supererat.
957 1571 1055 1617 omne
1087 1555 1118 1615 in
1149 1550 1372 1632 disceptandis

120 1639 304 1720 propositis
337 1647 572 1719 consumptum
607 1649 657 1702 est
700 1639 810 1702 llultis
840 1639 994 1704 laudatus
1025 1651 1076 1703 est
1099 1643 1180 1703 ritus
1203 1641 1372 1704 orientalis

119 1729 262 1806 eiusque
285 1726 438 1789 notitiam
461 1744 565 1806 aeque
589 1745 629 1790 ac
651 1737 851 1803 sanctorum,
875 1728 930 1806 qui
953 1727 996 1789 ab
1018 1725 1239 1790 Orientalibus
1261 1727 1375 1790 colun-

119 1824 187 1891 tur,
211 1812 446 1892 divulgandam
463 1831 534 1879 esse
557 1820 719 1876 statutum
743 1821 792 1876 est
827 1814 1066 1892 (disceptarunt
1095 1814 1162 1877 RR.
1191 1812 1252 1876 DD.
1277 1812 1374 1876 Leto-

121 1899 279 1980 hubskyj‚
303 1899 464 1978 Palmieri‚
488 1900 631 1970 leonini,
646 1899 764 1965 Urban.
786 1899 1041 1982 llatuscynskyj,
1058 1899 1276 1980 Sokolowslti
1299 1900 1374 1979 alii).

121 1985 249 2051 Deinde
274 1987 313 2050 de
337 1985 902 2065 bibliothecaCyrillo-Methodiana
925 1990 1095 2051 communi
1107 1989 1257 2072 omniurn
1274 1987 1379 2052 66616-
1399 2035 1402 2040 -

125 2076 281 2138 siasticae
315 2075 518 2155 quaestionis
542 2073 709 2138 orientalis
739 2073 962 2138 studiosorum
996 2073 1076 2157 (RR.
1112 2075 1380 2138 11115116161161

123 2160 258 2239 hlatzel)
288 2170 321 2224 et
344 2161 383 2224 de
406 2163 523 2225 ceteris
547 2163 729 2241 propositis.
776 2161 810 2224 111
834 2163 891 2239 eis,
921 2164 1062 2241 quaein
1088 2164 1138 2224 his
1162 2162 1375 2241 disceptatio·

126 2248 226 2312 nibus
249 2249 399 2328 exposita
422 2257 508 2328 sunt,
542 2251 626 2312 inter
656 2248 721 2311 6116
753 2257 842 2312 16616
873 2258 924 2312 est
957 2251 1107 2330 quaestio
1137 2249 1316 2312 theoretica
1339 2247 1380 2311 de

127 2335 240 2399 valore
264 2335 481 2399 absolutionis
503 2336 535 2397 in
560 2335 699 2398 eeclesia
724 2335 889 2414 Orientali,
920 2355 982 2400 1166
1006 2337 1120 2400 1611161
1143 2344 1293 2399 tractata.
1317 2335 1380 2398 Ex-

128 2423 384 2486 cellentissimus
406 2421 590 2486 Praeses.
628 2421 666 2488 R.
691 2421 723 2485 D.
749 2421 1083 2504 llaluscyriskyj.
1116 2422 1398 2487 1111111161.

130 2512 212 2573 haec
235 2509 301 2574 lere
326 2509 517 2573 docuerunt.
541 2507 768 2574 Occidentales
786 2527 850 2572 non
870 2518 1008 2586 possunt
1030 2512 1181 2574 dubitare
1205 2510 1245 2573 de
1269 2509 1380 2572 valore

131 2596 345 2660 absolutionis
369 2595 592 2660 Orientalium.
634 2595 792 2658 Dubitant
816 2597 963 2659 nonnulli
988 2599 1028 2660 de
1051 2598 1115 2659 hac
1137 2615 1181 2670 re,
1216 2595 1304 2676 quod
1328 2614 1382 2659 sa-

131 2682 279 2748 cerdotes
291 2680 473 2747 Orientales
486 2692 620 2746 careant
637 2681 858 2746 iurisdictione
877 2682 919 2745 ad
932 2683 1172 2747 absolvendum
1186 2684 1379 2746 necessaria.

133 2771 374 2848 Quaestionem,
399 2787 479 2833 num
502 2769 646 2833 habeant
666 2769 852 2833 sacerdotes
872 2772 1017 2849 separati
1041 2771 1083 2833 ab
1106 2770 1245 2834 ecclesia
1267 2770 1381 2832 catho-

135 2858 195 2920 lica
217 2857 435 2936 habitualiter,
450 2856 660 2920 ordinariam.
679 2856 935 2919 iurisdictionem
952 2865 1149 2921 connectere
1173 2857 1280 2921 solent
1302 2875 1380 2920 cum

136 2965 181 3022 ra,
204 2963 283 3007 num
305 2943 450 3008 habeant
462 2943 764 3007 iurisdictionemin
783 2942 852 3006 loro
868 2953 1018 3020 extern03
1043 2945 1105 3008 hac
1130 2946 1241 3024 utique
1261 2943 1377 3006 volunt

137 3051 191 3094 eos
215 3033 359 3110 privatos
382 3049 462 3095 esse.
485 3031 607 3094 Verum
630 3067 672 3075 —
695 3039 807 3094 censet
830 3029 859 3093 R
892 3031 925 3092 b.
951 3030 1086 3094 Urban
1113 3065 1152 3077 -
1176 3049 1289 3094 coram
1304 3031 1379 3109 Deo,

138 3121 195 3181 nisi
218 3129 390 3198 peceatum
403 3115 539 3181 formale
552 3117 704 3194 habeant,
727 3135 904 3180 censuram
925 3137 989 3181 non
1005 3120 1177 3182 incurrunt
1200 3137 1260 3182 nec
1283 3119 1378 3180 iuris-

138 3206 273 3269 dictione
298 3210 474 3286 privantur.
511 3203 605 3268 Certe
638 3223 713 3266 vero
738 3239 779 3248 -
803 3213 839 3266 ut
861 3205 948 3267 clare
972 3224 1042 3268 rem
1059 3205 1235 3286 explicavit
1258 3203 1379 3267 Excell.

139 3294 169 3356 D.
204 3291 378 3356 Praeses
413 3327 451 3334 -
488 3311 529 3355 ex
564 3294 635 3372 ipso
670 3291 819 3354 dissensu
866 3292 1094 3369 theologorum
1139 3291 1379 3355 catholicorum

139 3383 286 3459 (quorum
310 3379 518 3441 doctissimus
542 3381 679 3459 quisque
702 3379 734 3440 in
760 3377 923 3457 suffragiis
958 3378 1127 3458 quondam
1150 3378 1297 3442 collectis
1321 3396 1378 3440 ra-

139 3467 236 3530 lorem
259 3463 471 3546 agnoscebat)
496 3468 625 3545 probari
650 3471 757 3544 potest
779 3465 1023 3530 absolutionem
1046 3466 1137 3530 illam
1161 3464 1377 3531 Orientalium

140 3553 276 3616 validam
299 3571 379 3617 esse.
405 3553 547 3615 Ecclesia
570 3555 658 3616 enim
682 3554 819 3632 supplet,
849 3553 878 3615 si
901 3553 1080 3617 iurisdictio
1102 3562 1153 3616 est
1176 3552 1375 3634 probabilis;

140 3642 223 3720 atqui
246 3638 423 3720 probabilis
445 3646 495 3702 est
517 3641 705 3718 iurisdictio
729 3658 829 3718 quam
853 3640 996 3718 theologi
1018 3639 1223 3720 probabilem
1246 3638 1378 3702 ducunt.

141 3725 235 3790 Adest
255 3727 455 3792 661166116111
468 3726 583 3789 titulus
601 3725 775 3790 coloratus.
802 3726 946 3806 Denique
970 3747 1034 3790 nou
1061 3735 1112 3790 est
1133 3725 1379 3790 commiscenda

142 3812 310 3877 iurisdictio
334 3813 394 3877 lori
417 3815 541 3877 externi
567 3831 642 3876 cum
666 3815 888 3877 iurisdictione
922 3814 964 3877 ad
995 3823 1241 3878 sacramentum
1265 3814 1379 3893 poeni-

142 3901 252 3964 tentiae
277 3901 470 3964 necessaria.
506 3899 564 3963 1116
588 3918 770 3979 numquam
793 3899 1022 3964 conferebatur
1046 3920 1101 3982 per
1124 3900 1374 3977 ordinationem,

143 3987 213 4051 haec
235 3987 323 4068 apud
346 3986 537 4064 Chaldaeos
568 3988 728 4051 Armenes
751 3988 920 4067 hucusque
943 3987 1041 4052 simul
1064 4007 1142 4052 cum
1165 4007 1204 4053 66
1228 3986 1375 4066 traditur,

145 4075 191 4137 ubi
211 4074 403 4154 approbatio
427 4085 485 4137 aut
509 4074 685 4138 iurisdictio
716 4077 758 4138 ad
790 4074 1029 4139 absolvendum
1064 4075 1306 4140 determinatae
1329 4093 1381 4137 re-

144 4162 236 4239 gionis
255 4163 404 4225 homines
416 4163 602 4226 necessaria
616 4180 681 4224 non
697 4171 755 4225 est.
779 4164 856 4242 quia
881 4162 941 4240 legi
959 4163 1206 4227 ecclesiasticae
1229 4161 1380 4225 orientali

145 4265 200 4310 non
223 4247 389 4327 derogavit
412 4246 579 4312 decretum
610 4250 737 4311 concilii
761 4247 949 4313 Tridentini.
995 4249 1117 4325 Quodsi
1157 4251 1230 4329 quis
1264 4266 1380 4326 graves

145 4337 275 4398 rationes
297 4335 418 4399 habeat
440 4335 482 4398 ad
507 4333 693 4414 negandum
716 4335 863 4399 valorem
897 4337 994 4398 huius
1018 4336 1096 4414 legis
1119 4335 1295 4412 orientalis,
1320 4352 1377 4396 ne

146 4439 210 4499 3616
231 4431 342 4485 16111611
367 4441 431 4486 1166
456 4430 563 4502 potest
587 4421 733 4486 eiusdem
757 4423 836 4500 legis
861 4422 1136 4502 probabilitatem.
1160 4457 1201 4465 -—
1226 4421 1275 4483 Ad
1298 4420 1379 4483 haec

146 4508 257 4572 accedit
288 4547 325 4554 —
358 4509 446 4590 quod
476 4508 601 4572 addidit
620 4509 667 4572 ll.
690 4509 725 4572 D.
758 4509 1087 4588 lla-lusoriiskgj,
1119 4507 1206 4588 quod
1239 4507 1379 4571 ecclesia

146 4597 294 4660 catholica
317 4615 377 4660 nec
394 4597 586 4660 alluthenis
602 4595 662 4660 sibi
686 4593 786 4658 unitis
803 4615 862 4658 1166
876 4596 958 4660 alias
975 4596 1161 4676 postulavit
1184 4604 1220 4657 ut
1243 4602 1379 4674 peccata
