3450 5342
692 345 886 402 -173-

167 534 317 608 interrogo
351 553 423 589 vos:
458 531 562 590 habuit
596 534 726 590 animam
750 533 957 592 rationabilem
988 535 1051 612 ipse
1076 533 1227 594 Adam?“
1259 536 1410 606 ,Etiam!“

171 618 1414 696 ,Naturalemhabuitvoluntatem?“,Arbitralemetliberam3

166 727 237 764 nam
260 716 329 763 ante
352 707 635 783 praevaricationem
665 704 847 766 divinam
877 706 980 766 habuit
1005 706 1187 768 voluntatem
1211 719 1240 766 et
1263 729 1339 769 con
1355 731 1416 768 rc-

168 793 398 850 luntarius
420 802 515 850 crat
536 793 638 851 Deo.“
666 792 741 850 Cum
765 796 838 872 ipsis
855 793 1087 864 diceretur,·hoc
1104 815 1168 856 esse
1191 794 1415 866 absurdum,

168 892 239 938 tuuc
262 879 341 937 euim
366 879 463 938 Adam
487 882 577 939 etiam
611 891 799 938 naturam
833 880 967 940 divinam
991 880 1099 940 habere
1123 881 1268 954 debuisse,
1303 903 1416 942 crea-

167 977 305 1024 torem
328 987 401 1037 esse,
425 966 765 1045 impeccabilem
788 978 818 1025 et
841 970 883 1026 sic
906 989 1000 1048 porro,
1024 989 1147 1048 cumque
1171 972 1259 1028 etiarn
1280 970 1415 1030 viderent

167 1056 224 1132 ipsi
260 1053 314 1111 hoc
337 1074 401 1112 esse
424 1052 590 1124 absurdam,
620 1063 762 1126 tamea,
796 1057 852 1113 etsi
876 1077 895 1113 n
909 1077 925 1114 ο
938 1077 957 1114 ιι
980 1056 1039 1114 iarn
1063 1055 1206 1115 auderent
1228 1068 1328 1135 aperte
1352 1079 1371 1116 ιι
1386 1079 1416 1115 e-

166 1162 186 1216 g
199 1161 217 1198 a
229 1160 243 1197 r
254 1161 270 1197 c
293 1139 392 1198 Adam
415 1151 445 1199 et
467 1153 680 1219 consequenter
703 1141 797 1200 Chri
812 1153 877 1200 stu
889 1163 918 1200 ru
942 1141 1081 1201 habuisse
1098 1143 1280 1203 voluntatem
1305 1165 1324 1202 ιι
1334 1165 1351 1202 a
1362 1157 1373 1201 t
1384 1165 1415 1202 n-

167 1227 296 1297 ralera,
320 1225 358 1284 ad
380 1227 563 1286 voluntatem
579 1228 742 1286 naturalem
772 1231 975 1306 positive
998 1229 1283 1290 asserendam
1307 1229 1415 1290 adduci

166 1333 380 1392 nunquam
404 1326 599 1392 potuere.
624 1313 838 1391 Sseutentia
861 1318 951 1393 igitur
975 1337 1135 1396 urgens
1158 1317 1415 1376 distinctio-

167 1421 256 1458 ncm
294 1402 411 1458 iuter
447 1404 852 1479 concupiscentiam
890 1417 930 1460 et
966 1404 1412 1463 voluntatemestca-

167 1486 331 1556 thelica,
354 1487 398 1545 ad
422 1487 653 1547 salvandam
676 1492 917 1548 seutentiam
942 1491 1299 1566 monotheleticam
1316 1491 1409 1550 haec

167 1574 378 1634 distinctio
406 1573 522 1632 debet
544 1596 612 1653 pro
634 1574 791 1634 viribus
814 1576 1022 1634 obscurari
1046 1587 1083 1634 et
1106 1580 1249 1654 negari.
1288 1578 1413 1637 Hono-

168 1663 247 1720 rius
271 1663 396 1738 igitur
418 1662 616 1721 catholice
640 1665 779 1722 sensit

273 1751 323 1826 :rt-3.
346 1749 402 1806 Mo
415 1747 435 1806 d
447 1769 490 1807 ns
514 1760 620 1820 autem,
643 1771 700 1828 quo
716 1752 747 1808 in
760 1751 879 1809 Christo
895 1750 948 1808 illa
961 1751 1092 1828 perfecta
1115 1771 1165 1810 un
1179 1753 1187 1808 ἰ
1201 1761 1212 1808 t
1224 1771 1267 1809 as
1290 1762 1319 1809 et
1342 1751 1409 1810 har-

169 1837 269 1892 monia
291 1837 322 1893 in
345 1834 473 1894 volendo
496 1841 651 1909 enascitur,
675 1858 734 1896 uon
757 1840 788 1895 in
812 1858 847 1896 eo
870 1853 923 1906 est,
947 1837 1025 1916 quod
1048 1836 1135 1896 modo
1155 1838 1292 1898 voluutas
1308 1836 1412 1896 diviua

166 1917 341 1992 humanae,
359 1921 446 1980 modo
468 1922 742 1984 humana-divinae
765 1926 939 1996 consentiat,
974 1923 1025 1982 sed
1049 1933 1080 1982 ut
1103 1933 1192 2002 patet,
1216 1925 1247 1982 iu
1269 1945 1312 1996 eo,
1336 1925 1414 2002 qnod

167 2009 279 2066 Christi
304 2009 440 2067 voluntas
463 2010 483 2067 h
496 2031 514 2068 u
525 2031 553 2068 m
566 2031 584 2080 a
596 2031 644 2069 na
667 2010 709 2068 di
721 2033 740 2068 v
753 2014 761 2068 i
775 2033 794 2069 n
805 2032 823 2068 a
833 2032 862 2069 m
886 2014 949 2068 eius
972 2011 1155 2070 voluntatem
1173 2031 1239 2070 curu
1262 2011 1414 2090 perfectis-

165 2098 241 2153 sima
263 2095 459 2167 oboedientia,
493 2097 688 2156 submissione
711 2108 740 2155 et
763 2099 978 2156 conformitatis
1001 2097 1097 2156 stadio
1133 2101 1175 2157 iu
1211 2097 1413 2158 omuibus

166 2184 341 2241 omniuo
379 2187 574 2262 sequitur.
623 2183 733 2257 ,Cibus
765 2205 847 2244 meus
871 2195 923 2255 est,
947 2195 979 2242 ut
1002 2186 1108 2242 faciam
1132 2185 1314 2244 voluntatem
1339 2187 1410 2256 eius,

165 2272 215 2347 qui
246 2272 327 2328 misit
351 2273 423 2328 me.“
472 2271 578 2346 Quare
595 2272 696 2350 aliquo
726 2293 799 2330 sano
822 2292 910 2332 sensa
933 2292 998 2330 cnm
1022 2271 1130 2330 Helele
1165 2271 1223 2330 dici
1259 2283 1410 2350 potest,

166 2377 254 2414 unam
269 2358 301 2416 in
314 2358 433 2416 Christo
448 2378 512 2416 esse
529 2358 720 2430 voluntatem,
743 2358 926 2418 divinam
946 2379 992 2430 sc,
1017 2359 1072 2416 huc
1088 2372 1133 2416 est
1157 2380 1202 2417 uu
1213 2379 1268 2416 aru
1291 2360 1376 2418 sula
1387 2382 1416 2418 ιιι

167 2446 277 2521 quasi
310 2443 571 2504 dominantem
589 2441 639 2522 ⁵¹),
663 2467 729 2504 eum
752 2465 811 2524 qua
843 2447 982 2505 voluntas
1007 2445 1120 2504 Christi
1142 2446 1272 2506 humana
1295 2457 1414 2525 propter

166 2531 375 2607 perfectionem
398 2534 515 2590 unionis
538 2532 744 2612 hypostaticae
767 2553 883 2611 semper
914 2553 956 2590 eu
979 2535 1066 2610 ipso
1090 2532 1255 2592 concordet.
1300 2531 1414 2608 Quodsi

166 2637 298 2694 quaeras,
336 2618 431 2696 quid
465 2621 519 2677 sit
553 2630 622 2678 tnnc
646 2619 698 2676 illa
721 2619 859 2678 voluutas
884 2638 977 2698 eaque
1001 2639 1061 2678 aaa
1084 2631 1114 2676 et
1137 2619 1249 2690 divina,
1284 2640 1358 2698 quae
1383 2623 1413 2677 in

168 2705 286 2762 Christo
309 2705 372 2764 sola
394 2726 458 2763 esse
482 2705 596 2777 dicitur,
630 2706 704 2764 haec
726 2708 783 2764 erit
816 2726 876 2765 uon
900 2716 959 2764 tam
991 2715 1074 2765 actus
1097 2705 1257 2764 voluntatis
1288 2704 1340 2764 sed
1364 2727 1415 2764 vo·

167 2790 265 2850 luntas
288 2793 789 2870 seaputestasvolitiva
812 2795 920 2870 ipsa3
945 2795 1095 2852 unitas
1118 2791 1415 2872 ipsivindicataerit

166 2887 228 2936 tum
250 2878 425 2957 physica
447 2889 508 2937 turn
543 2879 719 2953 moralis;
753 2879 931 2959 physica,
956 2889 1100 2958 quatenus
1123 2879 1269 2938 voluntati
1292 2878 1413 2938 divinae

166 2965 219 3023 soli
234 2975 384 3044 tamquam
400 2968 486 3024 unico
501 2966 633 3025 subiecto
656 2987 722 3024 cnm
737 2965 907 3024 exclusione
930 2965 1091 3025 voluntatis
1116 2967 1268 3036 humanae,
1292 2966 1412 3045 aliquod

166 3072 249 3110 esse
283 3051 467 3126 adscribitur,
504 3054 681 3124 moralis,
705 3055 775 3132 quia
798 3052 872 3111 illud
895 3073 968 3124 esse,
1002 3052 1105 3132 quod
1129 3053 1275 3112 voluntati
1299 3054 1410 3112 Christi

165 3137 285 3197 divinae
306 3159 378 3218 prae
415 3140 545 3198 hnmana
575 3139 758 3211 adscribitur,
789 3149 931 3198 nonest
955 3141 1049 3217 ipsum
1084 3141 1294 3211 existere,
1329 3143 1413 3217 quasi

165 3228 196 3282 in
211 3225 330 3285 Christo
345 3228 482 3286 voluutas
505 3227 686 3286 humana
709 3227 835 3286 nulla
856 3229 1027 3304 existat,
1051 3225 1102 3284 sed
1118 3237 1163 3286 est
1178 3228 1274 3304 potius
1290 3225 1411 3304 aliquod

164 3333 252 3371 esse
275 3333 327 3372 seu
348 3315 546 3392 perfectio
569 3314 669 3394 aliqua
687 3313 970 3382 determinata,
994 3313 1231 3392 quaeruluntati
1248 3311 1413 3371 divinae

167 3403 197 3458 in
220 3399 339 3459 Christo
369 3403 511 3460 existenti
534 3403 700 3471 conveniat,
734 3401 882 3460 voluntati
912 3401 1067 3470 hnmanae,
1101 3401 1133 3459 in
1157 3399 1276 3458 Christo
1306 3402 1416 3478 pariter

165 3488 313 3560 existenti,
337 3509 356 3545 n
368 3510 384 3546 o
397 3510 417 3546 n
440 3491 606 3562 conveniat,
629 3489 682 3546 illa
697 3488 833 3567 specialis
852 3487 994 3565 persectio
1009 3508 1081 3546 vcro
1104 3508 1182 3546 non
1204 3495 1248 3546 cst
1271 3487 1412 3566 perfectio

166 3594 277 3632 mere
313 3573 923 3648 absolutasedrelativatalis
946 3595 993 3646 sc,
1018 3594 1076 3653 qna
1098 3575 1131 3632 lit
1154 3572 1414 3652 utadipsam

166 3673 376 3740 tamquam
422 3683 609 3721 normam
654 3672 910 3741 perpetuam
955 3670 992 3720 et
1043 3669 1309 3719 constantem
1355 3681 1414 3718 ro-

165 3748 301 3806 luutas
325 3749 483 3808 Christi
507 3750 682 3808 humana
714 3750 920 3820 referatur,
943 3747 1085 3827 perfectio
1107 3748 1160 3806 illa
1182 3748 1343 3806 voluntatis
1366 3746 1413 3805 di-

166 3837 439 3908 vinaeiueocst,
463 3836 562 3916 quod
599 3837 854 3895 voluntatem
892 3836 1097 3894 humanam
1127 3835 1413 3912 tamperfeote

166 3921 248 3979 sibi
280 3922 566 4002 obsequentem
597 3923 725 3995 habet,
756 3937 787 3982 ut
820 3926 860 3982 in
898 3931 979 3981 toto
1009 3923 1228 4002 composito
1259 3921 1414 3980 theand-

167 4011 248 4068 rico
271 4020 308 4068 et
342 4010 387 4068 ab
420 4032 461 4069 eo
494 4031 688 4090 numquam
713 4009 827 4069 aliud
861 4011 949 4082 fiat,
973 4030 1082 4088 quam
1106 4008 1205 4088 quod
1233 4009 1413 4068 voluntas

165 4095 316 4155 (lisina
351 4098 450 4156 vult.
495 4098 685 4157 Voluntas
723 4097 857 4156 diviua
888 4105 943 4154 est
966 4097 1152 4155 voluntas
1186 4099 1225 4154 iu
1248 4095 1412 4154 Christo

165 4183 251 4241 sola
273 4194 310 4242 et
332 4205 489 4263 semper
512 4185 732 4244 dominans.

349 4324 382 4380 C.
405 4322 507 4399 Quid
532 4344 609 4382 una
632 4325 815 4402 operatio
837 4321 984 4380 ibidem
1008 4317 1229 4404 dignifieet.

269 4446 319 4506 37.
343 4444 439 4503 Venio
468 4447 529 4503 iarn
559 4444 597 4504 ad
628 4444 717 4503 aliam
751 4443 965 4514 difficultatem,
999 4463 1087 4521 quam
1119 4442 1191 4500 facit
1221 4444 1252 4500 in
1282 4443 1414 4519 epistolis

165 4531 291 4588 Houorii
318 4551 459 4590 concessa
488 4551 549 4590 uua
570 4534 762 4610 operatio,
793 4551 870 4610 quae
901 4529 1062 4588 difficultas
1088 4529 1177 4588 alicui
1200 4531 1287 4586 ctiam
1319 4530 1413 4586 maior

215 4635 375 4731 eliranni
385 4667 434 4720 Xl.
452 4667 505 4720 366
520 4684 582 4734 sqq.
