3450 5342
870 416 1056 469 -lll-

337 614 376 662 ut
397 624 472 663 uno
501 603 566 661 die
599 612 637 661 et
671 623 744 662 uno
779 614 954 682 tempore
986 622 1054 681 per
1087 622 1231 661 ornnem
1264 600 1393 660 orbem
1428 620 1447 657 a
1469 597 1585 658 nobis

335 688 578 749 observetur
598 699 635 748 et
657 690 772 748 iuxta
793 688 1123 749 consuetudinem
1154 688 1299 748 literar
1322 686 1367 746 sd
1389 706 1527 745 omnes
1548 697 1586 743 tu

335 776 510 855 dirigas‘
548 777 630 855 loqui
663 778 761 857 pergit
793 774 832 835 de
864 776 1021 835 Laterculo
1056 784 1174 835 centnm
1208 794 1351 834 annorum
1386 768 1587 850 (312-411)

336 883 354 921 a
383 863 529 923 Bucherio
561 865 658 941 primo
679 862 768 930 edito,
803 862 880 941 quod
909 882 928 921 a
949 861 1121 921 doctissimo
1153 882 1213 921 vsu
1236 860 1296 920 den
1317 861 1426 939 Hagen
1450 868 1588 919 accurato

336 948 514 1010 submissum
529 952 662 1009 examini
685 950 741 1008 fuit
755 952 874 1029 egregie
896 948 1087 1019 declaratum,
1111 960 1140 1007 st
1162 946 1352 1007 aTheodoro
1374 947 1588 1005 llommssn

336 1040 368 1095 in
394 1056 448 1095 sno
477 1056 564 1116 opere
596 1035 726 1095 Uebcr
763 1034 837 1095 den
871 1035 1211 1115 Chrouographen
1245 1054 1327 1094 vom
1360 1034 1490 1094 Jahre
1527 1034 1587 1091 354

336 1126 450 1201 integre
473 1122 663 1203 publicatum.
700 1122 917 1199 ,Quaenam
953 1124 1027 1182 ills
1060 1122 1259 1181 Paschsts
1292 1120 1454 1191 fuerint,
1485 1121 1530 1178 ait
1553 1118 1589 1177 de

337 1211 431 1283 linesi,
466 1229 563 1289 quae
594 1211 809 1289 sylvester
841 1224 929 1289 post
963 1210 1204 1269 Arelatem
1237 1207 1437 1267 decretum
1470 1210 1588 1265 iuxta

337 1306 510 1356 veterem
547 1295 873 1355 consuetudinem
908 1300 1127 1375 quotannis
1161 1296 1322 1367 indixit,
1357 1315 1457 1355 nunc
1494 1313 1589 1351 com·

335 1393 450 1463 perta
472 1382 641 1461 (exeodem
660 1382 828 1463 Lsterculo)
849 1383 1300 1443 certissimehabemus“
1316 1402 1409 1461 esque
1425 1394 1497 1439 sunt
1514 1400 1588 1459 quse

336 1470 367 1528 in
390 1472 485 1549 primi
508 1469 581 1528 dicti
596 1470 747 1529 Lsterculi
770 1470 923 1549 partemab
946 1490 1024 1530 suno
1047 1470 1160 1529 seilicet
1176 1472 1238 1528 312
1255 1468 1292 1527 sd
1310 1470 1380 1539 342,
1396 1467 1589 1527 exhibentur.

337 1558 422 1617 Haec
442 1577 514 1615 vero
535 1557 693 1624 Paschata,
716 1559 775 1616 iam
797 1556 913 1636 pridem
937 1578 955 1615 a
974 1578 1033 1616 vsu
1056 1556 1115 1617 den
1133 1556 1241 1635 Hagen
1257 1556 1408 1615 Romam
1430 1554 1588 1613 Ecclesiae

337 1645 480 1707 restituta
503 1642 541 1703 ad
558 1641 714 1722 quemdam
733 1645 851 1725 cyclum
866 1647 907 1704 84
924 1664 1067 1704 annorum
1086 1646 1245 1725 pertinent,
1261 1646 1342 1702 cuins
1358 1645 1421 1722 ipse
1439 1643 1590 1721 principis

337 1730 463 1789 feliciter
485 1730 641 1789 adinvenit
664 1743 694 1789 et
716 1729 945 1809 diligentissime
980 1730 1127 1804 discussit,
1150 1740 1180 1791 et
1203 1750 1326 1809 quorum
1348 1750 1440 1789 unum
1463 1728 1522 1787 hoc
1545 1738 1588 1787 cst

336 1817 414 1897 qnod
436 1820 548 1896 primus
570 1818 719 1896 paschalis
741 1818 830 1878 lunae
850 1818 936 1877 limes
959 1830 1021 1877 erst
1043 1818 1115 1877 luna
1136 1818 1366 1897 decimaquarta
1390 1815 1470 1875 Aliis
1485 1814 1587 1874 uerbis

337 1904 467 1964 ostendit
498 1926 557 1963 van
592 1904 651 1963 den
674 1905 792 1985 Hagen,
815 1904 892 1985 quod
925 1904 992 1965 sub
1016 1906 1217 1964 Silvestre
1240 1903 1449 1963 Pontifice
1472 1918 1511 1961 et
1535 1922 1588 1960 us-

336 2012 408 2071 que
431 1990 476 2049 ad
499 1987 639 2073 annu'm
664 1994 734 2064 342,
764 1994 925 2072 quoties
959 1991 1261 2069 decimaquarta
1294 1991 1390 2049 lans
1421 1988 1587 2049 indiam

336 2076 574 2137 dominicam
598 2078 826 2149 incidisset,
850 2089 942 2138 tunc
965 2079 1131 2138 Pascha
1153 2076 1473 2149 celebrabatur,
1498 2075 1588 2154 idque

335 2164 481 2243 exemplis
514 2165 642 2223 illustrat
675 2186 819 2226 annorum
842 2168 915 2237 316,
948 2168 1010 2225 320
1042 2178 1080 2236 et,
1112 2175 1177 2244 post
1210 2164 1376 2224 Niosenum
1409 2164 1587 2233 Concilium,

336 2252 408 2309 anni
432 2252 503 2309 333.
519 2248 546 2327 ⁴)
570 2252 608 2310 Ei
632 2272 702 2311 vero
724 2256 843 2312 omnino
867 2253 1042 2330 suffragatur
1057 2253 1157 2311 Bruno
1179 2250 1333 2311 Krusch
1357 2253 1387 2310 in
1412 2270 1465 2310 suo
1487 2269 1588 2329 opere:

341 2337 441 2410 ,Der
485 2333 699 2418 etjslhrige
737 2340 1029 2419 Osteroyclus
1074 2338 1157 2398 und
1199 2341 1322 2398 seins
1360 2336 1586 2413 Quellen‘.

336 2425 469 2501 Leipzig,
495 2427 578 2483 188⁴)
605 2446 653 2504 pp.
677 2429 727 2485 66.
751 2429 800 2488 67.
824 2428 892 2506 lpse
917 2429 1036 2505 insuper
1059 2426 1186 2496 Krusch,
1209 2426 1427 2505 comparatione
1451 2424 1586 2483 instituti

335 2513 413 2569 inter
435 2511 509 2569 haec
531 2512 636 2571 eadem
662 2514 812 2571 Pascbata
834 2512 873 2572 ad
896 2534 1007 2573 anunm
1034 2534 1126 2592 usque
1155 2514 1217 2571 342
1245 2512 1358 2571 Musae
1384 2510 1537 2569 celebrata
1559 2518 1587 2567 et

335 2617 379 2666 ea,
408 2618 483 2676 quae
508 2599 536 2659 S.
560 2599 744 2659 Athanasius
767 2603 799 2659 iu
826 2600 1013 2659 heortasticis
1044 2602 1104 2659 suis
1131 2600 1272 2678 epistolis,
1307 2597 1411 2657 eodem
1445 2598 1586 2675 temporis

336 2683 465 2761 periodo,
482 2684 685 2745 Alexandriae
701 2686 843 2747 celebrari
859 2690 1018 2766 praecepit,
1034 2707 1069 2745 ea
1085 2685 1265 2745 adamussim
1285 2686 1445 2744 convenire
1462 2682 1586 2743 detexit

336 2771 406 2829 Mea
427 2782 472 2830 est
495 2774 603 2849 opinio,
626 2794 687 2832 non
705 2772 821 2833 levibus
836 2772 943 2833 innixa
958 2773 1129 2846 rationibus,
1154 2771 1390 2833 Alexandrinam
1407 2771 1584 2841 Ecclesiam,

334 2877 427 2936 usque
450 2857 489 2917 ad
512 2878 621 2917 annum
638 2862 710 2931 360,
734 2882 794 2920 non
816 2861 910 2920 solum
935 2880 1095 2940 numquam
1111 2862 1142 2919 iu
1158 2859 1227 2918 dato
1242 2858 1399 2919 Paschstis
1415 2878 1433 2917 a
1448 2858 1584 2917 Romani

337 2943 520 3011 dissensisse,
543 2945 595 3004 sed
618 2948 817 3007 Romanorum
832 2950 923 3007 etiam
946 2949 1195 3026 computationem
1218 2954 1399 3025 acceptassc3
1423 2954 1477 3015 ast,
1500 2941 1585 3023 quid·

336 3031 408 3110 quid
430 3030 468 3091 de
484 3032 539 3091 hoc
554 3036 601 3103 sit,
617 3033 673 3092 hoc
688 3036 812 3093 minime
827 3044 924 3113 potest
939 3036 971 3092 in
985 3032 1106 3093 dubium
1122 3035 1262 3103 revocari,
1279 3052 1357 3091 anno
1374 3032 1445 3097 333,
1468 3030 1586 3089 Pascha

335 3127 397 3178 tum
421 3120 504 3177 iuxta
526 3118 752 3180 alexandrinam
775 3132 837 3181 tum
860 3123 944 3180 iuxta
959 3141 1110 3180 romanam
1133 3121 1390 3199 computationem,
1413 3138 1501 3177 cum
1524 3117 1584 3176 de-

335 3206 615 3284 cimaquarta
637 3207 741 3267 luni
763 3210 1037 3267 convenisse
1061 3203 1584 3289 (Kruschp.71).Exhooevidens

334 3291 459 3351 infertur
481 3292 585 3364 illatio,
615 3293 693 3371 quod
716 3305 819 3353 neutra
842 3316 881 3353 ex
903 3294 991 3353 dictis
1014 3294 1166 3366 Ecclesiis,
1194 3294 1372 3353 locutionem
1400 3292 1584 3365 ,Pascha

334 3399 380 3438 cu
392 3399 422 3437 m
444 3379 476 3437 H
488 3400 505 3438 e
516 3378 535 3437 b
547 3401 562 3438 r
573 3399 592 3438 s
602 3402 619 3438 e
631 3384 642 3438 i
654 3384 685 3439 s‘
711 3384 744 3439 in
759 3402 847 3441 sensu
870 3382 1016 3460 acceperit
1027 3382 1084 3461 ipsi
1107 3383 1301 3439 communiter
1315 3378 1470 3439 attributo:
1492 3379 1584 3458 qussi,

335 3466 455 3539 scilicet,
478 3466 606 3545 simplex
621 3467 786 3527 Christiani
808 3488 874 3528 curn
897 3466 1019 3528 Iudaico
1035 3468 1181 3527 Paschate
1204 3468 1370 3538 conventio,
1393 3464 1473 3525 idem
1493 3466 1584 3524 ferme

334 3553 411 3612 foret
440 3555 552 3613 crimen
582 3552 795 3614 studiosissime
826 3555 982 3615 vitandam
1012 3575 1047 3614 ao
1071 3554 1184 3613 Christi
1214 3574 1280 3613 cnm
1303 3552 1401 3613 Belial
1430 3561 1584 3632 procurata

334 3643 501 3698 conventio.
533 3640 644 3700 Contra
667 3653 840 3720 argumenta
861 3641 899 3701 de
922 3641 1000 3701 facto
1024 3644 1126 3700 inania
1149 3650 1215 3699 sunt
1244 3639 1343 3699 verba
1366 3673 1409 3683 -
1436 3640 1518 3698 Hinc
1540 3648 1583 3697 est

335 3725 414 3803 quod
452 3729 517 3806 ipsa
550 3747 627 3787 nunc
661 3730 767 3805 vigens
802 3730 1002 3808 praescriptio,
1025 3738 1065 3801 ut,
1100 3730 1170 3786 luni
1193 3726 1269 3785 XIV
1292 3738 1322 3785 et
1352 3726 1501 3786 dominici
1535 3725 1581 3783 die

335 3812 423 3871 simul
455 3815 710 3885 convenientibus,
746 3816 864 3874 Pascha
898 3818 929 3875 in
963 3826 1134 3895 sequentem
1168 3814 1350 3873 dominicam
1383 3814 1581 3883 transferatur,

336 3898 470 3957 multo
501 3904 654 3968 serius,
689 3901 862 3980 urgentibus
892 3902 1115 3974 Alexandrinis,
1150 3900 1366 3972 fuitinducta,
1400 3902 1581 3979 primumque

335 3982 468 4044 eiusdem
498 3988 700 4047 translationis
733 3989 901 4068 exemplum
936 4010 954 4047 a
983 3990 1125 4061 Preterio,
1148 3987 1353 4047 Alexandriae
1377 3988 1529 4047 Antistite.
1551 3988 1581 4045 in

335 4074 388 4130 sni
418 4070 457 4129 ad
478 4072 611 4133 Leonem
633 4076 775 4152 Magnum
805 4076 930 4154 epistolii
961 4076 998 4135 de
1019 4076 1167 4135 Paschate
1198 4076 1269 4134 anni
1293 4076 1356 4132 455
1384 4085 1581 4145 memoratum,

336 4167 381 4217 est
404 4160 475 4216 anni
500 4160 571 4222 373.

400 4344 425 4411 ⁴)
439 4342 507 4465 fVan
526 4345 581 4401 deu
599 4346 722 4416 Hagenii
740 4363 819 4429 opus,
838 4346 915 4429 qupd
934 4345 1036 4402 eruditi
1054 4362 1152 4429 omnes
1170 4344 1319 4429 permagni
1334 4344 1449 4413 faciunt,
1475 4345 1580 4441 titulup

439 4414 1579 4569 nstitittransscensainstanteset,-

440 4552 494 4609 OC.
527 4624 534 4637 .
564 4554 596 4609 ln
614 4554 764 4611 Panarensr
782 4555 920 4611 nationali
938 4554 1124 4613 Bibhotheea.
1144 4554 1460 4680 θὸθῦὲέΒΙηγθηῳιο.)
1473 4552 1579 4677 ’gif

439 4624 853 4765 gulihldhehiotdbddnishbbtd
878 4640 1028 4766 dddiriibb
1046 4624 1578 4765 bbhbidgoiuctorismlvuidlbdbiihatum'
