3450 5342
629 432 823 487 1-57-

203 616 247 681 ilo
269 632 402 669 nnrana:
421 614 521 684 llayna
540 632 557 668 a
576 615 647 685 aipa.
668 642 703 654 —
725 614 776 669 ad
795 615 1031 685 quaestionem:
1062 614 1196 671 Scientia
1215 621 1246 672 et
1264 616 1360 673 Fides

103 686 198 745 inum.
217 686 274 753 4.);
302 698 370 753 qua
390 685 649 739 commentatione
668 684 845 740 ostenditur
864 684 1039 739 doctrinam
1059 685 1090 739 in
1110 685 1194 741 nulla
1214 702 1257 752 re,
1281 702 1361 757 quae

102 753 259 823 explorata
281 753 381 807 sit-
401 752 539 823 solisque
558 753 589 809 in
608 752 812 823 opinionibus
831 783 868 793 -
886 753 962 808 fidei
981 754 1168 809 christianae
1186 756 1358 811 adversari.

203 823 236 877 F.
264 822 428 879 Grivee:
459 824 558 893 ilpobn
584 840 677 893 anynn
705 840 720 877 a
745 840 868 892 aperiero
893 840 1034 893 nepitacro
1063 841 1099 879 no
1125 825 1233 895 Codopi
1262 827 1360 880 rhato-

106 890 281 963 pcaniiacnim
300 920 338 931 -
358 892 393 947 F.
413 891 542 947 Grivec:
563 892 746 947 Tentamina
767 892 894 947 unionis
913 908 984 947 cum
1004 892 1133 949 ecclesia
1159 910 1266 964 graeca
1284 900 1359 963 post

103 961 267 1017 concilium
289 960 521 1016 Florentinum.
540 990 574 1001 -
588 961 798 1042 Doctissimus
819 961 975 1018 Slovenus
993 960 1124 1045 inquirit
1142 963 1181 1018 de
1197 964 1359 1027 Melchitis,

102 1032 140 1087 de
164 1032 284 1087 unione
311 1030 496 1086 Florentius
525 1030 556 1086 in
583 1030 705 1097 Russia,
730 1046 762 1085 m
791 1031 932 1087 Ukraina
960 1035 991 1086 et
1011 1032 1138 1098 Litavia,
1164 1035 1202 1088 de
1231 1033 1361 1088 ecclesia

102 1102 221 1156 russiea
232 1106 263 1156 et
275 1100 452 1167 ruthenica,
463 1100 502 1155 de
514 1100 546 1155 di
571 1100 723 1155 lomaticis
734 1100 963 1156 tentaminibus
976 1101 1101 1155 unionis
1111 1116 1182 1156 cum
1196 1102 1361 1171 Moscovia,

99 1172 138 1225 de
151 1170 269 1225 unione
282 1171 316 1224 in
335 1170 473 1235 Polonia,
487 1169 525 1225 de
566 1170 847 1233 seudoDemetrio,
866 1170 982 1225 unione
1002 1170 1170 1238 Brestensi,
1184 1172 1223 1226 de
1245 1174 1361 1228 unione

103 1240 134 1295 in
150 1240 330 1310 Hungaria,
351 1239 392 1294 de
405 1238 629 1295 tentaminibus
645 1239 771 1294 unionis
791 1239 822 1294 in
839 1239 955 1295 Russia
974 1255 992 1295 a
1010 1241 1133 1295 saeculo
1147 1241 1244 1297 XVII.
1258 1258 1362 1312 usqne

101 1310 138 1365 ad
158 1315 270 1364 nostra
291 1314 448 1377 tempora,
468 1308 507 1365 de
526 1308 758 1365 serbo-Oroatis
778 1314 809 1363 et
829 1308 976 1379 Balgaris
995 1315 1050 1365 etc.
1070 1313 1167 1377 (num.
1187 1313 1272 1379 l-t,
1293 1314 1361 1366 tt-

103 1381 293 1445 ta.,15-17).
314 1378 411 1442 Quod
425 1394 444 1433 o
468 1392 506 1433 us
519 1377 737 1434 doctissimum
756 1378 927 1449 magnique
945 1378 1059 1435 laboris
1072 1395 1126 1448 pro
1141 1380 1360 1435 dissertatione

102 1448 167 1517 luit,
186 1462 248 1517 qua
268 1461 420 1503 summos
462 1448 577 1502 octonis
598 1448 733 1503 honores
748 1454 859 1503 auctor
878 1448 1014 1529 petebat.
1038 1448 1168 1505 Unionis
1187 1449 1361 1506 amicorum

103 1526 211 1575 votum
231 1517 302 1581 fuit,
330 1522 368 1572 ut
388 1517 442 1571 Dr.
461 1516 574 1573 Grivec
594 1518 751 1587 hocopus
777 1532 944 1599 egregium
963 1517 1050 1573 foras
1069 1519 1159 1573 daret
1178 1534 1258 1574 neve
1276 1519 1307 1574 id
1328 1519 1361 1575 in

103 1602 218 1713 30an
246 1591 413 1656 premeret
440 1602 566 1653 annum,
595 1587 668 1657 quia
696 1586 815 1655 scripta
846 1585 960 1641 similia
988 1585 1214 1643 inlitteratum
1240 1588 1362 1645 Slavica

124 1658 167 1713 esi
191 1662 338 1712 arantur.

204 1728 250 1782 De
264 1726 352 1781 libro
366 1724 408 1779 Ti
418 1724 530 1780 lorii:
551 1726 678 1795 Pyccaoe
693 1742 900 1795 ,iyaosencnno
914 1744 954 1779 aa,
968 1727 1101 1780 l'annnin.
1121 1727 1243 1795 (Olenus
1256 1727 1362 1782 ruthe-

102 1796 188 1851 nicus
206 1796 239 1851 in
261 1794 393 1861 Galicin,
415 1794 493 1849 Kiev
507 1796 585 1859 1903)
605 1794 742 1863 scriptor
779 1794 886 1850 uidam
900 1810 985 1851 num.
1004 1798 1099 1851 4-17.
1120 1796 1232 1862 reiert;
1254 1796 1362 1865 agitur

102 1865 143 1920 ibi
162 1870 286 1935 septem
301 1863 463 1945 capitibus
483 1864 627 1945 derebus
647 1810 850 1944 genenriiibus
863 1864 952 1945 clem,
972 1865 1011 1920 de
1024 1865 1208 1921 educatione
1226 1865 1360 1921 candita-

106 1940 207 1990 torum
234 1934 323 1998 cleri,
350 1934 391 1989 de
410 1933 647 1988 condicionibus
671 1934 754 2001 cleri,
784 1934 913 1989 consilia
932 1934 1055 2002 dantur,
1075 1935 1289 2005 quomomodo
1308 1950 1361 1989 res

108 2004 232 2059 meliore
258 2005 330 2058 loeo
361 2002 509 2057 constitui
536 2002 667 2071 possint,
691 2008 845 2057 tractatur
869 2005 910 2058 de
934 2004 1081 2059 relatione
1108 2004 1181 2060 cleri
1206 2003 1245 2058 ad
1272 2018 1362 2074 paro

102 2074 236 2140 chianos
257 2074 298 2128 de
319 2078 416 2127 cantu
430 2071 645 2139 ecclesiastice,
664 2070 726 2126 ritu
748 2072 901 2142 liturgico,
917 2074 1153 2142 praedicatione,
1172 2074 1362 2129 factionibus

105 2144 243 2213 politicis,
264 2141 524 2197 fraternitatibus
549 2140 776 2208 ecclesiasticis,
803 2143 956 2265 Raucitate
981 2143 1063 2211 cleri,
1089 2143 1212 2199 defectu
1232 2143 1361 2198 moralis

104 2212 296 2337 educationis
329 2210 514 2276 iuventutis,
550 2211 589 2266 de
624 2210 773 2276 diaconia,
827 2210 988 2280 ierarchia,
1022 2213 1061 2267 de
1099 2212 1298 2269 monasteriis
1331 2218 1363 2267 et

105 2299 211 2339 monac
236 2298 273 2337 rs.

205 2354 319 2422 liparia,
341 2367 471 2405 sannone
491 2350 498 2403 i
516 2368 610 2404 nrrxaa
625 2380 658 2391 -
673 2349 786 2417 Labor,
801 2365 922 2406 merces
940 2356 971 2407 et
984 2352 1104 2419 foenus,
1125 2359 1189 2407 tres
1201 2353 1360 2407 orationes

104 2422 176 2477 dris.
198 2422 349 2483 Deckert,
370 2419 540 2475 translatae
558 2421 598 2475 ab
617 2422 650 2474 Α.
671 2418 783 2474 Govda
815 2436 900 2475 num.
920 2422 1006 2490 t-e,
1025 2423 1116 2486 8-9.t

106 2561 124 2616 d
205 2493 238 2547 P.
260 2488 449 2625 Strilt'bickij
472 2488 639 2543 memorias
653 2488 727 2544 cleri
749 2494 799 2543 rut
813 2490 902 2545 ienici
922 2504 1001 2547 saec.
1014 2491 1097 2546 XIX.
1116 2491 1156 2546 ad
1175 2491 1273 2547 finem
1293 2507 1364 2560 per·

127 2560 193 2619 uxit
211 2564 313 2627 (num.
354 2602 382 2614 ..

205 2631 260 2685 Dr.
291 2628 484 2685 Nicolaus
512 2628 666 2683 Kourad
694 2629 725 2683 in
768 2643 827 2683 nro
854 2631 880 2684 9.
907 2635 937 2683 et
964 2628 1196 2698 posterioribus
1224 2630 1363 2686 ostendit

103 2715 225 2756 errores
251 2700 319 2755 dris
341 2697 473 2752 Ioannis
500 2696 653 2751 Franko
679 2697 710 2752 in
736 2696 804 2753 eius
825 2698 972 2754 Poemate
998 2699 1036 2752 de
1063 2698 1171 2754 mundi
1197 2699 1360 2756 creatione.

105 2770 193 2826 Num.
213 2772 255 2825 10.
274 2768 419 2823 continet
438 2766 714 2821 commentationes
740 2766 779 2821 de
799 2766 943 2822 doctrina
962 2768 1117 2838 religiosa.
1143 2767 1358 2825 defensionem

106 2839 162 2895 PP.
181 2840 419 2894 Basilianorum
446 2836 485 2890 ab
509 2836 717 2891 invectatione
742 2842 772 2891 et
799 2836 1026 2906 vituperatione
1045 2837 1153 2892 russici
1172 2837 1359 2908 llepaonuarir

105 2910 294 2975 liberasum,
317 2922 406 2962 num.
428 2907 468 2959 12.
487 2912 517 2961 et
537 2908 576 2960 17.
596 2906 635 2960 de
655 2906 751 2961 rebus
773 2905 1022 2969 Cheimensibus.
1043 2907 1081 2962 de
1103 2922 1216 2961 »novor
1239 2908 1310 2963 ritu.

206 2978 244 3034 In
265 2992 357 3033 num.
379 2977 490 3030 1344.
509 2974 609 3030 editae
629 2980 703 3030 sunt
722 2975 842 3030 litterae
856 2976 1029 3045 pastorales
1043 2976 1140 3031 totins
1157 2976 1359 3046 episcopatus

109 3044 365 3117 graecocatholici
385 3046 417 3099 in
438 3043 553 3099 Galicia
572 3044 610 3099 de
630 3060 723 3099 causa
743 3044 816 3099 cleri
836 3045 989 3101 ruthenici
1009 3060 1072 3100 non
1090 3046 1296 3102 dissocianda.

205 3173 467 3251 Rahohltltlfflii
503 3170 629 3245 Bbxlit.
662 3184 758 3253 Opran
816 3185 900 3255 reieci
929 3185 1110 3247 neronianaoi
1142 3184 1356 3239 borocnoncaoi

105 3256 263 3322 neroniana.
285 3254 433 3310 Pin-1905.
454 3254 569 3323 Bnuyea
589 3254 611 3307 1.
628 3285 658 3291 —
673 3254 780 3307 Piannn
795 3203 825 3307 il.
846 3255 921 3321 ltine
940 3256 1063 3325 bnopoa
1082 3254 1178 3325 piano.
1197 3254 1358 3318 llamranou

107 3342 322 3381 nomnanosoro
352 3324 542 3393 l'ooapncnsa
569 3324 683 3378 dorcon.
713 3324 870 3387 niorronintn
899 3342 916 3407 Υ
943 3325 1049 3378 tlaaoal
1080 3326 1209 3377 ›Baacna
1237 3324 1359 3377 llonia«.

107 3394 127 3447 B
144 3396 262 3449 neaarni
284 3396 338 3451 Oo.
360 3393 505 3447 Bacnnina
523 3411 540 3446 a
557 3394 681 3447 iiioaieai
702 3394 776 3446 1905.
806 3423 838 3431 -
858 3391 971 3448 Oriens
990 3393 1167 3448 catholicus.
1188 3392 1360 3446 Publicatio

113 3465 291 3520 ruthenicae
311 3461 488 3518 iuventutis
507 3461 698 3532 theologicae
716 3461 892 3517 catholicae.
917 3465 1027 3518 Annus
1047 3464 1122 3517 1905.
1142 3466 1161 3516 t.
1180 3460 1220 3515 II.
1240 3460 1314 3515 fuse.
1334 3463 1358 3514 l.

116 3538 162 3599 (ex
177 3537 213 3601 4).
232 3564 267 3574 -
289 3531 435 3588 Pretium
455 3534 471 3586 5
488 3546 675 3587 coronarum
701 3546 904 3600 perannum.
930 3531 1152 3601 Typographia
1171 3531 1232 3586 PP.
1253 3529 1360 3585 Basili·

109 3616 233 3659 enorum
253 3604 286 3658 in
309 3601 440 3657 Zolkwa
459 3602 534 3656 1905.

208 3674 348 3755 Bcnynac
367 3688 458 3725 cnoao
477 3669 694 3735 (Introductio)
713 3668 892 3739 interrogat,
921 3674 1027 3725 utrum
1054 3668 1137 3739 quod
1157 3668 1356 3739 propositum

110 3746 172 3797 erat
186 3740 367 3825 publicatio
386 3745 551 3795 consecuta
571 3739 619 3795 sit.
634 3738 799 3809 Spectabat
818 3744 921 3794 autem
935 3756 980 3805 eo,
999 3744 1035 3795 ut
1053 3753 1167 3794 sensus
1182 3738 1353 3793 catholicus

110 3816 350 3881 exprimeretur,
369 3809 540 3876 foveretur,
559 3808 704 3865 iuventus
718 3808 892 3877 theologica
907 3809 1066 3864 adrerum
1080 3807 1355 3863 ecclesiasticarum

110 3881 246 3937 studium
272 3878 483 3943 excitaretur3
513 3884 631 3933 remota
658 3892 732 3931 vero
758 3878 837 3933 ratio
861 3893 1010 3948 expressa
1034 3883 1083 3932 est
1108 3877 1212 3932 titulo:
1241 3876 1357 3932 Oriens

111 3951 288 4006 catholicus.

210 4022 241 4077 0.
271 4012 485 4075 Bonnmcrah:
514 4014 762 4087 Xpncrnanacrtnir
790 4018 797 4070 i
826 4013 1145 4087 anrnxpncnuanseirnir
1175 4016 1357 4083 chaideruna,

110 4104 295 4160 anpnponna
315 4086 484 4157 ncplnnicna
503 4088 510 4139 i
529 4088 723 4141 aasncnmicm,
742 4088 891 4141 utinoaora
911 4104 992 4141 nona.
1012 4084 1251 4155 0.Voljanskij:
1273 4084 1361 4148 Quae

112 4157 148 4213 de
174 4160 271 4215 rebus
300 4154 451 4213 humanis
489 4160 625 4212 statuant
659 4154 819 4211 christiani
851 4162 882 4211 et
913 4154 1156 4211 christianorum
1184 4152 1361 4209 adversarii

111 4227 194 4283 etde
212 4226 351 4285 naturali
371 4225 546 4294 imparitate
565 4230 595 4281 et
608 4224 815 4295 dependentia
835 4225 976 4281 mulieris
995 4227 1078 4347 (paff.
1097 4224 1205 4291 5-19).

211 4298 236 4353 V
272 4295 427 4364 Fedyv:
448 4295 635 4365 (Bonounamp
655 4296 776 4363 atenim)
796 4296 924 4351 Maeona.
940 4294 1030 4348 -De
1062 4292 1190 4349 catomis
1210 4291 1363 4359 (drance-

116 4368 286 4427 murariim)
309 4380 381 4435 pag.
400 4364 511 4419 21-34.

212 4436 246 4491 F.
266 4434 425 4493 Grivec:
447 4434 536 4489 l'onoe
555 4451 610 4505 npo
629 4434 705 4487 nami
727 4434 868 4503 uepnosal
887 4435 1054 4500 ainnocnmr.
1068 4430 1177 4485 -Vox
1191 4444 1249 4499 pro
1264 4427 1363 4484 rebus

118 4506 229 4561 nostris
249 4501 477 4561 ecclesiasticis.

214 4576 252 4630 ln
272 4570 506 4643 bibliographia
526 4575 606 4655 (pag.
626 4572 745 4637 itt—44)
768 4572 906 4642 »Vshyd«
929 4584 1045 4641 magno
1063 4574 1134 4625 cuin
1152 4566 1266 4637 gaudio
1290 4578 1365 4618 con—

118 4648 252 4710 spectum
273 4647 422 4699 nostrum
446 4640 594 4698 -Slamcm
617 4642 775 4697 salutavit.
