3450 5342
794 376 985 431 -238-

266 561 317 616 hic
338 560 466 630 supplet
487 560 594 629 enom]
615 559 824 629 prohibentur
842 559 970 627 nubere,
989 558 1112 629 placuit,
1131 561 1165 612 ut
1183 557 1382 627 inquantum
1401 560 1513 625 potest,

266 647 308 754 clo
319 630 484 685 nsilium
504 629 549 685 eis
564 628 665 695 detur,
684 644 722 683 ne
736 627 917 683 viventibus
932 628 1087 684 uxoribus
1101 626 1176 694 suis,
1196 626 1288 682 licet
1306 624 1513 693 adulteris,

265 700 345 755 aias
365 699 428 754 acci
452 699 539 754 iant«

376 715 547 825 Goiiciliuin
570 767 869 822 illiberitanum
889 782 935 821 cii.
954 768 987 822 9:
1010 765 1143 822 aFidelis
1161 764 1315 830 femina,
1334 764 1514 835 quaeadul-

266 845 368 893 terum
392 839 538 893 maritum
569 835 730 906 reliquerit
753 836 878 891 fidelem
907 842 937 891 et
966 836 1097 891 alterum
1128 834 1221 902 ducit,
1240 834 1454 903 prohibeatur.
1475 848 1513 889 ne

266 908 382 963 ducat«
406 908 489 977 {Sola
510 906 622 962 muller
646 905 749 960 denuo
777 906 897 960 nubere
927 912 1060 969 vetatur,
1088 919 1278 975 quamquam
1309 903 1412 957 minor
1430 908 1514 958 certe

266 993 328 1033 non
347 978 407 1033 tuit
425 978 464 1031 de
485 977 553 1031 viro
571 976 747 1045 dubitatiol.

374 1046 546 1103 Concilium
575 1045 801 1114 agathense
829 1045 914 1111 (506),
934 1058 980 1097 cn.
999 1044 1049 1097 25:
1073 1042 1129 1097 »ui
1150 1056 1225 1097 vero
1254 1042 1438 1103 saeculares.
1457 1040 1513 1111 qui

267 1117 358 1171 coniu
383 1116 430 1171 ale
449 1115 642 1170 consortium
662 1114 754 1195 culpa
772 1113 919 1183 graviore
947 1112 1109 1167 dimittunt
1130 1110 1288 1166 ueletiam
1315 1111 1512 1175 dimiserunt,

267 1192 298 1241 et
325 1133 428 1241 nu‘ilas
459 1200 571 1241 causas
608 1182 731 1238 discidii
764 1181 970 1252 probabiliter
998 1188 1218 1251 proponentes,
1255 1186 1421 1251 propterea
1455 1195 1513 1235 sua

267 1254 467 1310 matrimonia
487 1253 660 1317 dimittunt,
679 1259 714 1308 ut
732 1256 786 1309 aut
805 1252 910 1307 illicita
929 1256 982 1305 aut
1001 1250 1100 1307 aliena
1142 1255 1323 1305 raesumant
1342 1251 1414 1319 [non
1441 1248 1513 1305 siin-

266 1325 403 1448 pliciter:
425 1324 479 1394 qui
506 1323 637 1378 dimissa
661 1337 761 1377 uxore
787 1321 878 1376 aliam
908 1320 1078 1390 accipiunt;
1098 1266 1139 1376 ci.)
1157 1320 1292 1380 Tertull..
1313 1318 1345 1375 G.
1365 1318 1513 1375 Marcion.

278 1436 284 1449 .
303 1396 327 1462 t,
346 1410 371 1449 c.
389 1394 445 1463 341,
465 1392 492 1447 si
507 1398 671 1461 antequam
686 1392 770 1461 apud
786 1391 892 1461 episco
916 1406 952 1445 os
966 1389 1245 1459 comprovinciales
1263 1388 1386 1445 discidii
1400 1403 1511 1444 causas

265 1463 404 1519 dixerint
422 1468 453 1519 et
472 1464 562 1533 prius
583 1476 708 1529 uxores,
736 1476 829 1531 quarn
851 1460 882 1515 iu
907 1459 965 1515 icio
984 1461 1174 1515 damnentur
1192 1458 1369 1525 abiecerint,
1394 1474 1413 1513 a
1432 1474 1513 1513 com·

265 1532 415 1588 munione
434 1531 579 1587 ecclesiae
599 1573 606 1585 .
625 1572 631 1585 .
651 1572 657 1585 .
677 1530 907 1586 excludantur«

369 1603 485 1657 Verum
506 1607 563 1669 est,
582 1599 771 1669 comparatis
800 1599 850 1654 liis
877 1599 1010 1653 decretis
1038 1614 1107 1653 cuni
1140 1599 1264 1653 decreto
1294 1597 1386 1653 Corio.
1418 1597 1513 1653 Foro

266 1671 398 1727 intensis
418 1670 591 1725 desiderari
611 1669 720 1725 saltem
740 1670 859 1724 clarum
887 1668 940 1735 rei,
961 1683 1035 1723 sane
1054 1683 1116 1723 non
1145 1669 1185 1722 ab
1203 1668 1289 1722 omni
1317 1667 1513 1723 dubitatione

265 1740 391 1807 alienae,
410 1741 442 1795 in
463 1740 623 1809 prioribus
642 1738 780 1794 conciliis
798 1738 1009 1794 interdictum.
1034 1770 1056 1777 -

372 1809 409 1864 In
429 1809 561 1891 epistola
580 1807 726 1864 Leonis
747 1808 770 1863 I.
789 1810 828 1863 ad
848 1808 1013 1877 episcopos
1030 1822 1086 1877 per
1102 1806 1319 1862 Mauritaniam
1340 1804 1512 1861 caesarien·

210 1936 215 1942 ,
267 1896 332 1936 seni
353 1885 540 1935 constitutos
560 1878 637 1933 nihil
656 1875 843 1944 affirmatur,
863 1878 948 1947 quod
968 1878 1028 1933 liuc
1042 1877 1203 1946 pertineat,
1220 1876 1274 1931 sed
1290 1879 1411 1931 tantum
1427 1875 1512 1931 aliud

267 1950 400 2005 verbum
424 1949 592 2003 adhibetur
611 1954 704 2017 atque
723 1946 809 2012 illud,
827 1946 909 2015 quod
926 1946 1079 2002 sententia
1097 1951 1128 2001 et
1147 1961 1225 2001 usus
1245 1945 1339 2000 liuius
1359 1946 1512 2014 temporis

268 2018 395 2074 videtur
413 2017 582 2087 postulare.
603 2017 685 2087 ,Eos
703 2016 796 2083 enirn,
815 2017 870 2085 qui
889 2016 938 2071 vel
959 2016 1113 2071 secundas
1137 2016 1263 2085 nuptias
1288 2014 1435 2083 inierunt,
1463 2015 1512 2070 vel

268 2088 435 2143 viduarum
457 2103 490 2143 se
510 2085 655 2157 coniugio
677 2086 837 2140 sociarunt
856 2101 949 2141 neca
973 2086 1101 2140 ostolica
1124 2099 1181 2139 nec
1205 2084 1314 2153 legalis
1342 2084 1513 2140 auctoritas

268 2156 477 2212 sacerdotium
497 2156 639 2211 obtinere
658 2155 826 2225 permittit:
847 2160 878 2209 et
897 2102 995 2210 mnfto
1015 2154 1115 2225 magis
1135 2154 1231 2219 illum,
1249 2154 1275 2208 si
1291 2153 1385 2209 inerit
1405 2159 1513 2209 vestro

266 2225 381 2283 iudicio
410 2226 600 2293 confutatus,
628 2225 682 2295 qui
702 2223 783 2279 sicut
808 2224 847 2279 ad
868 2240 925 2279 nos
946 2224 1077 2280 relatum
1104 2232 1160 2291 esi,
1185 2224 1319 2280 duarum
1346 2223 1440 2279 simul
1465 2230 1514 2278 est

268 2296 400 2351 maritus
419 2311 551 2351 uxorum
574 2295 727 2364 [prolecto
747 2309 809 2348 non
825 2294 905 2350 sicut
925 2296 956 2349 iii
975 2294 1009 2349 V.
1029 2294 1074 2363 T.]
1095 2294 1156 2348 vel
1175 2294 1270 2361 illum,
1290 2292 1344 2362 qui
1358 2294 1398 2348 ab
1414 2308 1513 2348 uxore

266 2365 418 2421 dImissus
434 2366 526 2435 [noni
546 2364 643 2434 quia
662 2364 704 2419 ub
725 2378 754 2417 u.
773 2363 955 2433 dlalteram
969 2363 1100 2419 duxisse
1113 2363 1305 2433 perhibetur,
1321 2363 1511 2431 privandum

266 2436 384 2490 honore
404 2434 627 2489 decernimus«

369 2572 452 2637 unas
466 2574 663 2642 quaesitum
676 2576 893 2632 controversas
910 2584 981 2630 iii·
993 2570 1075 2631 liitai·
1093 2570 1262 2630 eatballm
1280 2575 1312 2632 et
1326 2572 1513 2631 orthodoxos

265 2642 360 2702 Rusti
379 2642 473 2723 vulgo
492 2642 663 2711 sumentur.
702 2642 770 2697 Hoc
794 2648 936 2710 tempore
958 2640 1095 2711 »otlii'iija
1124 2645 1209 2695 otstu
1233 2640 1326 2711 lenija
1347 2647 1379 2696 ot
1399 2643 1513 2697 Pravo-

267 2712 420 2781 slavnago
439 2710 670 2795 ispovedanija«
691 2711 723 2766 in
743 2712 839 2767 rebus
860 2710 1060 2780 ’dogmaticis
1080 2714 1109 2764 et
1130 2658 1317 2767 moraiibum
1341 2712 1448 2781 paucis
1467 2728 1514 2766 ex-

268 2781 368 2836 hiberi
389 2780 490 2835 solent
509 2781 607 2849 (velut
626 2797 656 2835 in
677 2779 887 2843 Kalendariisl
907 2779 965 2833 hoc
985 2780 1095 2834 modo:

374 2854 397 2904 1.
424 2849 545 2919 Dogma
570 2851 609 2906 de
633 2852 832 2919 processione
857 2848 994 2919 Spiritus
1021 2864 1044 2903 s,
1070 2864 1087 2903 a
1114 2848 1206 2904 Patre
1234 2856 1270 2904 et
1299 2850 1409 2905 Filio.
1447 2852 1514 2905 Hoc

268 2920 384 2989 dogma
412 2920 442 2973 in
473 2920 652 2989 symbolum
681 2920 755 2975 fidei
783 2919 924 2973 additum
955 2924 1010 2985 est,
1039 2919 1127 2973 cuius
1155 2918 1304 2974 articulus
1334 2920 1420 2974 VIII.
1449 2926 1512 2975 est:

267 2990 385 3054 (credo)
406 2994 436 3043 et
446 3004 491 3113 (rint
506 2988 656 3058 Spiritum
677 3004 700 3044 s.
720 2989 887 3045 Dominum
908 2992 939 3042 et
957 2987 1177 3055 vivificantem,
1203 2988 1257 3059 qui
1276 3002 1293 3043 a
1314 2989 1405 3044 Patre
1425 2989 1514 3044 Filio-

292 3074 330 3113 ne
375 3073 445 3112 roce
468 3074 498 3113 i.

269 3075 288 3128 q
351 3074 401 3180 pt.
431 3126 550 3197 Dogma
580 3127 617 3182 de
647 3127 897 3182 immaculata
925 3127 1075 3196 DeIparae
1103 3127 1367 3195 conceptione,
1395 3143 1422 3182 a.
1447 3130 1513 3185 1854

272 3196 513 3334 sitistis
533 3196 602 3320 ἓξὲξ
620 3198 767 3320 lissi?
787 3196 1514 3335 littitlstiistiriis”itis‘ist

272 3334 352 3390 nalis
378 3336 543 3405 particeps,
567 3335 652 3405 quod
672 3336 712 3390 ab
732 3308 851 3389 A'damo
870 3335 910 3389 ad
929 3350 1039 3389 omnes
1064 3334 1207 3389 homines
1256 3340 1438 3405 repagatum
1459 3284 1506 3392 egi

376 3406 400 3460 3.
421 3405 542 3474 Dogma
561 3405 600 3459 de
618 3403 912 3459 infallibilitate
931 3419 1053 3473 papae
1071 3406 1109 3471 (a.
1130 3405 1217 3473 1870).
1265 3404 1397 3459 rimatus
1417 3421 1515 3477 papae

272 3474 311 3529 ad
333 3490 458 3529 omnem
479 3474 639 3528 ecclesiam
659 3480 689 3530 et
708 3474 813 3529 omnia
832 3474 899 3529 eius
921 3474 1070 3542 membra,
1090 3472 1181 3528 etiam
1202 3474 1393 3529 heterodoxa
1412 3480 1515 3531 exten·

273 3544 367 3598 ditur.
389 3545 481 3613 Papa,
501 3558 645 3597 summus
664 3543 756 3598 iudex
775 3544 912 3598 omnium
925 3543 1063 3597 fidelium
1078 3543 1169 3598 estin
1184 3544 1280 3599 rebus
1293 3544 1516 3600 ecclesiasticis.

274 3613 417 3667 Potestas
437 3612 505 3667 eius
527 3614 625 3666 maior
638 3618 686 3667 est
699 3629 792 3682 quani
813 3617 954 3694 potestas
974 3614 1065 3681 ivyse
1084 3610 1189 3693 vlastil
1209 3612 1409 3668 conciliorum
1430 3630 1517 3669 oecu-

275 3682 478 3748 menicorum;
499 3682 619 3736 decreta
637 3683 705 3737 etus
723 3681 895 3736 infallibilia
916 3688 997 3737 sunt.
1019 3681 1092 3751 Ipse
1107 3682 1186 3736 Petri
1200 3682 1332 3751 apostoli
1347 3698 1517 3749 successor,

276 3750 391 3805 Christi
411 3751 546 3805 vicarius
566 3757 622 3805 est.

380 3822 405 3899 4:
425 3820 572 3874 Doctrina
590 3820 629 3874 de
648 3820 837 3889 operibus
858 3820 1229 3890 supererogatoriis
1249 3820 1516 3890 <sverleolinyht

277 3886 415 3941 Ecclesia
439 3888 587 3943 catholica
612 3889 701 3944 docet
726 3890 882 3944 hominem
911 3890 1062 3944 sacrificio
1088 3889 1204 3945 Christi
1231 3889 1346 3944 Redem
1372 3888 1451 3944 toris
1476 3892 1516 3945 ab

275 3956 410 4010 aeternis
421 3957 530 4024 poenis
546 3958 661 4026 peccati
673 3958 837 4013 liberatum
849 3974 936 4024 esse,
953 3959 1067 4014 debere
1079 3963 1191 4027 autem,
1207 3958 1246 4012 ad
1262 3958 1338 4013 satis
1353 3959 1515 4015 selendum

275 4024 399 4079 divinae
411 4026 538 4080 iustitiae
552 4042 666 4095 poenas
678 4027 867 4097 temporales
882 4028 1021 4097 perterre
1036 4028 1129 4096 (mala
1144 4028 1329 4097 temporalia,
1338 4028 1516 4097 epitimias).

277 4094 362 4157 Quas
381 4109 499 4162 poenas
518 4111 612 4163 posse
630 4096 737 4165 effugi,
759 4098 848 4157 Eum.
868 4098 919 4165 qui
937 4098 1031 4152 vitain
1052 4098 1181 4151 honeste
1201 4098 1272 4167 agit,
1292 4112 1355 4152 non
1369 4098 1516 4153 mandata

276 4161 377 4216 solnm
399 4164 454 4218 sed
474 4162 566 4217 etiarn
586 4166 713 4220 consilia
731 4165 907 4235 evangelica
928 4170 1041 4233 servat,
1066 4168 1286 4221 anecessitate
1305 4182 1422 4236 poenas
1442 4172 1516 4223 teui-

278 4230 402 4300 porales
435 4233 590 4287 subeundi
620 4233 753 4289 liberari.
791 4235 927 4289 Consilia
957 4236 1135 4305 evangelica
1168 4240 1389 4306 exsequentem
1424 4252 1519 4293 ocra

277 4304 410 4368 patrare,
420 4316 510 4381 'quae
530 4302 747 4358 mandatorum
767 4304 925 4373 postulata
945 4311 1094 4373 superent
1114 4306 1410 4376 (supererogatoria).
1459 4322 1516 4361 nae

277 4384 381 4449 opera,
401 4386 455 4436 eis,
474 4371 618 4439 aquibus
637 4372 725 4439 fiunt,
745 4373 886 4427 altiorem
907 4375 1040 4443 gradum
1062 4374 1264 4429 beatitudinis
1283 4380 1427 4431 aeternae
1445 4375 1518 4430 aile-

278 4439 556 4519 rentia,·thesauro
575 4440 757 4496 meritorum
777 4442 923 4497 ecclesiae
942 4443 1046 4511 inseri,
1064 4443 1148 4499 unde
1167 4458 1256 4525 papa,
1276 4448 1310 4499 ut
1323 4449 1416 4514 caput
1428 4445 1518 4501 eccle·

278 4520 350 4587 siae,
372 4523 425 4574 eis,
445 4507 505 4588 qui·
519 4509 655 4577 propriis
675 4511 765 4565 bonis
785 4528 803 4565 o
827 4511 934 4566 eribus
954 4518 1067 4580 carent,
1088 4514 1289 4582 suppeditare
1309 4513 1418 4583 possit.
1439 4514 1519 4569 Hinc

277 4576 555 4646 indulgentiae
582 4582 669 4632 ortae
688 4586 770 4634 sunt.
805 4527 1023 4650 indulgendae
1043 4588 1117 4637 sunt
1135 4583 1280 4637 remissio
1299 4583 1347 4637 vel
1368 4583 1519 4653 mitigatio
