3450 5342
717 433 757 439 —
783 400 843 455 :lll'i'
871 432 913 441 -

186 594 312 645 mortem
336 584 367 656 (2
391 586 458 643 'l'im
483 588 511 654 1,
536 586 587 658 el:
611 606 648 644 ex
675 591 690 645 1
715 586 812 646 'l'bess
843 591 871 653 4.
904 591 942 646 li
974 586 1135 647 discrimen
1166 588 1220 645 hoc
1242 586 1436 647 beatitudiuis

186 672 378 731 manifestum
402 684 462 734 est:
487 692 555 731 nam
579 684 647 732 ante
672 677 914 733 resurrectionem
946 677 1064 735 animae
1086 696 1146 733 uon
1168 684 1236 733 sunt
1259 678 1324 735 siue
1347 677 1437 732 inter·

186 760 328 817 missione
359 758 438 837 apud
469 759 619 818 Christum
655 760 708 837 lei:
743 761 920 841 ἀπάντησιν,
953 762 1112 839 πάντοτε),
1148 760 1300 820 beatitudo
1334 781 1435 820 earnm

120 850 123 857 ’
185 848 330 903 minuitur
352 847 440 904 etiem
472 857 589 924 propter
619 846 792 907 relationem
823 847 861 907 nd
892 848 1028 907 homines
1057 850 1088 906 in
1119 858 1198 907 statu
1226 851 1294 907 riae
1325 850 1435 927 positos

185 934 244 1005 (Le
270 934 316 1003 16,
342 934 380 989 13
407 930 478 1009 laic,
503 948 543 995 Ξ
568 932 677 1011 23111ε
701 954 796 1012 neque
827 955 940 1013 poenae
970 934 1174 995 damnatorum
1199 947 1268 993 ante
1291 955 1435 993 resurrec-

185 1022 298 1079 tionem
321 1018 498 1098 (ὀόυνῶμαι
521 1020 564 1079 Le
590 1024 637 1086 16,
662 1016 716 1101 24)
740 1020 860 1080 eaedem
882 1031 951 1081 sunt
972 1042 1007 1081 ac
1029 1032 1153 1101 postea,
1177 1020 1211 1103 c)
1236 1025 1267 1081 in
1289 1043 1332 1095 eo,
1356 1021 1435 1101 quod

184 1117 252 1185 post
275 1108 516 1165 resurrectionem
539 1110 594 1166 erit
618 1128 725 1167 uorum
748 1108 862 1167 caelum
885 1123 915 1167 et
938 1130 1016 1167 nova
1038 1122 1125 1167 terra.

298 1193 377 1251 Hine
409 1195 540 1271 seqnitur
570 1205 635 1273 post
665 1203 788 1255 mortem
828 1198 928 1254 statim
965 1197 1029 1255 fieri
1068 1195 1245 1274 particulare
1284 1195 1433 1275 quoddam

185 1280 327 1339 iudicium
350 1278 474 1360 (μερικι)
497 1303 539 1349 τις
561 1281 680 1361 κρίσις),
712 1303 769 1360 quo
802 1282 929 1341 relativa
958 1282 1107 1363 (σχετική)
1131 1280 1283 1341 beatitudo
1305 1282 1353 1341 rel
1377 1284 1431 1341 rni-

185 1369 265 1427 seria
298 1368 415 1425 animae
448 1366 579 1426 defuncti
613 1368 789 1429 decernitur.
820 1370 855 1429 In
887 1370 1016 1429 11111111
1049 1390 1120 1429 vero
1154 1368 1267 1428 Christi
1301 1369 1433 1429 adventu

186 1453 329 1512 iudicium
358 1453 501 1522 ultimum,
532 1455 687 1513 terminale
721 1456 752 1536 (ἡ
776 1456 876 1537 celim)
899 1455 1011 1535 κρίσις)
1034 1457 1092 1527 fiet,
1117 1456 1195 1535 qnod
1217 1457 1322 1516 inutile
1345 1465 1432 1530 esset,

184 1542 212 1600 si
234 1544 316 1620 prius
339 1550 489 1599 aeternum
512 1540 646 1621 (τελική),
669 1554 698 1601 11
721 1546 884 1621 praemium
908 1544 956 1601 rel
978 1564 1074 1623 poena
1096 1564 1131 1603 eo
1154 1546 1314 1603 constituta
1344 1544 1433 1622 plena

185 1640 265 1687 esset
289 1628 329 1705 (p.
353 1629 415 1703 24).

296 1713 411 1790 Quibus
434 1715 576 1791 expositis
599 1717 760 1775 occurritur
783 1719 827 1787 iis,
851 1737 927 1796 quae
948 1719 1056 1796 opponi
1080 1717 1194 1775 solent:
1219 1716 1304 1775 Hehr
1327 1718 1355 1785 9,
1380 1719 1433 1791 27;

189 1804 238 1871 12,
262 1804 319 1873 233
343 1800 413 1859 Phil
438 1805 464 1871 1,
489 1802 546 1875 233
573 1806 586 1859 1
614 1802 672 1861 Cor
696 1806 723 1873 5,
750 1806 805 1863 10:
830 1805 957 1875 Romo,
981 1808 1009 1862 7.
1029 1805 1148 1862 —h'ec
1173 1806 1191 1861 2
1215 1804 1275 1862 Cor
1297 1806 1325 1875 5,
1350 1805 1434 1861 6-8

186 1888 235 1956 (cf.
259 1910 286 1967 p.
312 1888 364 1965 66)
388 1886 573 1947 adversarios
607 1890 696 1961 iuvat,
720 1892 790 1968 quia
814 1926 852 1935 ——
878 1892 946 1950 aliis
976 1893 1092 1949 omissis
1114 1922 1158 1935 --
1179 1892 1271 1949 etiam
1293 1892 1324 1948 in
1348 1909 1434 1967 para·

185 1976 251 2035 diso
273 1976 381 2034 inferni
405 1972 470 2055 (τοῦ
487 1974 617 2045 Ἅιδου),
640 1979 757 2035 animae
781 1978 901 2037 Christo
919 1980 1093 2037 coniunctae
1115 1998 1180 2035 esse
1203 1986 1333 2055 possunt,
1358 1978 1434 2034 sicut

189 2066 249 2123 iam
273 2067 304 2124 in
326 2072 405 2121 terre
428 2070 505 2121 sunt.
527 2060 743 2123 liifficultatem
765 2085 881 2124 omnem
905 2064 976 2125 inde
998 2067 1067 2123 oriri
1083 2066 1243 2135 existimat,
1266 2063 1344 2142 qnod
1366 2082 1436 2141 apo-

185 2151 254 2211 stoli
278 2162 307 2215 et
329 2150 416 2229 primi
440 2148 595 2207 christiani
618 2146 667 2224 (cl.
691 2150 863 2229 Atzberger,
881 2150 979 2229 9811.)
997 2152 1149 2211 Christum
1168 2150 1251 2209 brevi
1273 2149 1433 2209 rediturum

189 2260 253 2299 esse
277 2246 430 2322 sperantes
452 2244 561 2293 statum
584 2238 806 2298 interiacentem
831 2239 1032 2317 negligebant.

298 2324 489 2408 Testgmonia
517 2322 686 2383 traditionis
711 2327 871 2385 afferuntur
902 2346 941 2384 en
970 2324 1082 2389 Iustino
1112 2324 1204 2403 (Dial.
1225 2345 1250 2382 c.
1271 2324 1386 2403 Tryph.
1410 2344 1438 2402 p.

185 2415 272 2495 307),
292 2418 427 2479 Irenaeo
449 2410 496 2491 (C.
519 2413 599 2477 haer,
622 2416 663 2490 4),
685 2413 871 2473 Tertulliano
895 2413 955 2484 (De
977 2414 1077 2471 anima
1099 2433 1123 2470 c.
1148 2407 1210 2492 55).
1242 2413 1283 2472 11.
1307 2410 1439 2490 Chryso-

186 2514 280 2563 stomo
304 2506 403 2583 (Hom.
428 2504 468 2559 28
492 2504 523 2559 in
547 2501 652 2581 Hebr.)
675 2502 840 2571 Lactantio,
864 2499 1032 2569 Ambrosio,
1057 2498 1164 2578 quibus
1186 2497 1336 2557 adduntur
1362 2496 1433 2570 ,καὶ

188 2592 218 2653 οἱ
239 2591 371 2654 πλεῖστοι
393 2594 456 2651 τῶν
478 2591 624 2667 πατέρων
645 2594 699 2668 τῆς
722 2588 894 2669 ἐκκλησίας.
1257 2655 1270 2673 v
1369 2656 1380 2669 .

295 2675 343 2737 11⁰
365 2678 460 2757 capite
492 2672 533 2756 (p.
565 2677 704 2753 27-35)
737 2677 834 2753 agitur
857 2673 894 2732 de
917 2672 1052 2733 doctrina
1076 2672 1111 2731 V.
1133 2672 1170 2729 Τ.
1194 2671 1231 2729 de
1255 2671 1331 2732 Seol.
1366 2671 1434 2728 scol

187 2768 217 2824 in
241 2764 314 2825 duas
337 2772 435 2844 partes
458 2760 663 2821 dividebatur:
694 2760 862 2840 paradisum
888 2782 939 2819 seu
962 2763 1059 2819 sinum
1084 2758 1225 2818 Abrahae
1248 2778 1300 2837 pro
1322 2760 1382 2837 piis
1404 2766 1435 2815 st

184 2852 353 2930 gehennam
376 2871 428 2930 pro
451 2849 545 2907 malis.
569 2850 645 2907 Boni
668 2848 884 2907 beatitudiuem
914 2848 1042 2907 futuram
1072 2854 1226 2923 gustantes
1257 2855 1378 2903 manent
1401 2845 1433 2903 in

184 2938 323 3018 paradiso
345 2956 438 3016 usque
460 2935 498 2995 ad
521 2938 763 2995 resurrectionem
789 2970 827 2979 -
852 2934 891 2993 ad
914 2936 1070 2993 transitum
1093 2936 1125 2992 in
1146 2931 1317 3011 paradisum
1348 2951 1434 3009 supe-

184 3028 300 3097 riorem,
324 3028 355 3085 in
379 3024 510 3097 caelum,
534 3023 604 3083 mali
629 3032 750 3081 manent
773 3025 805 3081 iu
828 3022 967 3100 gehenna
989 3024 1021 3079 in
1044 3031 1206 3079 aeteruum.

294 3108 359 3171 111⁰
381 3113 477 3190 capite
500 3108 540 3189 (p.
564 3107 705 3189 35-511)
735 3108 894 3169 descensus
922 3108 1035 3166 Christi
1057 3110 1089 3165 in
1112 3106 1260 3165 infernum
1282 3112 1433 3163 tractatur.

184 3200 293 3261 Paucis
316 3200 388 3258 locis
412 3200 572 3276 scripturae
595 3216 694 3257 sacrae
718 3196 826 3273 dogma
848 3196 904 3253 hoc
926 3197 1109 3253 continetur:
1134 3214 1195 3251 uon
1217 3191 1435 3250 demonstratur

184 3286 258 3345 loeis
282 3288 326 3345 Mt
351 3288 399 3357 12,
422 3288 482 3358 403
505 3285 580 3343 Rom
607 3286 654 3345 10.
679 3286 715 3357 e,
740 3283 808 3361 Eph
832 3285 860 3352 4,
885 3284 921 3346 8ς
945 3281 997 3339 sed
1020 3274 1135 3339 tantum
1158 3280 1192 3339 Io
1216 3280 1265 3349 20,
1291 3281 1329 3336 17
1344 3301 1350 3340 :
1375 3279 1435 3335 Aet

186 3374 214 3443 2,
238 3376 299 3445 27ς
323 3374 366 3431 Lo
390 3374 439 3441 23,
464 3373 524 3446 433
551 3374 567 3429 1
592 3371 648 3429 Pet
671 3372 699 3442 3,
725 3372 763 3429 19
788 3370 826 3448 (p.
851 3371 1001 3440 38-44),
1027 3371 1042 3425 l
1066 3367 1122 3425 Pet
1138 3369 1166 3437 4,
1184 3368 1211 3423 6.
1228 3364 1304 3423 Cum
1321 3364 1434 3422 Christi

185 3458 345 3519 descensus
368 3462 399 3517 in
422 3457 571 3518 infernum
594 3479 628 3517 eo
651 3466 805 3536 spectaret,
829 3466 860 3515 ut
883 3456 1011 3514 ethnicis
1038 3453 1228 3530 evangelium
1250 3449 1435 3529 praedicare·

184 3554 240 3618 tur,
263 3566 383 3606 neccsse
406 3555 523 3605 111111
546 3547 681 3605 converti
710 3546 839 3623 potuisse
870 3542 909 3622 (p.
941 3543 1004 3620 47).
1033 3542 1135 3599 Etiam
1166 3540 1249 3610 alios,
1272 3537 1378 3616 quibus
1401 3538 1434 3597 in

184 3632 241 3691 hac
264 3636 328 3691 vita
349 3631 550 3712 praedicatum
574 3652 633 3691 nou
656 3640 708 3703 111,
732 3631 921 3709 evangelium
952 3628 1102 3688 audituros
1125 3647 1189 3685 1111
1212 3635 1279 3705 post
1308 3634 1432 3683 mortem

186 3719 256 3779 hinc
279 3730 393 3779 tantum
416 3721 510 3779 conici
534 3728 647 3799 potest,
670 3718 759 3797 idque
783 3721 845 3777 inre
869 3718 1027 3782 conicitur:
1052 3736 1112 3773 non
1135 3716 1215 3773 enim
1238 3720 1291 3785 111,
1314 3731 1365 3769 cnr
1387 3731 1433 3769 so-

185 3806 246 3865 lum
269 3808 360 3866 semel
382 3805 584 3886 praedicatum
607 3807 646 3866 sit
668 3805 856 3883 evangelium
879 3807 912 3862 in
934 3804 1059 3863 inferno.
1092 3802 1119 3859 Ε
1146 3806 1160 3859 1
1186 3801 1243 3859 Ρ11
1265 3802 1294 3872 4,
1319 3800 1337 3857 6
1361 3819 1432 3858 vero

186 3894 369 3953 concluditur
390 3894 460 3963 fore,
483 3903 514 3951 ut
538 3902 606 3951 aute
629 3891 770 3951 iudicium
794 3892 961 3951 universale
984 3888 1120 3949 omnihus
1135 3887 1325 3965 evangelium
1349 3887 1433 3945 iuno·

185 3990 287 4051 tescat,
310 3981 417 4059 quibus
441 3979 472 4039 id
494 3982 526 4039 in
550 3980 605 4039 hac
627 3989 706 4039 terra
728 4000 787 4037 non
811 3980 977 4055 contigerit.

292 4068 319 4127 E
342 4067 481 4127 Patribus
505 4066 616 4125 Christi
640 4068 672 4125 iu
695 4066 843 4125 infernum
877 4064 1050 4124 descensum
1081 4071 1227 4121 testantur
1248 4061 1433 4139 Polycarpus

186 4154 226 4231 (l,
251 4152 290 4234 2),
314 4156 448 4232 ignatius
472 4153 584 4231 (Magn.
609 4154 636 4223 9,
661 4149 701 4231 3),
724 4153 853 4211 Hermas
878 4150 963 4229 (Sim.
987 4154 1014 4223 9,
1040 4152 1078 4209 16
1102 4170 1181 4207 cum:
1204 4147 1345 4226 apostolis
1368 4145 1435 4204 des·

184 4240 305 4319 cendit),
329 4242 431 4300 Melite
455 4239 548 4313 ilerd,
571 4242 701 4301 Iustinus
725 4240 817 4320 (Dial.
841 4237 904 4318 99).
927 4238 1110 4317 Hippolytus
1134 4232 1195 4317 (De
1210 4234 1348 4293 Antichr.
1372 4234 1434 4291 45:

184 4329 274 4388 etiam
305 4329 347 4388 Io.
371 4330 456 4407 Bapt.
483 4348 517 4386 eo
548 4326 709 4397 descendit,
741 4326 931 4406 praecursor),
964 4326 1103 4384 Clemens
1133 4323 1223 4381 Alex.
1254 4321 1375 4401 (Strom.
1405 4321 1433 4393 2,

186 4417 225 4489 93
250 4418 277 4487 6,
301 4418 340 4475 61
364 4436 431 4475 curn
454 4414 606 4493 discipulis
629 4412 872 4493 baptizantibus).
895 4412 971 4472 Cum
994 4412 1046 4471 alii
1069 4413 1212 4471 iustorum
1235 4427 1324 4467 causa
1347 4406 1434 4465 Chri·

184 4512 261 4561 stum
284 4522 318 4561 eo
341 4500 530 4561 descendisse
553 4503 726 4561 existiment
757 4502 853 4573 (iren,
886 4501 976 4557 Haer.
1007 4501 1035 4569 4,
1068 4500 1125 4570 273
1148 4496 1240 4568 Tert,
1263 4495 1310 4552 De
1333 4494 1434 4551 anima

186 4590 213 4651 7.
248 4590 288 4647 55
323 4584 391 4667 111.)
433 4588 485 4647 alii
518 4589 773 4647 universalitatem
814 4586 1044 4666 praedicationis
1085 4593 1115 4642 et
1156 4582 1260 4642 salutis
1300 4586 1432 4639 statuunt

185 4674 351 4751 (Athenas,
385 4675 474 4753 Greg.
505 4676 578 4735 Nea.
610 4675 709 4753 [Hom.
740 4678 790 4745 42,
822 4673 884 4753 59],
921 4668 1052 4753 1111111),
1087 4671 1139 4729 alii
1175 4666 1431 4729 universalitatem
