3450 5342
648 391 840 446 -111-

112 577 227 626 contra
246 578 397 695 negantes
416 570 597 627 historicam
617 572 809 628 authentiam
829 571 1011 642 Scripturas
1027 571 1148 628 Sacrae.
1164 571 1366 642 Quapropter

113 640 268 709 permulti
308 640 463 706 potitum
483 641 623 696 catholici
648 646 714 698 tum
735 641 896 698 acatholici
917 643 973 697 hac
992 642 1023 696 in
1044 657 1077 696 re
1096 641 1302 709 desudarunt,
1321 641 1365 695 ita

113 715 153 765 ut
172 710 309 766 existant
327 710 450 766 circiter
461 713 514 768 teo
531 717 703 781 systemata
716 711 936 782 chronologiae
951 711 1089 768 biblicae.
1109 709 1237 766 Maximi
1261 714 1364 766 autem

113 779 270 835 momenti
279 785 328 835 est
340 780 542 850 chronologia
553 781 635 836 vitae
648 780 782 848 Domini,
792 780 866 851 quia
877 781 916 836 ab
930 796 966 836 ea
976 780 1132 850 dependet
1144 780 1364 852 quaestionum

115 849 288 906 muitarum
304 865 476 920 earumque
488 850 634 920 gravium
649 850 772 917 solutio,
790 866 886 932 quam
907 849 1076 906 hodiedum
1095 854 1252 922 quaerunt
1270 848 1362 904 docti.

224 919 417 976 Gravitatem
437 919 482 975 rei
500 919 705 976 considerans
729 921 829 976 edidit
854 919 1041 976 Francisous
1070 919 1152 990 Fryt
1178 934 1258 988 opus
1288 919 1365 974 satis

114 988 258 1058 amplum
285 991 349 1057 (286
373 996 464 1060 pag),
488 989 537 1045 cui
564 989 674 1046 titulus
693 997 741 1046 est
763 990 989 1060 »chronologia
1015 989 1097 1044 vitae
1123 988 1272 1044 Domini«
1294 987 1366 1052 Quo

114 1055 149 1110 in
170 1073 265 1126 opere
283 1059 365 1114 clare
383 1063 413 1113 et
427 1059 502 1116 sclte
515 1060 580 1142 agit
592 1060 631 1114 de
644 1075 734 1124 auno,
754 1077 831 1130 quo
851 1059 1005 1115 Dominus
1026 1063 1117 1114 natus
1137 1058 1186 1122 eit,
1205 1058 1365 1128 quando

116 1127 275 1194 publicam
296 1128 393 1184 vitain
412 1128 769 1200 inceperitquamdiu
793 1145 860 1184 eam
887 1129 995 1252 aperit,
1021 1145 1096 1200 quo
1115 1143 1217 1184 auno
1235 1127 1362 1183 demum

120 1201 268 1278 mortuus
288 1197 337 1278 sit.
357 1197 470 1254 Omnia
488 1199 637 1270 congerit,
656 1215 736 1282 quae
755 1199 786 1254 iii
806 1199 900 1269 singu
911 1199 940 1282 is
953 1197 1131 1282 evangel-iis
1150 1197 1363 1278 inveniuntur,

115 1267 265 1406 titt?
278 1267 629 1396 titttttttuu
643 1267 1364 1410 tueletarestitutoriumutut

123 1378 301 1476 Magorum,
320 1408 360 1462 de
377 1407 531 1464 occisione
559 1380 735 1476 infantium,
758 1409 798 1464 de
818 1407 958 1475 Herode,
976 1407 1015 1488 de
1034 1379 1136 1462 reditu
1156 1407 1188 1461 in
1206 1405 1363 1488 ciritatem

116 1475 576 1616 ἷῖἓξῖἱῖῐίὃὲἰὲἒὲηυηῆαῐίοηο
589 1476 761 1534 nativitatis
775 1476 904 1532 Ioannis
920 1477 1087 1548 Baptistae,
1101 1476 1139 1531 de
1152 1475 1363 1545 descriptione

222 1633 393 1689 laudanda
411 1639 460 1690 cet
486 1635 663 1702 methodus,
690 1651 752 1706 que
780 1635 976 1690 clarissimus
1005 1637 1114 1688 auctor
1139 1632 1170 1687 iii
1197 1632 1363 1687 statuenda

113 1702 324 1772 chronologia
353 1703 436 1759 vitae
461 1703 587 1759 Domini
621 1704 729 1772 utitur,
754 1704 872 1775 quippe
891 1719 971 1774 quae
990 1703 1079 1758 unice
1098 1707 1181 1757 recta
1201 1702 1258 1756 hac
1276 1701 1308 1756 in
1329 1716 1362 1756 re

117 1771 194 1826 mihi
222 1772 375 1828 videatur.
403 1773 506 1830 Affert
539 1772 654 1830 scihcct
680 1774 826 1829 distincte
860 1773 965 1830 varias
1001 1772 1171 1828 sententias
1200 1770 1359 1826 variorum

115 1846 281 1898 auctorum
305 1858 376 1898 cum
402 1858 511 1899 eorum
537 1843 733 1914 argumentis
758 1842 936 1913 desumptis
964 1857 980 1897 c
1006 1842 1168 1910 Scriptura
1196 1840 1299 1908 Sacra,
1324 1855 1363 1896 ex

114 1911 346 1982 antiquissimis
365 1912 586 1982 monumentis,
605 1929 622 1970 e
639 1913 828 1969 testimoniis
854 1912 1043 1983 scriptorum
1064 1911 1274 1980 antiquorum,
1294 1915 1360 1964 tum

116 1979 361 2037 christianorum
376 1986 442 2038 tum
454 1997 516 2040 non
531 1982 822 2040 christianorumil
837 1982 967 2053 proprio
979 1979 1093 2036 iudicio
1106 1985 1215 2036 auctor
1228 1980 1362 2049 plerum·

115 2065 178 2120 que
188 2050 333 2120 abstinet,
352 2055 489 2108 attamen
499 2052 593 2108 adicit
602 2052 634 2108 in
645 2053 804 2108 nonnullis
814 2053 890 2108 locis
901 2051 1118 2107 adnotationes
1128 2048 1362 2120 explicationes·

115 2135 178 2189 quc
196 2135 272 2176 suas
305 2119 375 2186 Quo
393 2121 438 2189 fit,
457 2127 493 2178 ut
510 2122 607 2178 lector
653 2121 732 2178 ossit
752 2122 812 2179 sihi
830 2122 990 2190 iudicium,
1015 2119 1099 2190 quod
1125 2118 1185 2190 ipsi
1205 2119 1360 2189 optimum

115 2187 250 2255 videtur,
260 2205 451 2260 comparare.
471 2191 562 2256 Quod
581 2191 613 2247 iu
637 2192 730 2248 icium
750 2208 786 2248 eo
807 2192 918 2248 melius
937 2189 1059 2246 facilius
1084 2205 1122 2245 ue
1149 2193 1359 2259 comparatur,

138 2259 202 2314 uod
230 2265 340 2316 auctor
365 2261 524 2332 copiosam
552 2261 759 2318 litteraturam
788 2260 1045 2332 principaliorum
1061 2206 1225 2314 (lectorum
1251 2273 1268 2312 e
1296 2255 1361 2313 vita

166 2327 242 2384 mini
259 2329 363 2399 affert,
382 2345 551 2402 quaecum
570 2330 773 2402 chronologia
791 2331 897 2401 aliquo
922 2331 1015 2386 modo
1034 2330 1210 2384 cohaerent.
1230 2327 1359 2408 Praeter

116 2398 239 2454 tabulas
258 2407 289 2454 et
307 2406 494 2470 conspectus
519 2401 625 2456 varios
644 2401 676 2456 in
695 2406 783 2458 textu
802 2405 965 2458 contentos
991 2397 1112 2454 addidit
1136 2402 1245 2453 auctor
1272 2411 1360 2466 operi

118 2483 176 2523 sue
203 2484 266 2539 qua
293 2470 482 2540 appendices
509 2476 710 2542 conspectum
740 2486 895 2527 annorum
925 2471 1063 2526 690—824
1092 2469 1131 2523 ab
1161 2467 1196 2523 U.
1225 2467 1257 2523 O.
1276 2466 1361 2522 iuxta

117 2538 222 2593 varias
241 2553 331 2594 aeras
350 2544 381 2594 et
399 2541 520 2610 cyclum
540 2541 717 2611 paschalem
733 2543 765 2596 19
777 2555 934 2596 annorum
954 2537 1096 2609 Dionysii
1112 2535 1236 2606 Exigui.
1256 2536 1360 2592 Lectio

116 2606 222 2688 operis
249 2607 343 2665 huius
368 2625 463 2680 quani
490 2609 627 2667 iucunda
650 2616 713 2666 tam
733 2609 819 2666 utilis
837 2615 895 2666 est.
916 2607 1013 2666 Cuius
1038 2621 1114 2678 ergo
1139 2605 1359 2676 chronologiae

119 2682 201 2733 vitae
220 2677 503 2762 Domviuitinterest,
523 2679 610 2737 tollat
628 2679 744 2736 librum
765 2681 848 2735 hunc
867 2685 897 2734 et
915 2679 1006 2762 legat,
1082 2748 1087 2758 Ι

221 2747 383 2804 Oboristu.
792 2750 824 2804 P.
842 2749 1018 2804 Donarem
1039 2746 1144 2802 Rcmdl.
1164 2745 1196 2802 C.
1216 2744 1270 2800 SS.
1290 2744 1326 2800 R.

218 2868 319 2929 Ιίίοο
338 2871 501 2932 ditham.
521 2871 641 2942 Pragae
661 2873 736 2926 1906.

222 2957 250 3011 V.
272 2956 406 3022 0151qu
433 2959 647 3015 uarodnim
678 2958 817 3028 jazycc
845 2957 905 3026 pii
935 2951 1251 3010 bohcsluihi‘ich.
1290 2951 1354 3017 (De

117 3023 260 3095 lingua
290 3027 517 3084 domestica
546 3029 586 3084 in
614 3028 800 3096 liturgia)
830 3043 857 3096 p.
877 3027 996 3090 62-72;
1028 3025 1179 3088 ier-iim
1199 3023 1355 3086 203-211;

115 3095 262 3161 aii-ata
282 3098 429 3164 {fif-34&
448 3101 597 3166 iii-4193
612 3095 1086 3163 489-495;557-564;617-693;
1102 3094 1197 3158 772—;
1212 3092 1360 3172 ear-saa.

219 3165 286 3222 Hac
309 3168 413 3237 ampla
439 3167 699 3224 commentatione
717 3172 928 3236 exponuntur,
956 3179 1036 3234 quae
1055 3163 1093 3218 ad
1114 3177 1206 3217 usum
1235 3160 1360 3242 linguae

117 3233 242 3290 Latinae
260 3237 291 3292 in
312 3236 446 3307 liturgia,
466 3237 627 3308 speciatim
654 3253 730 3293 vero
754 3236 786 3291 in
812 3236 927 3292 missae
956 3232 1108 3289 sacrificio
1128 3235 1202 3286 sunt
1220 3230 1360 3310 dicenda.

116 3302 233 3372 Duplici
253 3306 353 3361 utitur
378 3313 487 3364 auctor
511 3307 571 3375 via,
600 3307 759 3374 indirecta,
786 3321 849 3376 qua
869 3305 983 3360 multas
1010 3308 1118 3358 contra
1146 3315 1238 3356 usum
1265 3299 1360 3380 huius

114 3371 236 3444 liuguae
254 3376 444 3432 obiectioues
463 3378 565 3444 solvit,
584 3377 709 3444 directa,
728 3375 783 3430 uhi
802 3375 917 3445 probat
930 3373 1057 3430 Latinae
1069 3372 1194 3452 linguae
1213 3384 1306 3451 usum
1326 3383 1359 3422 iii

116 3441 239 3514 liturgia
258 3445 394 3502 maxime
406 3461 477 3502 esse
490 3447 736 3504 convenientem.
748 3443 939 3516 Appendicis
954 3443 1047 3498 modo
1061 3445 1209 3521 proponit
1224 3438 1358 3494 inediam

115 3513 360 3639 aliquamlviam,
378 3532 441 3586 qua
459 3533 498 3571 ex
517 3521 605 3586 parte
618 3515 773 3572 conciliari
794 3515 895 3584 possit
909 3529 986 3568 usus
1000 3512 1124 3582 linguae
1140 3510 1266 3564 Latinae
1286 3522 1356 3562 cum

119 3598 251 3640 vernacu
265 3601 291 3641 a.

168 3723 187 3780 d
212 3653 401 3779 lLtaLiturgia
415 3656 524 3711 Latina
543 3655 650 3726 lingua
669 3655 824 3711 celebrata
843 3669 905 3708 non
925 3652 1009 3708 ducit
1028 3651 1067 3706 ad
1086 3647 1302 3704 infidelitatem
1317 3646 1360 3701 in·

118 3737 166 3779 cre
189 3724 232 3778 ui
267 3729 327 3780 tem
353 3741 400 3780 ue.

219 3793 289 3848 Hoc
330 3742 421 3850 1rlobat
439 3800 548 3850 auctor
565 3810 604 3850 eii
622 3793 686 3850 fine
705 3801 735 3848 et
754 3798 904 3874 conceptu
929 3790 1082 3872 liturgiae.
1103 3788 1218 3844 Tribus
1237 3790 1360 3866 coustst

118 3869 283 3945 conceptus
302 3811 463 3934 liturgiae:
483 3868 513 3930 a)
526 3864 776 3919 manifestatione
789 3863 863 3918 fidei
882 3858 1206 3940 subiectivaenactibns
1220 3863 1358 3938 externis

118 3932 261 4001 exhibita,
280 3933 312 3988 id
331 3943 380 3990 est
413 3933 534 3990 actibus
553 3935 585 3989 in
609 3949 724 4004 genere
743 3932 781 3988 ad
808 3933 908 3988 Deum
933 3929 1158 4010 spectantibus
1178 3928 1209 3994 h)
1228 3926 1358 3988 actibus,

117 4017 193 4072 quos
213 4003 298 4060 Deus
316 4003 487 4060 destinavit
506 4008 537 4059 et
554 4009 696 4060 accurate
714 4003 784 4058 fieri
804 4000 1016 4082 praescripsit,
1036 3999 1138 4080 idest,¹
1164 3999 1358 4053 sacramenta

119 4077 158 4139 (et
175 4072 322 4129 adderem
344 4078 441 4136 actus.
460 4088 541 4143 quos
561 4072 688 4129 ecclesia
706 4077 849 4127 accurate
874 4072 1103 4136 determinavit,
1131 4067 1162 4122 id
1182 4071 1231 4122 est
1256 4079 1355 4120 sacra-

119 4141 285 4210 mentalia);
313 4149 341 4210 c)
367 4143 481 4198 horum
505 4142 797 4212 praestantissimus
825 4147 922 4209 actus,
955 4138 1046 4210 <quasi
1074 4136 1120 4192 sol
1145 4135 1227 4218 iuter
1252 4133 1357 4189 stellas

117 4217 162 4267 est
179 4211 295 4268 missae
314 4212 502 4268 sacrificium
521 4217 552 4268 et
570 4228 587 4268 a
607 4213 672 4268 Deo
690 4217 721 4267 et
738 4213 778 4266 ab
797 4210 925 4266 ecclesia
944 4211 1086 4264 accurate
1105 4206 1279 4262 definitum.

216 4281 306 4337 Hanc
325 4281 471 4352 liturgiae
489 4281 703 4337 definitionem
719 4281 807 4348 varii,
824 4279 960 4335 maxime
978 4275 1193 4358 protestantici
1213 4277 1356 4354 auctores

116 4348 189 4405 male
207 4351 404 4418 intellexere;
423 4351 550 4408 adducit
567 4356 676 4407 auctor
701 4351 754 4406 Dr.
780 4351 998 4405 Hermanuum
1026 4347 1183 4416 Hering,
1207 4359 1261 4414 qui
1288 4357 1356 4422 eain

117 4420 237 4476 definit:
270 4423 483 4492 »complexum
511 4426 636 4477 actuum
669 4420 916 4490 religiosorum«,
946 4417 1000 4499 qui
1026 4417 1065 4470 ab
1095 4413 1223 4495 ecclesia
1253 4412 1358 4491 selecti

118 4490 200 4546 iuxta
213 4492 355 4547 ordinem
369 4498 401 4548 et
413 4491 566 4573 principia
585 4491 703 4561 logicae
722 4489 887 4560 religiosae
900 4488 932 4543 in
946 4485 1036 4542 libris
1052 4485 1169 4540 collecti
1182 4497 1240 4552 pro
1256 4495 1358 4536 servis

120 4561 259 4616 ecclesiae
278 4561 317 4618 ad
337 4561 497 4644 publicum
522 4577 615 4616 usum
642 4566 717 4616 sunt
740 4558 896 4615 destinati.
926 4555 1016 4622 Quod
1042 4555 1156 4636 falsum
1177 4565 1246 4632 esse
1266 4553 1358 4631 patet.

219 4632 268 4686 Ex
286 4631 469 4687 definitione
488 4646 587 4701 supra
605 4630 696 4686 allata
715 4633 800 4700 patet
819 4627 972 4697 triplicem
992 4624 1177 4705 essetfinein
1197 4621 1357 4700 liturggae:

119 4698 146 4770 a)
162 4700 314 4757 latissimo
334 4716 430 4757 sensu
449 4706 573 4771 accepta
599 4699 751 4756 satisfacit
775 4697 912 4754 hominis
938 4695 1072 4752 naturali
1097 4691 1253 4748 desiderio
1273 4693 1356 4743 vitae
