3450 5342
862 416 1057 471 -12s-

442 601 630 679 Inquiramus
652 612 844 661 monumenta
858 612 889 661 et
904 604 1021 681 scripta,
1044 622 1120 681 quae
1135 600 1174 661 ad
1192 600 1280 661 fidem
1298 600 1441 660 ecclesiae
1456 602 1589 659 russicae

334 689 492 767 pertinent,
530 698 563 746 ut
595 686 749 749 videamus
782 690 882 747 sintne
915 710 987 748 vera
1019 688 1112 749 verba
1147 709 1166 747 a
1201 688 1356 766 Jungerov
1393 688 1510 765 prolata
1523 682 1588 765 ἰῆς

339 774 482 847 ,Russicu
515 775 668 833 orientalis
701 776 827 835 ecclesia
858 774 897 834 ab
926 778 991 854 ipso
1024 778 1169 854 principio
1191 795 1282 853 usque
1314 773 1353 833 ad
1382 772 1439 833 boc
1469 784 1587 853 tempus

334 863 366 921 in
397 862 570 940 quaestione
600 860 638 920 de
660 882 773 921 canone
802 882 821 921 a
844 861 962 921 iudaice
989 860 1149 922 traditione
1176 872 1206 921 et
1234 860 1352 921 iudano
1381 880 1496 920 canone
1525 881 1588 920 non

335 950 477 1022 recessit3
517 950 560 1007 sic
593 947 671 1027 apud
705 968 759 1007 uos
788 948 864 1009 baec
897 952 1031 1029 quaestio
1054 958 1235 1028 perpetres,
1275 948 1399 1008 concilia
1430 960 1460 1006 et
1482 946 1586 1007 doctos

334 1034 488 1112 theologos
510 1033 739 1113 disceptabatur.

437 1119 545 1180 Fidem
567 1132 598 1180 et
620 1122 741 1181 Sacram
764 1123 945 1199 Scripturam
962 1132 1138 1201 acceperunt
1152 1122 1241 1181 Russi
1263 1140 1282 1179 a
1304 1130 1405 1181 uncto
1419 1118 1585 1179 Methodio.

334 1208 371 1265 In
393 1206 466 1267 Vita
488 1228 510 1266 s.
532 1207 680 1267 Methodii
701 1206 829 1267 traditur
851 1208 901 1267 bic
924 1209 1044 1267 Sacram
1068 1212 1248 1287 Scriptorum
1280 1227 1318 1267 ex
1340 1226 1448 1285 graeca
1480 1208 1585 1284 lingua

334 1298 366 1353 in
388 1295 522 1370 linguam
551 1295 796 1355 veteroslavicam
819 1298 944 1355 vertisse
966 1298 1099 1375 exceptis
1121 1295 1205 1354 libris
1226 1292 1470 1355 Maccahaeorum
1485 1288 1537 1370 Π).

436 1382 546 1440 Nestor
568 1384 749 1441 mentionem
771 1382 885 1441 faoIons
906 1402 1004 1441 rerum
1026 1402 1045 1441 a
1067 1403 1105 1441 ss.
1127 1382 1267 1461 apostolis
1289 1384 1405 1450 nostris,
1433 1394 1583 1458 gestarum

333 1479 436 1526 notat:
463 1468 600 1541 ,Deinde
623 1478 775 1528 verterunt
796 1468 983 1539 Psalterium‚
1006 1467 1167 1529 olrtoiobou
1189 1480 1219 1527 et
1241 1478 1397 1527 ceteros
1422 1465 1582 1527 libros‘.

333 1555 360 1612 E
382 1563 523 1614 contextu
545 1564 575 1613 et
596 1557 754 1634 praecipue
777 1576 795 1613 e
817 1554 1008 1634 sequentibus
1031 1554 1130 1615 verbis
1153 1558 1217 1615 cius
1243 1556 1446 1633 cognoscimus
1462 1556 1582 1613 nomine

338 1653 518 1712 ,ceterorum
539 1640 698 1701 librorum“
735 1662 803 1701 eum
836 1642 1005 1719 intelligere
1026 1652 1138 1703 ceteros
1160 1642 1251 1701 libros
1274 1644 1382 1701 Sacrae
1405 1640 1582 1719 Scripturas,

334 1746 371 1789 sc.
404 1746 507 1787 omnes
539 1738 657 1806 praeter
688 1728 875 1791 Psalterium.
914 1728 1101 1803 ,Methodius
1124 1730 1252 1788 instituit
1283 1727 1356 1787 duos
1393 1727 1581 1806 presbyteros

333 1813 552 1895 taobygrsphos
574 1834 698 1893 magnos
720 1825 750 1874 et
771 1818 862 1874 vertit
884 1836 1015 1876 omnes
1046 1816 1165 1876 libros
1199 1818 1355 1875 omnino
1378 1834 1420 1874 ex
1444 1814 1584 1891 lingua

332 1921 475 1977 graeca
496 1903 536 1959 in
558 1902 770 1961 slavicam'‘
798 1902 942 1981 (Letopis
964 1903 1130 1963 Nestorova
1152 1924 1215 1981 cap.
1237 1901 1332 1979 XX).

434 1988 637 2048 Monumentis
658 1990 731 2067 ipsis
746 1989 839 2048 verba
847 1990 937 2048 Vitae
958 1988 1022 2071 (aut
1037 1986 1184 2071 Nestoris)
1207 2010 1267 2049 uon
1281 2008 1435 2068 possumus
1450 1986 1582 2065 probare,

331 2077 513 2151 praesertim,
525 2095 593 2133 cum
603 2077 702 2135 versio
716 2075 858 2135 librorum
870 2076 1199 2138 deuterocanonicorum
1215 2079 1246 2136 in
1261 2074 1411 2134 veteribus
1429 2072 1581 2132 codicibus

332 2180 391 2218 nou
414 2163 453 2219 sit
483 2172 658 2221 conservata
681 2196 721 2205 —
745 2174 889 2242 occupata
910 2166 1018 2223 Russia
1041 2184 1059 2223 a
1081 2163 1214 2223 barbaris
1236 2164 1370 2221 Tartaris
1393 2181 1469 2221 saec.
1493 2158 1581 2219 XIII.

331 2245 427 2304 cultus
449 2248 481 2304 iu
499 2248 608 2307 Russia
623 2251 662 2309 sit
676 2247 857 2309 disturbatos
873 2260 903 2309 et
914 2251 1008 2309 multa
1022 2254 1209 2329 pretiosaque
1224 2257 1414 2310 monumenta
1428 2246 1582 2327 dissipata,

332 2351 390 2409 quo
423 2332 489 2391 loco
514 2336 604 2393 etiam
634 2334 751 2395 codices
772 2346 804 2395 et
825 2336 911 2395 multi
934 2337 1002 2396 libri
1026 2338 1134 2397 Sacrae
1165 2338 1332 2415 Scripturas
1355 2354 1472 2414 prorsus
1506 2336 1582 2412 peri·

331 2427 418 2477 emnt
439 2452 477 2463 ·—
512 2424 645 2499 exceptis
666 2422 843 2500 fragmentis
866 2424 1037 2502 Sapientiae
1060 2424 1226 2485 Salomonis
1249 2433 1279 2482 et
1301 2424 1369 2481 Iesu
1390 2420 1446 2481 lilii
1469 2420 1582 2479 Siracle

332 2505 423 2563 Brevi
452 2516 583 2585 tempore
612 2519 679 2588 post
705 2520 829 2568 mortem
852 2531 875 2569 s.
905 2510 1051 2571 Methodii
1079 2512 1177 2571 versio
1207 2510 1421 2569 veteroslavica
1444 2518 1508 2567 erat
1529 2527 1581 2585 per

332 2600 424 2650 totam
446 2593 583 2653 Russiam
606 2597 789 2675 pervulgata,
811 2606 897 2676 prout
912 2608 1058 2659 testantur
1080 2596 1196 2657 codices
1213 2598 1403 2675 manuscripti
1422 2594 1578 2653 bibliorum

332 2686 362 2735 et
393 2678 451 2737 loci
485 2678 587 2739 biblici
610 2701 629 2739 a
651 2682 843 2762 scriptoribus
878 2684 1008 2763 allegati,
1047 2687 1096 2765 qui
1129 2704 1167 2743 ex
1192 2684 1238 2743 his
1261 2682 1441 2762 temporibus
1465 2680 1502 2739 ad
1525 2700 1577 2738 nos

332 2784 424 2843 usque
446 2781 671 2844 permanserunt
698 2772 745 2844 ,A
768 2770 884 2829 saeculo
907 2771 976 2831 XV.
989 2784 1104 2850 praeter
1127 2772 1201 2831 alios
1223 2770 1339 2830 codices
1362 2780 1392 2827 et
1414 2769 1578 2846 fragmenta

332 2847 473 2910 librorum
495 2873 643 2913 sacrorum
679 2856 717 2915 ad
740 2877 794 2915 nos
816 2861 949 2916 manarit
982 2858 1075 2918 codex
1099 2860 1187 2917 totius
1211 2864 1317 2917 Sacrae
1349 2858 1517 2934 Scripturas
1538 2886 1579 2897 -

331 2939 383 3015 qui
404 2936 512 2998 dicitur
534 2940 628 2999 codex
651 2942 811 3015 Gennadii,
837 2947 959 3023 eiusque
984 2967 1042 3005 non
1065 2948 1182 3005 unicum
1205 2956 1321 3003 tanturn
1343 2942 1504 3021 exemplar.
1530 2940 1576 2999 Ab

332 3023 468 3084 omnibus
499 3030 668 3103 agnoscitur
700 3032 901 3109 manuscripta
924 3030 1075 3091 Gennadii
1108 3035 1259 3091 continere
1290 3030 1432 3089 eluricum
1466 3039 1576 3087 textum

332 3111 620 3192 SacraeScripturae
643 3136 778 3175 nonen
800 3128 973 3196 tempore
991 3120 1338 3198 transcriptionis,
1363 3116 1576 3193 sedaperte

331 3199 592 3277 antiquiorem,
626 3206 826 3279 grammatice,
856 3205 1013 3282 phouetioe
1035 3206 1282 3285 palaeographice
1309 3224 1385 3262 saec.
1407 3202 1464 3265 XI.
1497 3200 1577 3260 redo-

331 3284 449 3353 lentem,
473 3286 572 3364 itaque
595 3291 686 3348 aetati
708 3310 746 3349 as.
762 3290 870 3369 Cyrilli
894 3302 924 3350 et
945 3292 1091 3352 Methodii
1113 3294 1310 3373 propinquum
1333 3310 1398 3349 cum
1421 3288 1577 3366 bulgariois

330 3370 449 3449 quidem
466 3377 646 3435 correcturis.
668 3377 810 3435 Noritate
825 3376 923 3436 differt
946 3379 987 3437 ibi
1004 3390 1102 3439 textus
1124 3379 1264 3438 librorum
1281 3378 1395 3455 Regum
1418 3388 1447 3434 et
1462 3395 1577 3454 prorsus

331 3458 420 3516 aliam
444 3469 532 3536 etque
550 3459 902 3540 Cyrillollethodianam
925 3468 1070 3543 originem
1093 3466 1183 3526 habet
1205 3476 1303 3525 textus
1322 3464 1577 3542 Paralipomenon,

330 3543 453 3616 Esdrae,
476 3546 648 3620 Nehemiae,
670 3550 789 3620 Esther,
815 3550 938 3623 Tobiae,
969 3552 1079 3625 Iudith,
1104 3555 1274 3632 Sapientiae
1298 3551 1483 3611 Salomonis:
1529 3550 1577 3628 qui

330 3629 398 3689 libri
410 3632 545 3690 translati
569 3646 637 3694 sunt
652 3636 819 3715 eangata,
841 3638 919 3717 quod
932 3649 1062 3717 tempore
1075 3639 1226 3699 Gennadii
1248 3660 1312 3698 esse
1329 3640 1437 3697 fastum
1455 3635 1576 3695 videtur.

332 3715 404 3775 Sed
442 3720 629 3779 evenisse
667 3734 800 3800 potest
842 3728 972 3797 etiam,
1018 3736 1062 3799 ut,
1100 3726 1138 3785 hi
1172 3726 1278 3795 libri,
1324 3726 1402 3785 etsi
1442 3733 1576 3783 vetere

332 3802 760 3880 cyrillo-Methodiana
782 3813 967 3871 versione
991 3814 1203 3891 propagati
1222 3823 1355 3872 essent
1371 3814 1410 3870 in
1427 3812 1575 3881 Rusaia,

331 3896 439 3959 tamen,
468 3900 600 3968 ternpore
623 3893 774 3953 Gennadii
805 3918 864 3956 non
888 3901 1091 3958 invenirentur
1121 3910 1151 3957 et
1185 3902 1274 3957 etiam
1304 3899 1454 3976 hucusque
1485 3898 1576 3974 ignoti

384 4057 421 4123 ¹⁶)
441 4057 567 4113 Videon
587 4076 627 4115 ra.

383 4076 1026 4203 ¹⁷)loannes,poxaroha13utgar.(eea-ert)
1051 4140 1185 4190 testatur:
1216 4130 1356 4191 ›Bernriir
1377 4130 1476 4189 Eorniir
1503 4134 1576 4203 apri·

436 4214 588 4253 ennononn
608 4199 746 4269 Meeoniir,
775 4206 870 4272 opera
898 4222 940 4257 cu.
960 4206 1105 4274 Enpnuua,
1133 4221 1273 4274 npeuoartn
1300 4220 1354 4258 sorr
1408 4220 1575 4258 oraensrn

435 4284 528 4347 rnnrn
546 4268 653 4349 lilioso,
673 4286 818 4326 armisona
836 4291 937 4328 uestra
956 4292 993 4327 na
1012 4291 1204 4331 caesariense
1224 4273 1357 4328 Nonnulli
1376 4222 1501 4341 tboologi
1520 4288 1575 4326 rut·

433 4350 483 4390 sror
511 4337 635 4405 OEslaret,
663 4340 734 4407 prol.
752 4340 945 4415 llalysevslrij,
971 4343 1095 4415 (lorslrij,
1118 4343 1307 4409 Nerostruev)
1332 4348 1435 4425 putant
1462 4340 1574 4399 verbum

437 4422 621 4485 ›perennem‹
643 4430 669 4454 z
686 4418 891 4478 κικανονιῳὲνα
908 4419 938 4470 et
954 4429 1097 4469 numerum
1117 4412 1266 4482 sexaginta
1285 4410 1412 4467 indicare
1430 4428 1452 4467 s.
1470 4410 1574 4466 Metho-

433 4474 509 4529 drum
527 4477 702 4559 solummodo
721 4484 955 4547 protooanouleos
972 4484 1060 4541 libros
1076 4483 1199 4539 vertisse
1218 4481 1265 4549 (V.
1277 4481 1310 4537 T.
1328 4482 1363 4537 33
1382 4487 1412 4537 et
1429 4481 1462 4537 N.
1481 4480 1512 4534 T.
1530 4480 1574 4547 2¹1)

433 4550 464 4597 et
481 4548 628 4627 terminum
649 4546 753 4615 „libros
766 4548 1013 4607 Maccahaeorum*
1033 4554 1178 4609 contiuere
1191 4552 1412 4607 nominationem
1432 4555 1508 4619 (pars
1525 4564 1574 4619 pro

433 4617 508 4679 toto)
527 4613 660 4670 librorum
673 4617 996 4676 deuterocanonioornm.
1014 4623 1071 4678 Sed
1089 4623 1194 4679 similes
1206 4620 1402 4677 conclusiones
1418 4630 1484 4675 suut
1500 4632 1574 4674 mers

434 4690 592 4739 commenta
609 4685 735 4741 carentia
752 4690 933 4757 argumentis.
