3450 5342
871 377 1061 433 -tee-

342 588 422 626 mere
455 568 602 644 privatam
636 585 763 622 errorem
797 564 880 623 illum
917 567 1076 642 practicam
1112 565 1294 624 commisisse
1328 567 1534 624 existimant:
1569 585 1596 621 nr

341 673 497 732 personam
521 654 668 730 privatam
702 653 782 710 enim
813 672 880 710 eum
913 653 1033 728 Sergius
1057 670 1116 710 non
1139 651 1294 722 consuluit,
1330 673 1386 710 nee
1411 662 1446 710 nt
1472 673 1603 730 perseus

341 741 459 818 privata
480 738 576 797 eidem
600 737 762 817 quidquam
778 737 986 816 praescribere,
1009 747 1059 796 aut
1080 739 1170 796 etiam
1186 747 1301 796 tanturn
1323 759 1393 797 eam
1420 742 1602 796 auctoritare

341 825 470 904 quadam
492 824 645 884 consulere
668 821 828 904 [11111ιί100).
861 825 926 883 Nee
955 834 1056 883 tamen
1087 823 1156 884 inde
1187 824 1357 884 immediate
1385 828 1539 904 sequitur.
1572 827 1600 882 id

340 913 419 992 quod
444 913 592 971 Honorius
615 913 712 970 facere
735 911 871 970 debuerit
893 922 923 970 et
939 933 998 971 non
1021 910 1133 977 feeerit,
1157 911 1283 970 fuisse
1305 911 1599 972 definitionem

341 1021 387 1058 ex
410 997 601 1058 cathedra
623 997 747 1058 duarum
769 1001 802 1056 in
825 999 945 1056 Christo
968 998 1153 1056 voluntatum
1163 995 1216 1076 00).

447 1087 547 1144 aarum
571 1083 610 1142 id
635 1088 800 1143 necessario
834 1086 930 1144 facere
964 1083 1074 1154 debuit,
1109 1085 1186 1164 quod
1210 1077 1246 1144 ad
1272 1086 1477 1144 flammam
1516 1085 1598 1142 hae-

341 1175 466 1230 retiei
501 1171 699 1249 dogmatis
733 1174 999 1250 incipientem
1022 1171 1358 1250 exstinguendam
1383 1176 1493 1230 satis
1519 1191 1597 1230 erar:

340 1257 457 1317 adhoc
481 1270 578 1317 autem
603 1279 676 1316 nou
699 1262 800 1316 statim
822 1279 892 1318 esus
922 1260 1105 1318 auctoritatis
1128 1259 1306 1338 apostolicae
1336 1279 1532 1338 supremo
1554 1263 1598 1317 iu·

340 1349 484 1404 tensionis
506 1348 569 1403 eius
592 1344 693 1422 gradu,
721 1343 751 1402 id
774 1357 819 1403 est
842 1345 976 1404 delinitio
1000 1345 1168 1404 infallibilis
1190 1365 1228 1404 ex
1251 1345 1396 1404 cathedra
1422 1350 1598 1404 neeessarie

339 1444 411 1502 erat,
435 1432 487 1490 sed
517 1432 714 1490 sufficere
745 1443 868 1510 poterat,
892 1443 923 1490 ut
947 1435 977 1490 in
1001 1433 1126 1509 epistola
1149 1431 1186 1490 ad
1210 1435 1355 1509 Sergium,
1388 1433 1460 1492 leco
1494 1453 1597 1491 earnm

339 1540 444 1583 rernm,
467 1539 542 1597 quae
571 1521 696 1596 scripsit,
719 1519 747 1575 ei
770 1517 1021 1596 praedicationem
1046 1519 1155 1578 alaram
1178 1533 1207 1577 et
1231 1518 1383 1577 indubiam
1408 1519 1547 1578 duarum
1570 1524 1598 1576 in

340 1605 459 1664 Christo
482 1606 667 1664 voluntatum
690 1607 837 1664 instanter
860 1606 1030 1664 inculcaret.

448 1693 531 1749 lloe
561 1694 653 1768 igitur
685 1693 819 1750 omisisse
853 1691 996 1750 dicendus
1028 1703 1080 1750 est.
1112 1693 1186 1750 Cum
1211 1711 1268 1770 quo
1291 1692 1410 1751 defectu
1449 1694 1597 1751 cohaeret

339 1779 422 1852 alius,
446 1779 591 1858 quaedam
615 1779 729 1836 scilicet
751 1779 938 1837 socordia
960 1779 1196 1838 etdefectus
1220 1782 1427 1838 cautionis
1445 1796 1483 1838 et
1504 1780 1598 1837 dili-

338 1880 431 1943 gent
442 1868 502 1923 iae
526 1863 695 1931 debitae,
711 1865 847 1943 eoquod,
863 1865 1015 1924 insidiosis
1028 1867 1123 1942 Sergii
1141 1865 1239 1924 verbis
1257 1869 1344 1924 nimis
1360 1865 1515 1937 credulus,
1533 1879 1592 1926 tam

339 1953 426 2011 facile
450 1973 489 2030 ¹se
520 1951 557 2010 ab
592 1955 655 2030 ipso
689 1955 896 2010 circumveniri
929 1955 1102 2031 permiserit,
1133 1952 1209 2030 quod
1234 1955 1305 2012 satis
1336 1953 1430 2012 multa
1465 1954 1593 2012 obseura

339 2042 429 2098 immo
452 2050 481 2096 et
504 2040 653 2097 haeretica
669 2041 765 2116 Sergii
788 2041 820 2096 in
843 2060 895 2098 ena
918 2040 1044 2118 epistola
1066 2039 1146 2097 dieta
1169 2061 1227 2098 uon
1250 2043 1391 2098 attentius
1415 2041 1595 2100 considera-

338 2129 422 2197 verit,
445 2126 524 2204 qnod
547 2127 650 2202 »Sergio
673 2146 788 2203 semper
811 2125 907 2184 adhuc
923 2125 1082 2184 crediderit
1104 2128 1194 2184 etiam
1217 2137 1371 2204 postquam
1390 2127 1592 2205 Sophronias.

337 2234 424 2290 quern
447 2216 548 2290 utique
572 2215 692 2285 Sergius
715 2215 742 2270 ei
765 2225 796 2270 ut
819 2213 969 2272 hominem
992 2211 1192 2271 turbulentum
1216 2212 1401 2292 depinxerat,
1426 2235 1485 2292 per
1502 2237 1593 2294 ayne

336 2298 433 2358 dicam
468 2320 550 2358 stram
573 2310 602 2356 et
625 2300 754 2376 legatum
790 2319 873 2358 suum
908 2310 1015 2358 statum
1050 2309 1112 2359 tum
1146 2298 1297 2359 doetrinae
1331 2311 1393 2358 tum
1430 2322 1537 2360 rerum
1563 2305 1591 2359 in

337 2387 461 2446 Oriente
496 2388 603 2445 clarius
636 2389 780 2463 exposuit,
815 2385 892 2463 quod
926 2386 1047 2444 tandem
1081 2389 1143 2464 ipse
1177 2395 1291 2465 patrum
1325 2396 1354 2444 el
1390 2389 1594 2447 conciliorum

334 2473 499 2532 doctrinam
527 2494 586 2531 una
615 2492 680 2531 cum
710 2476 897 2550 congregatis
921 2475 1067 2551 episeopis
1091 2495 1150 2532 non
1178 2475 1282 2532 melius
1310 2477 1541 2533 examinaverit
1566 2492 1593 2532 et

334 2563 423 2619 nimis
448 2561 644 2637 perfunctorio
675 2558 762 2618 modo
793 2562 943 2636 negotium
976 2563 1155 2629 tractaverit,
1178 2563 1209 2618 in
1233 2559 1310 2638 quod
1341 2581 1493 2620 summam
1522 2563 1592 2620 dili-

334 2649 466 2722 gentiam
496 2645 667 2724 impendere
697 2645 847 2714 debuerat,
871 2657 902 2704 ut
925 2649 1047 2706 certiore
1079 2647 1209 2706 remedio
1243 2647 1424 2726 periclitanti
1451 2649 1593 2709 Orientis

334 2734 477 2793 ecelesiae
508 2744 606 2810 posset
635 2753 795 2792 occurrere.
817 2729 876 2811 ¹⁰⁰)
910 2733 1057 2806 „Habitus
1080 2745 1125 2792 est
1148 2755 1167 2791 a
1188 2733 1320 2812 patribus
1350 2735 1476 2794 concilii
1509 2739 1589 2794 sexti

335 2831 485 2898 tamquam
510 2821 652 2897 pontifex,
676 2823 718 2876 sie
740 2819 880 2880 Palma.
915 2822 966 2898 qui
989 2823 1118 2879 muneris
1142 2823 1187 2879 sni
1210 2829 1307 2900 partes
1331 2841 1389 2879 nou
1413 2822 1588 2900 expleverit

335 2922 365 2964 et
398 2907 506 2982 dignus
543 2920 587 2964 est
620 2906 774 2966 iudicatus.
807 2909 858 2984 qui
893 2906 1090 2978 damnaretur,
1125 2907 1203 2986 qnod
1238 2907 1402 2966 catholicae
1436 2911 1588 2968 ecelesiae

335 3013 462 3063 eausam,
488 3014 545 3070 qna
569 3014 689 3052 necesse
713 2995 767 3051 fuit
789 2991 947 3070 diligentia
969 3015 1028 3052 non
1050 2997 1167 3070 egisset,
1202 2993 1337 3073 quodque
1366 2995 1589 3056 haeretieorum

335 3082 462 3152 comitia,
487 3082 679 3138 conniventia
701 3101 755 3138 sua
777 3082 887 3138 iuvisse
911 3083 992 3140 risus
1015 3083 1079 3140 sit.“
1102 3076 1161 3160 ¹⁰¹)

472 3265 551 3332 VII.
576 3263 767 3331 Sententia
791 3285 816 3330 a
839 3265 1001 3332 coneilio
1024 3269 1124 3332 reato
1149 3265 1230 3332 lato
1253 3285 1329 3332 noa
1352 3265 1455 3332 obest

610 3367 893 3434 infallibilitate·
916 3369 1084 3436 Romani
1101 3369 1310 3456 pontifices.

441 3517 490 3570 231.
515 3514 601 3570 Iuvat
632 3515 692 3570 iam
722 3515 821 3570 omnia
845 3513 896 3570 fila
919 3515 1104 3572 tractationis
1135 3523 1251 3572 nostrae
1284 3512 1322 3571 ad
1344 3512 1417 3571 illud
1441 3531 1589 3592 punctam

335 3599 481 3670 reducere,
516 3621 534 3658 a
567 3620 625 3677 spuo
665 3596 771 3656 exorsa
804 3609 856 3670 est,
889 3609 918 3656 ot
950 3600 1187 3658 relationem
1223 3603 1328 3658 inter
1362 3603 1586 3660 concilium

334 3702 486 3745 sextum
517 3698 553 3744 et
585 3685 941 3744 infallibilitatem
975 3687 1137 3744 Romani
1171 3689 1384 3764 pontificis
1419 3691 1526 3764 paucis
1550 3691 1586 3748 ob

334 3775 431 3832 oculos
463 3796 581 3852 ponere.
607 3775 696 3831 Initio
727 3772 1003 3838 demonstravimus,
1035 3773 1200 3831 Honorium
1223 3776 1255 3832 in
1286 3776 1346 3833 suis
1380 3771 1419 3831 ad
1443 3775 1583 3853 Sergium

332 3861 466 3938 epistolis
496 3861 699 3919 definitionem
729 3881 767 3917 ex
796 3858 938 3917 cathedra
970 3860 1081 3918 nullam
1105 3859 1242 3931 edidisse,
1265 3881 1303 3918 ex
1326 3881 1384 3938 quo
1408 3862 1585 3921 immediate

333 3950 473 4025 seqnitur,
508 3968 573 4004 erim
609 3967 733 4025 neque
758 3967 775 4004 a
798 3947 971 4004 coneilio
1006 3949 1266 4018 oecumenico,
1293 3957 1393 4024 utpote
1417 3947 1583 4008 infallibili.

333 4043 451 4111 propter
474 4033 580 4091 falsam
604 4034 806 4091 definitionem
830 4032 965 4091 damnari
987 4036 1134 4111 potuisse3
1157 4033 1195 4091 de
1218 4053 1402 4112 quacumque
1426 4055 1500 4094 vero
1524 4037 1583 4094 alia

332 4141 364 4177 re
387 4120 545 4177 concilium
580 4121 745 4178 Honorium
779 4118 973 4186 damnaverit,
1008 4121 1064 4178 hoc
1099 4139 1164 4178 eum
1198 4119 1413 4179 infallibilitate
1450 4121 1582 4181 Romani

332 4207 488 4284 pontilicis,
523 4207 619 4284 qualis
653 4207 817 4264 aeoneilio
851 4207 997 4264 Vaticano
1032 4206 1155 4265 delinita
1183 4217 1235 4278 est,
1258 4210 1333 4265 iam
1358 4208 1464 4266 nihil
1488 4230 1584 4268 eom-

380 4391 415 4497 ἓξ)
436 4393 476 4475 Ol.
495 4395 640 4478 Grisar,
652 4392 947 4476 Kisthenlieuilion²
965 4395 1012 4461 Vl,
1031 4394 1091 4447 243.

367 4464 417 4600 ¹⁰⁰i
435 4461 876 4587 idceiiddririrridrisriincoiiiilta
894 4531 963 4585 1870
981 4533 1029 4600 tx,
1046 4530 1106 4585 452.
1126 4531 1184 4585 456.
1204 4532 1443 4599 colombier,
1467 4521 1577 4587 Etndes

370 4670 418 4737 ml)
436 4602 505 4725 18ῐο
517 4604 624 4726 11ὲ21134;
643 4604 751 4668 Grisar‚
769 4599 1069 4695 Kirehen-Lexilronl,
1088 4602 1136 4667 Vl,
1154 4601 1214 4655 245.
