3450 5342
673 502 866 558 -217-

250 685 280 771 f)
304 691 383 751 l'sus
405 691 548 749 ecclesiae
571 690 777 749 Antiochense
799 700 915 748 constat
937 709 974 746 ex
1000 708 1021 749 s.
1047 689 1223 763 ignatii
1255 693 1393 770 martyris

140 778 200 857 Ep.
224 778 263 837 ad
281 777 557 856 Philadelpheuses
580 798 609 835 u.
629 780 660 836 8:
688 774 809 849 πΠᾶσιν
824 774 881 837 οῦν
902 783 1101 854 μετανοοῦσιν
1124 775 1205 855 ἀφίει
1228 777 1247 837 ὁ
1263 776 1392 857 Κύριος,

141 866 201 926 ὲὶν
229 866 465 945 μετανοήσωσιν
497 865 539 932 εἷς
569 864 696 945 ἑνότητα
727 860 811 925 Θεοῦ
843 864 896 923 καὶ
926 862 1088 941 συνεῖόριον
1119 870 1174 924 τοῦ
1204 863 1392 928 ἐπισκόπου·

138 951 224 1022 ibid„
258 974 287 1011 n.
310 954 350 1010 3:
383 952 436 1013 nul
459 950 525 1013 όσοι
546 953 586 1011 ἂν
614 952 856 1031 μετανοήσαντες
879 948 1013 1011 ἔλθωσιν
1036 950 1085 1010 ἐπὶ
1111 974 1126 1011 τ
1149 972 1166 1009 ν
1189 950 1315 1033 ἑνότητα
1339 959 1392 1033 τής

139 1038 310 1118 ἐκκλησίας
342 1039 406 1117 (qui
427 1037 466 1095 ab
495 1038 621 1096 ecclesia
642 1037 851 1113 desciverant).
885 1036 937 1097 καὶ
961 1032 1042 1098 οῦτοι
1069 1033 1150 1099 Θεοῦ
1182 1038 1307 1109 ἔσονται,
1343 1041 1391 1101 ἵνα

140 1121 223 1186 ὦσιν
244 1124 324 1186 κατὰ
343 1122 462 1205 Ἰησοῦν
484 1122 620 1203 Χριστόν
643 1125 786 1196 ζιῖιντες“.
823 1158 859 1166 ——
897 1121 1033 1181 Eundem
1057 1144 1140 1182 usum
1165 1124 1393 1186 Constitu-

140 1213 296 1270 tioues
330 1212 621 1291 apostolicae,
655 1232 731 1291 quae
753 1212 910 1290 praecipue
940 1212 971 1267 in
995 1212 1082 1289 Syria
1109 1231 1218 1288 magua
1241 1214 1392 1290 pollebant

139 1301 327 1371 auctoritate,
349 1298 369 1360 l.
392 1302 420 1368 2,
442 1320 467 1356 c.
492 1300 531 1357 13
561 1298 701 1357 tradunt:
739 1296 805 1370 „Et
827 1295 883 1359 οῦν
908 1296 1054 1375 [episcope
1070 1296 1087 1375 λ]
1111 1298 1195 1359 οὕτω
1217 1305 1311 1378 κρῖνε,
1346 1301 1392 1371 ὡς

141 1382 221 1464 Θεῷ
245 1384 392 1457 δικάζων.
433 1383 509 1447 ’Τοῦ
531 1384 591 1464 γὰρ
615 1383 743 1465 Κυρίου,
766 1384 870 1464 (μησὶν,
894 1384 911 1463 ή
935 1384 1050 1463 κρίσις’.
1096 1382 1231 1465 Πρῶτοι·
1254 1384 1309 1449 οῦν
1331 1388 1389 1449 ἀπ’

138 1471 284 1542 ἔξουσίας
305 1470 358 1533 τὸν
380 1473 486 1553 molor
508 1472 714 1544 καταδίκαζε·
749 1473 850 1534 ἔπειτα
873 1470 942 1549 μετ’
968 1470 1053 1533 ἕλεόο
1083 1472 1135 1533 καὶ
1158 1474 1316 1552 οἰκτιρμοῦ
1338 1476 1390 1537 καλ

136 1558 355 1638 προσλήψεως
377 1560 497 1628 οἶκειοῦ,
531 1558 774 1638 ὑπισχνούμενος
795 1558 883 1637 αι”τῲ
905 1558 1070 1638 σωτηρίαν,
1105 1560 1134 1619 εἰ
1152 1560 1316 1638 μετόθοιτο
1339 1569 1392 1625 τοῦ

137 1644 269 1723 τρόπον,
291 1645 439 1725 καὶπρὸς
460 1646 625 1725 μετάνοιαν
643 1647 793 1726 χωρήσῃ·
816 1644 1069 1723 μεταμελόμενον
1091 1644 1125 1707 όὲ
1141 1646 1270 1726 στόφων
1293 1670 1389 1727 προσ-

138 1731 245 1811 δέχου,
268 1734 467 1813 μεμνημένος
488 1740 541 1796 τοῦ
565 1731 683 1811 Κυρίου
705 1732 861 1799 εἰπόντος·
896 1731 940 1792 ὅτι
962 1731 1044 1811 χαρὰ
1069 1733 1179 1809 γίνεται
1202 1734 1234 1794 όν
1262 1735 1388 1815 οῦρανιρ

137 1818 189 1879 ἐπὶ
216 1816 260 1879 ἑνὶ
293 1819 473 1899 ἁμαρτωλῷ
503 1816 707 1900 μετανοοῦντι,
741 1839 765 1877 c.
790 1822 843 1877 14:
873 1815 948 1879 Ἐὰν
970 1817 1003 1879 di
1034 1818 1086 1879 τὸν
1115 1818 1321 1899 μετανοοῦντα
1344 1822 1389 1901 μή

136 1905 310 1986 προσόέξη,
333 1906 504 1985 ἐπιβούλοις
526 1905 620 1967 αὐτὸν
642 1906 767 1969 ἔκδοτον
789 1905 1003 1984 παρέχεις...
1028 1904 1119 1977 Δέξαι
1142 1904 1198 1968 οῦν
1222 1908 1274 1968 τόν
1296 1932 1389 1987 μετα-

137 1990 280 2062 νοοῦντιι,
295 1993 340 2072 μή
364 1994 521 2055 ῦιστό-’ων
543 1993 635 2059 ὅλως,
656 1992 739 2073 μηδὲ
754 1992 1065 2073 παρεμποὸιζόμενος
1088 1992 1150 2053 ὑπὸ
1166 1999 1229 2054 τιῒνν
1251 1994 1391 2075 ἀνηλεῶς

137 2076 191 2155 (al.
215 2076 375 2159 πονηρῶς)
398 2080 560 2159 λεγόντων,
590 2080 635 2159 μή
661 2080 724 2141 όεῖν
745 2080 888 2146 τοιούτοις
910 2078 1174 2159 συμμολύνεσῦαι,
1198 2082 1273 2161 μήτε
1297 2082 1390 2161 λόγου

137 2172 304 2228 κοινωνεῖν
325 2171 396 2225 ctc.“

249 2296 288 2377 9)
313 2298 405 2356 Usum
429 2297 572 2356 ecclesiae
603 2301 743 2377 Syrorum
773 2298 977 2373 cognoscimus
1011 2318 1048 2354 ex
1086 2298 1300 2376 Aphraate,
1332 2300 1391 2359 lle-

136 2395 294 2444 monstrat.
325 2385 393 2445 VII.
415 2383 453 2442 de
476 2384 668 2462 poeniteutib.
693 2405 721 2442 u.
744 2392 772 2441 s.
798 2388 846 2445 11.
871 2387 919 2445 23.
945 2386 1090 2443 25-27:
1126 2386 1285 2465 Aliquibus
1321 2408 1390 2447 vero

137 2470 284 2529 delictum
307 2470 514 2531 confitentibus
535 2473 719 2549 poenitentia
742 2491 801 2529 non
824 2470 1001 2532 conceditur.
1027 2474 1054 2529 ll
1078 2470 1264 2551 dispensator
1287 2474 1391 2533 demus

137 2558 275 2616 Christi!
298 2557 390 2616 sodali
414 2571 465 2617 tuo
487 2560 701 2636 poenitentiam
721 2556 914 2617 concede
937 2568 967 2615 et
991 2572 1138 2618 momento
1166 2561 1390 2619 Dominum

136 2654 222 2703 tuum
246 2666 304 2703 nou
327 2666 464 2724 respuere
488 2647 682 2723 poenitentes,

250 2771 290 2858 h)
316 2777 406 2835 l'sum
444 2778 587 2835 ecclesiae
621 2776 783 2834 Africanae
814 2775 1071 2855 Cyprianus
1107 2778 1288 2847 testificatur,
1323 2797 1388 2835 cum

137 2863 223 2921 nulla
245 2862 378 2922 iudicata
399 2864 574 2923 clementiae
598 2865 730 2922 novitate
746 2862 794 2921 vel
810 2864 995 2940 gravissimis
1020 2862 1230 2940 peccatoribus,
1247 2866 1271 2921 si
1290 2866 1390 2941 poeni-

135 2959 202 3009 teat
224 2971 282 3019 eos,
306 2953 424 3009 veniam
448 2949 669 3010 concedendam
693 2971 757 3008 esse
781 2949 870 3019 dicit3
894 2953 943 3027 qui
969 2962 1047 3009 certe
1072 2949 1109 3007 ad
1133 2970 1216 3008 usum
1249 2951 1387 3008 ecclesis-

138 3058 205 3095 rum
229 3048 259 3095 et
281 3036 471 3097 traditionem
494 3058 610 3117 semper
633 3036 819 3115 respiciebat.
842 3033 911 3116 (Of,
937 3038 990 3115 llp.
1023 3040 1071 3105 os,
1095 3058 1122 3097 n.
1149 3038 1188 3113 5).
1224 3038 1270 3095 Of.
1299 3040 1387 3095 etiam

137 3124 426 3183 Tertulliani
450 3127 651 3183 testimonium
675 3126 921 3203 suprapositum.

251 3251 281 3336 i)
304 3256 351 3313 De
373 3276 427 3313 usu
443 3256 632 3314 ecclesiarum
649 3254 766 3313 (lalliae
791 3255 972 3313 irenaeus
996 3276 1013 3313 s
1036 3255 1202 3334 l'olycarpo
1220 3258 1387 3331 instructus,

137 3341 350 3418 Lugdunensis
372 3343 535 3420 episcopus,
559 3344 696 3400 certiores
720 3362 773 3399 nos
796 3340 893 3399 reddit
916 3342 1027 3399 Contra
1050 3343 1137 3413 haer„
1162 3342 1224 3411 ll,
1247 3361 1270 3399 c.
1291 3345 1337 3411 13,
1361 3362 1389 3399 n.

138 3432 237 3497 5-7;
260 3448 284 3486 c.
301 3430 329 3497 6,
351 3449 380 3487 n.
398 3430 426 3489 3.
449 3429 509 3488 Ubi
532 3430 670 3487 mulieres
693 3428 851 3486 nonnullas
874 3440 1028 3506 postquam
1053 3450 1117 3487 cum
1137 3429 1236 3487 lllsrco
1261 3428 1388 3487 haeresi-

137 3516 230 3573 archa
251 3517 357 3573 aliisve
380 3518 522 3593 gnosticis
544 3527 573 3575 et
596 3528 699 3575 contra
720 3516 894 3590 religionem
918 3528 947 3573 et
971 3526 1072 3573 contra
1095 3518 1261 3574 castitatem
1286 3536 1388 3594 pccca-

137 3604 261 3673 vissent‚
284 3603 483 3680 exomologesi
507 3603 584 3661 lacta
607 3622 765 3661 conversas
788 3622 853 3659 esse
876 3601 914 3659 ad
937 3602 1091 3661 ecclesiam
1117 3604 1174 3661 Dei
1199 3616 1298 3661 narrat
1321 3648 1327 3661 .
1351 3654 1356 3664 .
1382 3648 1388 3659 .

138 3689 223 3747 Idem
247 3710 285 3747 ex
308 3690 444 3768 Epistola
468 3712 519 3769 per
541 3690 697 3748 ecclesiam
727 3689 994 3747 Viennensem
1026 3699 1054 3747 et
1086 3688 1388 3766 Lugdunensem

139 3774 178 3833 de
211 3776 390 3855 martyribus
420 3797 446 3834 a.
472 3780 530 3835 177
565 3780 659 3855 passis
693 3776 731 3834 ad
761 3776 901 3834 ecclesias
936 3777 1027 3834 Asiae
1055 3777 1263 3856 Phrygiaeque
1299 3780 1390 3835 missa

140 3866 274 3938 emergit,
308 3884 396 3941 quam
427 3863 646 3922 Eusebius
679 3866 710 3921 in
734 3864 857 3922 historia
879 3884 932 3921 sua
962 3864 1162 3922 ecclesiastica
1185 3867 1304 3942 recepit.
1338 3863 1388 3922 uhi

139 3949 177 4007 de
200 3950 291 4028 lapsis
307 3952 339 4007 iu
361 3953 564 4029 persecutione
579 3951 699 4009 dicitur:
722 3951 750 4012 ol
766 3950 800 4011 dir
822 3950 919 4012 λοιποὶ
935 3950 1046 4019 πάντες
1068 3956 1104 4031 τῇ
1120 3950 1267 4031 ἐκκλησίᾳ
1290 3972 1385 4030 προσ·

140 4036 301 4116 ετέῦησαν.

244 4160 282 4248 k)
316 4168 395 4226 [sus
433 4169 623 4227 ecclesiarum
657 4169 824 4244 Hispaniae
861 4168 1011 4245 colligitur
1048 4189 1084 4225 ex
1120 4170 1253 4246 epistola,
1299 4190 1387 4247 quam

141 4253 321 4332 Synodus
353 4255 535 4333 llispaua
559 4254 598 4313 ad
621 4255 805 4334 Cypriacam
827 4265 856 4313 et
881 4256 954 4313 alios
978 4257 1008 4312 in
1032 4256 1164 4313 Africam
1189 4258 1277 4325 misit,
1311 4255 1387 4333 quod

140 4339 303 4399 Basilidem
325 4340 543 4417 Legioneusem
566 4351 596 4400 et
615 4341 783 4400 Martialem
806 4342 1037 4413 Asturicenscm,
1061 4343 1212 4420 episcopos
1236 4344 1266 4401 in
1291 4364 1388 4421 perse-

140 4428 256 4485 cutione
291 4428 396 4506 lapsos,
427 4429 520 4487 solnm
548 4428 585 4487 ad
609 4430 749 4486 laicorum
783 4431 1019 4486 communionem
1046 4428 1227 4491 admiserint.
1273 4429 1388 4505 Quibus

141 4513 230 4593 Cyp
243 4516 309 4572 ria
322 4536 372 4573 nu
385 4537 407 4585 s,
430 4516 485 4594 sp.
510 4518 550 4572 68
574 4518 651 4573 inter
673 4516 734 4573 alia
755 4514 919 4593 respondit:
948 4514 1151 4594 „Quapropter
1173 4536 1237 4574 cnm
1258 4562 1286 4573 ..
1308 4561 1314 4574 .
1337 4515 1388 4575 ob-

139 4609 319 4679 temperasse
341 4623 372 4660 se
395 4601 580 4661 idololatriae
603 4612 632 4660 et
656 4602 807 4660 Christum
830 4623 955 4678 negasse
978 4612 1157 4661 contestatus
1181 4606 1227 4670 sit,
1262 4623 1386 4681 cumque

139 4686 200 4744 ulia
222 4688 315 4746 multa
336 4691 396 4747 sint
418 4698 448 4748 et
470 4692 576 4767 gravia
597 4688 714 4760 delicta,
737 4688 844 4767 quibus
858 4688 1005 4747 Basilides
1029 4703 1057 4748 ct
1074 4691 1220 4748 Martialis
1243 4690 1386 4767 implicati

139 4781 284 4845 tenentur,
306 4776 415 4835 frustra
437 4776 511 4834 tales
534 4778 736 4854 episcopatum
759 4776 815 4835 sibi
839 4796 979 4854 usurpare
1002 4790 1152 4847 conantur,
1176 4821 1210 4839 ..
1235 4779 1386 4837 ,maxime
