3450 5342
879 441 1067 495 -258-

348 629 501 754 titali,
523 622 1600 762 :nicilsinistantlttl‘ttnltnltstillabant

348 771 529 823 voluntatem
547 766 678 820 divinam
788 763 864 818 enda
883 763 912 817 id
931 766 976 816 est
995 763 1025 816 ln
1043 763 1164 818 cantate
1182 763 1345 816 consistens
1363 763 1540 829 explicatur.

454 836 486 892 Α.
508 831 662 900 fflmidnst,
718 849 786 891 eva
810 835 931 901 strujs
954 833 1127 886 moderne
1149 834 1261 900 spolo
1294 832 1398 884 etike
1425 831 1524 895 (Nora
1546 847 1600 882 nro·

349 908 456 963 tbodrm
474 905 701 976 apolologeticae
723 900 901 968 modernae),
925 919 972 972 pg.
992 901 1138 956 atu-att.
1162 902 1242 956 Metu
1282 917 1317 955 ns
1335 916 1423 964 nova,
1446 903 1491 954 sic
1511 900 1600 952 dietus

349 977 579 1060 „dogmatismus
604 973 739 1029 moralis“
764 973 927 1041 explicatur
949 975 978 1026 et
1002 972 1158 1026 damnatur
1176 971 1400 1025 Iabertboniere
1421 975 1453 1022 et
1470 971 1599 1024 alierum

350 1047 399 1114 uni
411 1046 589 1169 rrroliplpaos
601 1047 664 1098 sine
677 1044 744 1098 ullis
761 1042 1074 1112 argumentationibus,
1094 1041 1157 1094 sine
1168 1041 1336 1123 operatione
1347 1041 1522 1123 intellectus
1535 1054 1600 1106 μισ»

349 1117 450 1186 ,enm
478 1155 494 1182 „
533 1115 606 1169 nae“
633 1113 791 1168 voluntatis
810 1112 957 1167 adducere
974 1113 1076 1165 volunt
1098 1125 1156 1164 non
1183 1111 1221 1164 sd
1248 1110 1299 1163 Der
1324 1118 1528 1180 cognitionem
1552 1110 1598 1162 sed

349 1187 386 1240 sd
406 1187 497 1240 vitam
517 1185 545 1237 in
566 1185 637 1238 Dee:
661 1183 746 1236 bomo
772 1183 859 1236 debet
883 1182 981 1234 velle
1005 1180 1152 1234 affirmare
1172 1181 1272 1243 Deum,
1299 1181 1388 1234 debet
1410 1181 1516 1231 reite
1538 1196 1598 1230 esse

351 1255 510 1310 secundum
530 1255 631 1308 Deum.

401 1461 536 1540 PARS
573 1457 1009 1538 DlSSENSlONlBUS
1044 1457 1206 1534 INTER
1238 1453 1548 1533 ECCLESIAM

401 1574 822 1661 OCCIDENTALEM
854 1577 922 1656 ΕΤ
957 1575 1303 1657 ORIENTALEM
1332 1575 1549 1656 COMPO·

701 1699 898 1778 NENDIS
926 1698 1242 1778 DESTlNATA.

941 1913 1011 1970 x11.

454 2047 499 2116 lle
523 2047 653 2116 motivis
678 2047 859 2132 potenteis
884 2048 972 2116 inter
998 2045 1189 2116 catbellcee
1214 2047 1249 2114 et
1272 2046 1492 2115 enbodoxoa

454 2189 516 2249 lam
548 2211 566 2246 a
596 2189 728 2267 pluribus
751 2189 877 2248 saeculis
908 2193 1004 2248 saevit
1031 2201 1181 2248 certamen
1212 2189 1410 2261 theologicum
1439 2190 1521 2246 inter
1545 2188 1599 2245 llo

350 2296 466 2334 manum
490 2277 646 2334 ecclesiam
675 2287 704 2334 ot
727 2277 868 2334 ecclesias
896 2276 1054 2334 orientales
1077 2275 1115 2334 ab
1145 2297 1181 2333 ea
1212 2289 1370 2352 separatas.
1416 2274 1597 2332 Adversarii

350 2366 500 2442 utriusque
530 2361 666 2422 omnibus
699 2374 818 2422 utuntur
848 2373 936 2441 atque
964 2361 1123 2422 abutuntur
1153 2364 1251 2429 armis,
1286 2383 1361 2441 qnae
1384 2382 1423 2419 ex
1449 2383 1532 2440 penu
1556 2362 1597 2418 di-

349 2450 540 2528 sciplinarum
560 2450 799 2527 theologicarum.
824 2449 1039 2514 historicarum.
1062 2449 1274 2526 liturgicarum,
1297 2450 1522 2528 patristiearnm
1539 2471 1600 2506 errr-

349 2541 443 2594 itntnr.
469 2537 609 2595 Attamen
633 2547 697 2614 post
719 2546 761 2594 tot
778 2539 948 2596 innumeras
971 2556 1085 2615 pugnas
1108 2554 1142 2594 ac
1166 2534 1290 2605 labores,
1322 2535 1453 2593 noudum
1480 2537 1599 2606 affulget

348 2622 422 2691 dies,
457 2644 514 2702 qno
537 2623 639 2681 foedus
661 2626 739 2681 inter
770 2625 875 2682 fratres
904 2644 968 2682 sese
998 2623 1036 2681 ad
1069 2626 1197 2681 invicem
1227 2621 1435 2683 dilacerantes,
1474 2623 1600 2680 feliciter

350 2725 503 2788 pangatur.

453 2798 548 2854 Erunt
576 2797 708 2866 tortasse,
739 2800 787 2874 qui
813 2796 946 2855 iudicent
969 2799 1114 2854 incassum
1143 2809 1258 2874 tempus
1289 2797 1343 2852 teri
1368 2797 1399 2852 in
1425 2796 1597 2855 huiusmodi

348 2882 567 2940 certaminibus.
591 2883 655 2941 Pax
679 2887 756 2942 inter
771 2895 922 2962 separatas
945 2883 1086 2941 ecclesias
1108 2886 1254 2941 somnium
1270 2881 1389 2960 quidem
1406 2896 1452 2940 est
1469 2905 1506 2941 ac
1524 2883 1598 2940 ludi-

347 2967 455 3028 brium:
479 2972 578 3048 itaque
603 2973 727 3048 propriis
743 2971 846 3028 saltem
871 2968 1015 3028 limitibus
1038 2969 1186 3047 quaelibet
1210 2969 1337 3027 ecclesia
1359 2990 1425 3027 sese
1440 2972 1596 3029 continear

348 3055 530 3134 aliarumque
561 3057 750 3116 ecclesiarum
773 3059 964 3115 existentiam
988 3059 1104 3135 penitus
1128 3060 1251 3132 ignoret.
1297 3057 1414 3135 l'tique,
1438 3059 1465 3114 si
1492 3059 1598 3127 religio

348 3139 511 3201 christiana
542 3165 598 3202 non
631 3143 668 3202 ad
695 3147 838 3202 unitatem
869 3144 999 3202 omnium
1029 3147 1060 3200 in
1083 3163 1166 3200 snam
1189 3144 1339 3200 vivificam
1368 3146 1512 3201 virtutem
1537 3165 1599 3201 cre-

348 3225 480 3288 dentium
505 3230 646 3297 tenderet,
672 3230 725 3288 hoc
749 3231 867 3308 quidem
895 3233 1037 3307 optimum
1068 3230 1222 3288 consilium
1246 3229 1285 3288 ml
1307 3249 1410 3307 pacem
1434 3231 1598 3289 fovendam

347 3315 539 3396 proculdubio
563 3315 716 3376 diceretur.
740 3317 807 3386 Sed,
831 3321 853 3375 si
873 3317 945 3375 liaeo
961 3319 1059 3375 unitas
1076 3319 1106 3374 in
1124 3319 1201 3375 votis
1217 3316 1347 3374 fidelium
1365 3330 1410 3387 cst
1426 3321 1601 3396 pariteran¹

348 3405 366 3462 a
390 3404 508 3462 (ln-isto
536 3413 685 3482 tamquam
718 3417 904 3482 [inacceptum
936 3407 1103 3481 imponitur,
1139 3404 1251 3462 nullum
1282 3418 1326 3460 est
1357 3403 1491 3472 dubium,
1527 3406 1601 3482 quin

347 3491 483 3549 omuibus
512 3491 641 3549 officium
665 3490 815 3550 incumbat
839 3493 959 3550 semitas
984 3490 1145 3570 ‹luserendi
1174 3503 1205 3547 nt
1228 3489 1357 3558 totidem,
1392 3493 1501 3569 sopitis
1525 3495 1602 3550 inte

348 3579 434 3635 stiriis
457 3576 620 3649 discordiis,
653 3578 778 3635 ecclesia
801 3581 830 3635 in
862 3599 951 3636 unum
975 3597 1079 3656 corpus
1102 3580 1270 3646 constitura,
1302 3589 1438 3635 catervas
1462 3577 1599 3639 hostiles

347 3685 423 3742 qliae
447 3665 554 3743 ubique
579 3665 864 3742 inpraesentiarum
887 3676 1065 3738 grassantur.
1088 3665 1263 3736 confringat.

457 3751 504 3810 nd
529 3749 687 3810 ibrendarn
718 3753 860 3810 unitatem
892 3751 1011 3830 qnidam
1039 3763 1213 3830 argumenta
1236 3751 1402 3828 theologica
1425 3755 1520 3810 serius
1543 3775 1594 3809 ex-

348 3837 505 3916 pendenda
520 3849 694 3916 proponunt.
719 3839 783 3896 Non
801 3858 943 3915 negamus
958 3839 1132 3914 theologicis
1148 3836 1310 3896 rationibus
1324 3840 1411 3896 inniti
1431 3839 1592 3915 lugendam

347 3927 562 4002 separationum
594 3926 792 3984 (aeclesiarum.
838 3926 905 3982 Non
936 3925 1089 3985 deliremnt
1121 3927 1171 4005 qui
1201 3927 1308 3983 leviter
1329 3941 1497 3983 assererent.
1518 3929 1593 3984 stus-

348 4013 460 4070 s'ionem
476 4011 666 4069 ecelesiarum
683 4015 826 4087 originem
844 4012 977 4071 hausisse
1000 4033 1037 4070 en
1054 4013 1190 4090 pollticis,
1213 4024 1244 4070 ut
1260 4016 1350 4084 aiunt,
1373 4015 1592 4072 antinomiis

347 4097 460 4156 scilicet
483 4117 521 4156 ex
543 4099 733 4156 acerbissimo
756 4099 831 4168 odio,
856 4099 933 4176 quod
964 4100 1015 4157 diu
1038 4102 1115 4157 inter
1138 4101 1267 4158 (lraecos
1290 4101 1385 4176 riguit
1407 4109 1437 4157 et
1461 4100 1591 4158 latinos

347 4181 484 4265 quvodqne
507 4183 623 4242 culmen
647 4188 746 4263 attigit
770 4187 800 4244 in
816 4187 986 4265 Byzantina
996 4186 1068 4244 urbe
1091 4207 1109 4243 a
1132 4189 1343 4263 crucesignatis
1365 4191 1537 4265 expugnata
1559 4207 1592 4244 ar

346 4268 476 4350 denique
503 4269 540 4328 ad
571 4273 694 4330 exitium
726 4273 866 4351 perduxit
888 4274 1039 4330 civitatem
1071 4276 1159 4330 terius
1190 4273 1260 4330 olim
1292 4276 1424 4333 Orientis
1451 4277 1591 4352 reginam.

347 4349 406 4416 Sed
430 4368 461 4415 ut
491 4360 600 4438 optime
623 4359 836 4419 animadvertit
858 4359 989 4418 ltevmus
1013 4359 1167 4418 Markorn‘t‘
1199 4360 1231 4418 in
1253 4381 1340 4438 opere
1374 4359 1441 4418 Gli
1476 4362 1590 4418 slat-i

347 4445 392 4502 ed
426 4449 435 4504 i
468 4447 575 4525 Papi,
610 4447 684 4506 tales
715 4469 818 4508 causas
850 4446 1008 4527 plurimum
1040 4445 1159 4524 quidem
1192 4447 1336 4505 inflexum
1366 4451 1534 4507 exercuisse
1561 4451 1590 4505 in

346 4535 516 4592 scissionem
540 4536 706 4594 enimenim
731 4538 781 4593 vix
805 4535 882 4593 ullus
904 4534 1046 4613 negabit:
1083 4531 1236 4592 fatendum
1261 4546 1360 4592 tamen
1382 4545 1428 4593 ost
1451 4557 1468 4592 a
1490 4536 1588 4593 Pirotii

346 4627 443 4702 aetate
466 4641 557 4698 usque
580 4621 618 4678 a'd
635 4631 735 4679 nostra
750 4633 883 4700 tempora
899 4622 976 4680 lianc
991 4624 1162 4681 scissionem
1183 4623 1340 4701 praecipue
1355 4641 1425 4699 prae
1442 4642 1474 4680 se
1488 4624 1585 4681 tulisse

346 4705 588 4766 citaracterom
620 4707 910 4784 theologicum:
935 4729 993 4765 non
1017 4708 1143 4786 amplius
1165 4707 1347 4786 disputatum
1370 4718 1414 4766 est
1437 4708 1476 4767 de
1499 4713 1585 4788 priri-
