3450 5342
679 300 869 356 -235-

257 485 480 546 Vetustissimus
503 485 597 546 codex
620 491 836 568 manuscriptus
855 489 941 548 huius
965 492 1175 548 nomocanonis
1198 499 1243 548 est
1265 511 1302 547 ex
1318 510 1396 548 saec.

136 573 216 630 xmo
240 571 288 652 (in
310 575 393 650 regia
416 573 487 635 bibl.
510 574 683 634 Monacensi
705 576 760 634 No.
784 574 870 654 498).
897 577 1012 635 Eodem
1044 577 1161 634 saeculo
1184 575 1328 635 adornata
1349 589 1395 636 est

136 662 242 719 versio
266 661 380 720 slavica
405 695 442 702 -
467 659 641 744 (secundum
664 663 780 722 Pavlov
803 661 856 722 sub
879 663 970 722 finem
993 682 1068 723 saec.
1093 664 1161 735 1x3
1189 697 1228 706 -
1253 663 1338 722 adest
1359 665 1392 722 in

137 750 344 825 manuscripto
366 748 505 824 Kormdej
532 748 626 826 knigi,
654 749 732 827 quod
755 760 924 808 asservatur
945 752 976 808 in
1000 770 1101 824 museo
1123 751 1330 826 llumjancov‘i
1351 785 1392 792 —

138 833 288 910 Nosse)
320 869 357 877 -
392 834 480 894 Circa
509 837 598 894 finem
629 846 725 894 autem
764 857 838 896 saec.
863 833 928 895 Xon
959 837 1008 895 vel
1038 839 1124 896 initio
1146 833 1227 894 111Ιηι
1257 839 1393 896 exaravit

140 921 307 979 monachus
317 921 505 1002 Euthymius,
518 923 595 982 filius
607 925 749 1001 principis
759 923 941 994 Grusiorum,
954 926 1120 983 versionem
1132 924 1296 983 Grusicam.
1308 925 1394 982 Haec

140 1017 213 1066 sunt
236 1009 444 1085 antiquissima
465 1012 594 1088 positiva
615 1013 785 1069 testimonia
809 1011 845 1069 da
862 1013 1024 1070 existentia
1046 1011 1167 1069 huiusce
1183 1013 1393 1070 nomocanonis

142 1096 376 1172 poenitentialis.

250 1181 322 1240 Eius
346 1181 477 1242 indolem
501 1185 524 1241 si
551 1182 781 1254 consideramus,
812 1186 987 1264 praeprimis
1018 1183 1180 1243 notandum
1204 1192 1255 1255 est,
1278 1193 1394 1262 tempus

142 1270 355 1345 poenitentiae,
379 1289 430 1328 sen
454 1279 572 1349 tempus
596 1270 763 1349 prohibitae
793 1273 1008 1330 communionis
1032 1291 1084 1350 pro
1107 1271 1232 1348 singulis
1254 1273 1393 1348 peccatis,

143 1355 175 1410 in
199 1357 291 1413 variis
322 1355 542 1416 redactionibus
575 1359 688 1416 varium
719 1377 792 1416 esse.
824 1359 860 1418 In
883 1378 918 1416 eo
940 1367 1042 1416 tammr
1074 1378 1176 1416 omnes
1207 1355 1394 1416 redactiones

143 1445 333 1514 conveniunt,
360 1443 442 1521 *quod
466 1445 556 1502 relate
580 1443 618 1502 ad
641 1443 830 1523 disciplinam
861 1447 1035 1505 canonicam
1065 1445 1209 1502 eeclesiae
1240 1443 1393 1502 orientalis

143 1531 262 1588 statutis
299 1531 488 1589 conciliorum
526 1541 555 1588 et
593 1532 725 1610 epistolis
763 1542 878 1610 patrum
915 1531 1086 1603 stabilitam,
1125 1531 1244 1589 brevius
1277 1539 1392 1608 tempus

145 1617 307 1692 assignant.
339 1617 497 1676 Praeterea
520 1621 689 1688 maximam,
721 1639 796 1697 quae
820 1618 923 1678 haberi
946 1629 1050 1698 potest.
1082 1618 1299 1695 indulgentiam
1321 1636 1393 1694 erga

146 1703 320 1762 confitentes
352 1703 567 1776 commendant,
591 1717 623 1763 ut
646 1705 708 1764 scil.
732 1709 918 1784 poenitentia
941 1727 1000 1765 non
1024 1703 1183 1765 secundnm
1214 1706 1391 1782 gravitatem

146 1789 333 1864 peccati'sed
357 1790 516 1850 seeundum
534 1794 612 1850 vires
629 1803 658 1850 et
673 1793 854 1852 voluntatem
879 1795 1059 1872 poenitentis
1081 1795 1256 1871 imponatur.
1279 1790 1392 1848 Habito

146 1877 236 1950 igitur
257 1889 391 1955 respectu
414 1877 452 1936 ad
476 1881 554 1937 vires
578 1889 607 1938 et
630 1881 812 1939 voluntatem
836 1883 1018 1959 poenitentis
1040 1881 1124 1940 licuit
1145 1881 1222 1958 patri
1245 1877 1390 1956 spirituali

146 1974 261 2040 tempus
284 1967 484 2042 poenitentiae
508 1965 693 2031 abbreviare:
717 1966 820 2026 eodem
844 1966 932 2026 modo
953 1968 1148 2026 confessarius
1170 1969 1202 2024 in
1214 1965 1393 2024 determina·

146 2051 225 2108 tione
249 2071 367 2129 operum
393 2054 593 2131 poenitentiae
617 2075 722 2132 nempe
746 2056 858 2124 ieiunii,
882 2056 1032 2126 orationis,
1063 2055 1278 2133 eleemosynae,
1300 2071 1392 2130 genu-

147 2136 305 2196 llexionum
330 2141 476 2216 respicere
492 2138 594 2198 debuit
609 2143 688 2199 vires
703 2151 733 2199 et
748 2141 932 2200 voluntatem
956 2143 1142 2219 poenitentis.
1164 2141 1201 2200 In
1223 2139 1392 2198 reductione

147 2225 225 2282 enim
246 2224 432 2288 Ἀκολουθία
457 2225 544 2304 (quae
567 2237 717 2306 tamquam
751 2227 982 2287 fundamentalis
1010 2225 1146 2306 habetur)
1168 2237 1253 2306 pater
1274 2228 1417 2306 spiritu--

148 2310 202 2368 alis
225 2313 387 2390 interrogat
409 2315 623 2391 poenitentem:
651 2315 728 2388 „Fili
751 2316 869 2394 qualem
888 2317 1101 2394 poenitentiam
1124 2325 1207 2393 potes
1229 2317 1392 2372 servare“'?

148 2409 175 2454 et
198 2401 297 2457 statim
328 2401 402 2458 ratio
434 2401 520 2459 huius
550 2403 789 2479 interrogationis
817 2401 992 2462 adducitur:
1026 2423 1112 2475 „nam
1142 2421 1201 2460 nen
1230 2400 1392 2460 secundum

147 2487 323 2558 gravitatem
345 2489 460 2565 peccati
484 2488 535 2546 sed
548 2487 707 2548 secundum
722 2492 799 2548 vires
822 2499 851 2547 et
863 2490 1046 2548 voluntatem
1064 2489 1232 2548 confitentis
1253 2487 1392 2546 determi-

149 2579 233 2629 natur
255 2575 464 2651 poenitentia.“
491 2576 528 2634 ln
541 2575 601 2634 alia
623 2575 801 2648 reductione,
824 2597 932 2655 nempe
947 2579 979 2634 in
996 2576 1115 2655 „depost
1143 2577 1280 2633 statuitur
1302 2577 1391 2632 etiam

148 2658 254 2734 regula,
278 2663 372 2732 neiis,
396 2664 446 2740 qui
460 2661 590 2720 nondum
606 2662 643 2720 ad
658 2659 783 2721 30⁸¹¹¹¹¹¹¹¹¹
806 2683 830 2723 a.
847 2666 954 2722 aetatis
965 2663 1164 2741 pervenerint,
1186 2664 1279 2720 maior
1290 2663 1391 2738 poeni·

148 2747 239 2804 tentia
254 2765 342 2825 quam
365 2747 487 2806 duorum
511 2749 559 2807 vel
571 2751 659 2807 trium
682 2770 825 2809 annorum
848 2753 1024 2828 imponatur.
1046 2749 1119 2808 Post
1142 2743 1269 2806 30³¹m¹¹¹¹¹
1293 2759 1391 2805 autem

149 2850 173 2887 a.
202 2835 308 2892 aetatis
336 2835 539 2913 peccatoribus
570 2856 628 2894 non
651 2838 745 2894 maior
766 2839 958 2916 poenitentia,
989 2856 1077 2914 quam
1103 2828 1219 2914 'septem
1248 2854 1391 2892 annorum

149 2915 367 2978 determinatur,
390 2921 494 3000 ltaque
517 2921 619 2981 habito
642 2933 775 3001 respectu
798 2922 835 2981 ad
853 2925 1067 3002 poenitentiam
1082 2924 1253 2980 eanonicam
1280 2925 1318 2978 15
1343 2921 1392 2978 vel

151 3007 189 3061 ‘20
205 3014 235 3063 et
255 3005 382 3084 plurium
407 3029 550 3068 annorum
570 3045 607 3052 —
624 3019 702 3068 certe
724 3030 833 3088 magna
849 3010 1017 3070 differentia
1031 3019 1061 3067 et
1077 3029 1191 3068 summa
1206 3007 1393 3086 indulgentia

150 3091 283 3152 inlibris
303 3095 564 3172 poenitentialibus
587 3097 707 3156 loannis
723 3097 885 3156 Nesteutae
908 3096 1162 3156 animadvertitur.
1184 3095 1269 3153 Nihil
1286 3097 1391 3152 mirum

149 3179 242 3254 igitur,
266 3181 343 3258 quod
366 3184 425 3240 iam
454 3194 581 3242 exeunte
611 3203 686 3242 saec.
711 3185 772 3242 111ο
802 3185 971 3263 patriarcha
1000 3184 1141 3242 Nicolaus
1171 3181 1389 3240 Grammaticus

151 3265 201 3324 hos
224 3265 314 3326 libros
337 3269 514 3347 reprobavit.

250 3355 341 3412 'l'este
365 3359 444 3414 enim
468 3357 691 3436 Harmenopulo
713 3357 806 3438 (Epir.
829 3377 893 3416 can.
917 3378 980 3436 cap.
1004 3355 1109 3433 ultim.)
1133 3354 1172 3412 ad
1187 3357 1391 3430 interrogatio-

150 3457 212 3496 nem
242 3442 451 3500 monachorum
487 3447 657 3503 monasterii
691 3445 842 3504 cuiusdam
877 3447 908 3503 in
943 3454 1042 3502 monte
1077 3443 1166 3513 Atho,
1201 3461 1270 3500 num
1303 3441 1389 3498 liceat

149 3529 358 3603 poenitentiam
393 3531 542 3609 imponere
576 3531 736 3590 secundum
771 3553 1004 3591 nomocanonem
1039 3532 1213 3600 Nesteutae,
1251 3528 1390 3586 Nicolaus

150 3613 314 3691 respondit:
343 3619 508 3695 „Scriptum
533 3617 606 3676 illud
630 3619 798 3690 Nesteutae,
822 3619 901 3698 qnod
918 3621 1041 3677 nimiam
1063 3618 1216 3675 lenitatem
1241 3615 1390 3681 adhibeat,

150 3701 308 3778 complures
332 3703 487 3780 perdidit.“
515 3703 629 3763 Eodem
661 3725 735 3764 saec.
759 3707 822 3764 xit>
848 3705 969 3784 quidam
993 3707 1118 3782 scriptor
1148 3704 1244 3762 Nicon
1277 3703 1390 3759 Monte·

151 3789 286 3864 negrinus
317 3792 375 3848 iam
407 3790 562 3850 dubitabat
584 3791 621 3850 de
644 3793 798 3852 authentia
826 3793 912 3850 huius
935 3793 1154 3851 nomocanonis.
1178 3790 1235 3847 His
1258 3808 1317 3846 non
1340 3786 1391 3846 ob·

151 3874 292 3934 stantibus
317 3897 500 3938 nomocanou
523 3880 685 3939 Nesteutae
708 3881 902 3939 communiter
923 3889 1074 3958 tamquam
1095 3897 1197 3936 norma
1214 3875 1390 3953 disciplinae

149 3964 366 4038 poenitentialis
390 3966 517 4038 valebat,
541 3979 626 4045 prout
648 3975 794 4028 testantur
814 3977 1027 4026 commentator
1042 3965 1201 4024 Balsamon
1217 3982 1292 4021 saec.
1310 3961 1390 4019 x11⁰

151 4046 249 4119 (Euat.
274 4051 325 4108 iv.
349 4073 376 4130 p.
393 4053 467 4125 426)
492 4067 521 4112 et
544 4053 759 4134 chartophylax
789 4054 1037 4132 Nicephorus
1060 4071 1135 4110 saec.
1158 4047 1254 4108 x111⁰
1286 4047 1389 4126 (Συντ.

152 4135 184 4196 l'.
205 4139 353 4205 sor-2).
387 4142 468 4197 Sacc.
501 4151 598 4200 antem
629 4141 705 4198 Xl'0
730 4151 759 4199 et
782 4143 917 4218 sequenti
948 4138 1179 4218 apprehenditur
1202 4139 1261 4195 iam
1284 4136 1391 4194 similis

152 4226 256 4281 reactio
280 4235 368 4304 atque
392 4229 423 4284 in
447 4227 598 4286 occidente
630 4247 704 4287 saec.
736 4228 810 4286 lX.⁰
834 4228 891 4286 lllo
914 4230 994 4284 enim
1022 4239 1152 4303 tempore
1182 4226 1318 4302 apparuit
1340 4243 1391 4280 ex-

152 4320 278 4387 cerptum
302 4331 339 4370 ex
364 4333 565 4374 nomocanone
598 4317 766 4381 Nesteutae,
790 4313 870 4392 quod
900 4313 1044 4371 Matthias
1074 4313 1223 4370 Blastares
1247 4331 1299 4369 suo
1322 4330 1392 4388 syn-

152 4401 269 4473 tagmati
296 4398 440 4458 adiunxit.
464 4401 539 4460 Inde
563 4410 657 4460 ortum
673 4411 718 4460 est
733 4401 893 4460 secundum
918 4420 1011 4478 genus
1034 4400 1243 4458 nomocanonis
1266 4397 1392 4454 Nesteu·

152 4493 203 4555 tae,
227 4484 257 4542 in
282 4507 339 4564 quo
363 4491 564 4565 poenitentiae
588 4491 647 4547 iam
671 4509 729 4546 non
753 4487 910 4546 arbitrario
935 4486 1021 4546 modo
1043 4495 1209 4543 statuuntur
1232 4482 1285 4541 sed
1307 4483 1392 4539 iuxta

150 4589 261 4630 normas
296 4576 435 4652 antiquae
470 4575 645 4654 disciplinae
679 4577 847 4634 canonicae.
882 4573 1080 4632 Redaetiones
1113 4572 1235 4628 huiusce
1268 4566 1390 4628 secundi
