3450 5342
851 279 1044 334 -ara-

319 465 426 524 buntur
457 467 556 522 variae
586 468 800 543 conceptiones.
847 467 953 525 l'ostea
983 487 1048 524 cum
1082 485 1114 522 se
1146 477 1322 542 occuparent
1356 466 1570 541 compositione

319 572 434 612 suorum
458 552 664 610 litterariorum
689 571 816 630 operum.
851 566 956 630 sponte
982 556 1026 609 eis
1056 555 1086 610 in
1117 555 1288 610 memoriam
1321 562 1481 609 venerunt
1510 571 1572 606 uou-

319 639 418 698 unllae
441 641 606 697 setrtentiae
637 652 666 695 et
689 642 896 716 expressiones
925 661 963 696 ex
987 639 1070 697 libris
1102 659 1161 698 nou
1193 641 1354 707 canonicis,
1395 657 1573 716 quamquam

319 745 377 784 non
402 724 552 783 habebunt
575 724 729 784 consilium
754 747 788 782 cu
811 725 932 795 citandi,
955 727 1046 784 simili
1068 726 1156 784 modo
1178 729 1254 784 sieut
1274 747 1327 784 uos
1351 747 1419 784 uon
1446 745 1515 781 raro
1534 725 1570 778 le

319 822 443 891 quentes
467 813 513 870 vel
538 811 699 870 scribentes
723 823 798 870 totas
822 815 913 870 series
935 815 1148 871 sententiarum
1170 833 1204 870 ac
1228 833 1366 870 somnum
1394 810 1573 868 adhibemus

319 919 378 958 non
401 898 681 964 animadvertentes,
713 921 748 956 eo
772 921 806 956 ex
832 921 919 978 opere
950 923 968 956 a
991 899 1076 958 nobis
1099 920 1201 958 recens
1223 899 1354 978 perlecto
1376 916 1496 955 exorta
1518 918 1575 954 esv:

319 988 350 1045 in
373 988 473 1044 animo
497 997 594 1044 nostro
618 1006 669 1064 per
686 999 783 1044 notam
809 986 904 1062 legem
917 989 1122 1044 ammirationis
1146 987 1462 1064 repraesentationum
1488 983 1576 1058 (ideu-

318 1073 395 1147 rum)
419 1073 578 1130 secundum
602 1073 777 1148 analogiam.
801 1073 889 1148 Quod
906 1073 1058 1132 accidebat
1081 1076 1171 1132 ctiam
1194 1072 1272 1152 apud
1289 1073 1463 1150 prophetas
1487 1087 1577 1148 piene

318 1162 403 1218 rioris
426 1161 574 1238 temporis,
598 1158 715 1236 qnando
739 1159 934 1237 loquebantur
956 1161 1059 1236 lingua
1080 1181 1197 1220 suorum
1220 1174 1474 1228 antecessorum
1506 1155 1576 1234 quel

320 1249 420 1304 evenit
444 1249 532 1304 etiam
558 1245 748 1324 scriptoribus
774 1247 808 1304 N.
831 1247 876 1317 'l‘.‚
899 1247 1017 1325 quando
1040 1250 1127 1306 iuviti
1152 1245 1387 1324 reproduxerunt
1415 1245 1577 1304 nonnula

319 1335 482 1392 sententias
506 1345 533 1390 et
558 1336 762 1412 expressiones
786 1346 871 1392 notas
894 1333 949 1392 sibi
973 1355 1010 1390 ex
1034 1333 1118 1392 libris
1142 1355 1200 1392 non
1212 1335 1374 1391 canonicis.
1401 1333 1455 1390 Ex
1483 1334 1574 1389 omni·

319 1418 373 1478 bus
396 1420 545 1497 hucusque
569 1417 657 1478 dictis
680 1420 749 1478 lieet
781 1433 860 1478 certo
890 1421 1065 1479 concludere
1088 1441 1185 1480 saeros
1207 1421 1244 1478 N.
1266 1421 1302 1476 Τ.
1325 1423 1499 1497 scriptores
1524 1439 1574 1474 uon

320 1508 475 1584 reliquisse
507 1504 617 1564 directa
657 1509 826 1564 testimonia
860 1506 897 1564 de
934 1529 992 1566 non
1029 1510 1179 1566 canonicis
1211 1507 1245 1563 l'.
1279 1507 1315 1563 'l'.
1348 1505 1450 1563 libris.
1497 1504 1575 1579 Quae

319 1595 542 1650 circumstantia
566 1595 643 1650 feret
669 1597 842 1662 sententiae,
873 1615 947 1672 «luae
972 1598 1076 1652 asserit
1101 1594 1232 1658 ludaeos,
1263 1591 1369 1672 quibus
1394 1591 1500 1650 rerba
1523 1591 1572 1648 tu

320 1677 490 1738 concredita
524 1693 616 1747 erant,
651 1680 788 1738 habuisse
821 1681 985 1756 legitimum
1019 1693 1191 1760 conceptum
1226 1679 1262 1738 de
1298 1681 1381 1737 libris
1419 1681 1577 1737 coutinen-

320 1765 398 1824 tibus
434 1769 543 1826 l'ontem
578 1767 770 1826 revelationis
802 1768 856 1824 ttei
889 1780 919 1825 et
952 1768 989 1825 de
1022 1768 1107 1826 libris
1140 1789 1219 1826 mere
1253 1767 1401 1825 humanae
1442 1767 1575 1842 origini·¹

320 1873 428 1931 cosque
455 1852 593 1910 tribuisse
617 1866 677 1912 tum
711 1854 755 1912 liis
779 1866 839 1912 tum
865 1855 924 1912 illis
953 1853 1086 1913 debitum
1117 1856 1222 1924 locum,
1251 1853 1383 1912 debitum
1418 1854 1572 1910 valorem:

320 1961 386 1998 nam
424 1942 456 1998 iu
489 1942 635 1998 contrario
672 1961 740 1999 cusu
776 1971 815 1984 ·-
851 1943 875 1998 si
911 1941 1013 2002 Iudaei
1052 1941 1143 1999 libros
1181 1963 1240 1999 uon
1272 1943 1437 1998 canonicos
1477 1941 1574 2014 sapui-

317 2036 471 2105 parassent
503 2027 585 2084 libris
617 2031 723 2086 Sacrae
754 2030 923 2106 scripturae
947 2061 988 2072 ·-
1013 2030 1060 2086 rel
1091 2032 1116 2086 si
1149 2029 1179 2085 hi
1203 2027 1272 2085 libri
1298 2063 1335 2070 -
1359 2026 1476 2104 quibus
1501 2041 1570 2082 teste

317 2114 442 2192 loseplro
468 2113 567 2171 ludaei
600 2116 760 2172 maximam
784 2114 952 2173 tribuebant
980 2118 1183 2174 alletoritatem
1213 2133 1241 2171 et
1273 2113 1379 2192 ‹pribus
1410 2131 1570 2190 propterea

318 2199 475 2258 utebantur
500 2235 537 2244 —-
564 2203 776 2259 continuissent
800 2200 964 2260 doctrinam
987 2205 1163 2260 contrariam
1187 2204 1277 2258 menti
1301 2201 1503 2258 revelationis
1526 2199 1569 2254 rel

316 2290 430 2346 semina
452 2287 744 2364 comprehendissent
766 2292 996 2366 perniciosarum
1020 2292 1199 2367 opinionum,
1231 2309 1303 2366 quas
1327 2289 1349 2344 l.
1373 2288 1520 2345 Christus
1541 2300 1567 2341 et

316 2374 441 2452 apostoli
465 2373 678 2452 impugnabant
709 2379 875 2433 necessario
905 2375 1083 2434 haberentur
1112 2378 1282 2434 testimonia
1303 2376 1327 2435 l.
1351 2374 1470 2432 (luisti
1498 2391 1527 2429 er
1547 2395 1566 2426 s

315 2464 488 2539 scriptorum
513 2461 548 2518 N.
571 2461 615 2525 Τ..
639 2481 714 2538 quae
738 2463 831 2540 primo
855 2465 887 2521 in
909 2484 980 2521 casu
996 2483 1124 2520 errorem
1146 2461 1320 2522 Iudaeorum
1345 2465 1510 2539 aperirent,
1538 2461 1563 2515 in

315 2547 443 2606 secundo
466 2567 535 2605 casu
557 2567 661 2606 cavere
686 2548 819 2606 iuberent
838 2549 982 2608 eiusmodi
995 2549 1085 2608 libros
1109 2561 1208 2628 utpote
1221 2552 1325 2608 noxios
1348 2559 1439 2625 atque
1458 2547 1567 2604 malunt

316 2635 433 2712 inipso
457 2637 568 2692 semine
592 2638 823 2712 exstinguerent.
847 2636 959 2711 Quodsi
984 2636 1027 2694 nil
1051 2636 1216 2694 huiusmodi
1240 2638 1409 2712 reperimus,
1434 2637 1502 2692 iure
1523 2648 1563 2688 est

314 2721 557 2793 concludendum,
581 2722 603 2778 l.
621 2722 771 2780 Christum
788 2739 816 2780 et
840 2724 987 2800 apostolos
1011 2723 1136 2782 tacendo
1159 2723 1195 2780 dc
1218 2721 1302 2780 libris
1325 2743 1383 2780 non
1407 2721 1560 2779 cartouiei«

314 2827 488 2866 consensum
512 2829 594 2866 suum
608 2829 673 2866 eum
690 2811 837 2886 opinione,
860 2831 948 2888 quam
962 2809 1065 2870 ludaei
1081 2810 1118 2868 de
1130 2811 1167 2868 iis
1190 2809 1348 2870 habebant„
1371 2810 1562 2885 expressisse.

315 2893 403 2952 Hauc
425 2894 641 2953 conclusionem
677 2917 734 2953 non
769 2917 833 2954 esse
856 2899 1043 2955 temerariam
1074 2911 1162 2975 atque
1195 2916 1358 2964 erroneam,
1392 2895 1560 2953 confirmari

313 2991 410 3059 potest
436 3001 474 3037 ex
496 2983 673 3039 testimoniis
698 2982 849 3042 indirectis
870 3005 1017 3042 sacrorum
1041 2985 1078 3043 N.
1093 2985 1129 3040 Τ.
1145 2985 1317 3061 scriptorum
1339 2982 1376 3040 de
1403 2981 1491 3039 libris
1508 3000 1565 3037 nou

312 3069 470 3136 canonicis,
494 3089 569 3145 quae
583 3071 736 3146 ¹[taenarium
747 3068 924 3128 directorum
937 3073 1171 3129 testimoniorum
1184 3082 1383 3148 compensant.
1409 3068 1559 3126 ltceensiti

312 3156 393 3214 enim
416 3175 434 3212 o
458 3154 541 3214 nobis
564 3155 621 3212 loci
645 3157 780 3233 paralleli
804 3178 820 3214 c
844 3158 879 3216 N.
903 3158 939 3217 Τ.
962 3169 993 3216 ct
1015 3157 1099 3216 libris
1117 3178 1174 3216 non
1197 3159 1347 3215 canonicis
1372 3158 1501 3214 inuuunt
1517 3172 1558 3211 sa·

315 3261 379 3300 cros
413 3243 450 3299 N.
483 3243 518 3302 Τ.
554 3244 709 3320 scriptores
743 3243 845 3302 eodem
874 3243 961 3301 modo
994 3259 1026 3302 ut
1056 3244 1230 3321 coaequales
1269 3263 1369 3301 eorum
1400 3242 1446 3300 his
1483 3240 1562 3299 libris

312 3349 379 3386 usos
396 3349 467 3396 csse,
492 3349 550 3386 non
574 3338 723 3406 tamquam
740 3329 823 3388 libris
846 3329 967 3389 divinae
983 3333 1115 3408 originis,
1138 3332 1207 3408 quia
1220 3350 1379 3408 numquam
1403 3328 1441 3386 ad
1465 3345 1559 3387 aneto

311 3417 428 3474 ritatem
451 3437 550 3474 eorum
573 3427 741 3494 provocant.
767 3416 977 3476 attribuebant
1000 3418 1083 3476 libris
1100 3439 1158 3476 non
1178 3419 1329 3476 canonicis
1351 3417 1486 3473 valorem
1509 3414 1555 3470 do·

312 3513 513 3561 cnmentorurn
537 3503 741 3561 historicorum
771 3504 922 3580 religionis
946 3525 979 3562 ac
1003 3506 1131 3582 liuguae,
1165 3505 1295 3562 valorem
1319 3505 1557 3562 testimoniorum.

313 3609 388 3666 quae
411 3600 521 3647 rectum
545 3589 719 3649 Iudaeorum
743 3590 924 3649 intellectum
948 3595 1056 3650 sacrae
1079 3594 1246 3670 Scripturas
1272 3591 1305 3647 V.
1329 3591 1364 3647 Τ.
1394 3605 1557 3666 rectamque

312 3677 586 3754 interpretationem
609 3686 765 3734 contentae
782 3679 814 3735 in
830 3679 868 3736 iis
884 3677 1035 3736 doctrinae
1051 3679 1263 3745 demonstrant,
1286 3677 1415 3734 valorem
1433 3675 1557 3753 denique

313 3774 569 3822 monumentorum
593 3765 706 3840 piorum
731 3765 847 3841 regulas
872 3786 961 3824 verae
985 3767 1160 3824 moralitatis
1183 3767 1405 3823 continentium.

414 3867 444 3925 S.
466 3867 590 3925 Paulum
615 3869 788 3942 cognovisse
812 3867 919 3927 librum
937 3890 995 3927 non
1016 3870 1191 3927 canonicum
1210 3868 1382 3945 Sapientiae
1398 3865 1560 3922 Salomoni³

310 3950 441 4010 admittit
465 3953 501 4011 N.
525 3954 561 4014 N.
585 3952 867 4013 ttlubokovski
872 3958 885 4030 j
901 3952 967 4035 141),
1002 3957 1033 4014 in
1056 3955 1170 4014 erudito
1193 3953 1317 4012 articulo
1347 3952 1558 4030 philosophico·

351 4153 393 4208 ¹⁴¹)
413 4153 457 4205 Os.
483 4167 621 4208 onocrout·
646 4155 756 4228 lissam
782 4173 800 4211 rt
826 4172 1076 4213 somnonauectaa
1105 4171 1193 4211 saara
1217 4169 1417 4224 uocayrpoerrt
1443 4155 1557 4209 coson-

413 4223 507 4275 ttosoil.
533 4223 620 4292 kirist.
645 4226 739 4278 tltenie
765 4243 787 4279 a.
815 4231 890 4282 1902.
916 4231 1004 4294 (Ape.)
1031 4245 1056 4295 p.
1077 4227 1233 4285 tlt-eom
1257 4243 1281 4276 a.
1307 4227 1384 4278 1903.
1417 4223 1518 4288 (Febr.)
1534 4239 1557 4288 p.

413 4291 1558 4364 aer-aeonia)roa-mmmmras-roo‚ioct.)tot-tt1‚(necitis-sn.

414 4361 444 4413 Α.
469 4362 496 4414 P.
522 4361 650 4428 Lopuhin
676 4363 851 4416 inversione
876 4367 969 4433 operis
994 4367 1073 4418 aFr.
1093 4365 1133 4416 ll'.
1159 4366 1257 4418 Fartar
1276 4363 1439 4430 compositi:
1464 4363 1558 4418 Kasos

414 4444 431 4484 n
451 4444 546 4499 rpyua
565 4445 604 4484 cs.
624 4446 760 4488 onocrosa
779 4435 881 4491 [lasus.
901 4436 958 4489 t'lio
994 4437 1061 4488 lest
1081 4451 1107 4501 p.
1130 4438 1181 4487 827
1206 4434 1310 4500 accipit
1328 4432 1517 4498 cognitionem
1534 4435 1563 4482 et.

414 4515 496 4552 nsum
515 4501 671 4624 {epirotica
691 4503 847 4556 Salomonis
873 4521 929 4557 aa.
949 4504 1033 4556 Paulo
1054 4521 1104 4571 pro
1132 4520 1237 4571 „paene
1258 4504 1318 4555 sine
1337 4501 1438 4554 dubio“
1461 4513 1559 4555 tuosrt.

413 4583 517 4624 secortn
540 4584 613 4633 ttsoj.
