3450 5342
657 405 692 412 ‚,
719 375 782 430 3131
809 406 848 414 -

114 562 267 635 supponit
282 562 341 616 iarn
358 563 510 618 remissum
528 570 705 638 peccatrtm.“
727 566 881 629 suarez,
899 563 943 620 lle
961 583 1043 640 poert.
1060 560 1134 640 disp.
1152 571 1179 632 s,
1197 585 1217 621 s.
1235 567 1307 635 3,11.
1327 566 1374 620 15.

239 647 335 703 Sobel.
360 651 387 703 3.
422 646 575 723 tlbligatio
605 651 810 707 contritionem
841 651 1003 726 perfectam
1036 649 1174 706 eliciendi
1207 652 1238 708 ln
1260 653 1374 728 peccati

115 732 261 790 mortalis
284 754 333 791 reo
357 754 576 812 nonnumquam
600 734 685 792 adest
700 757 752 812 per
767 758 805 805 se,
830 737 942 794 scilicet
959 738 990 792 in
1006 735 1137 794 critlcnti
1162 749 1212 794 aut
1227 735 1373 814 probabili

116 820 231 876 inertis
260 820 309 876 vel
338 823 486 878 amentiae
517 825 673 880 continuae
695 823 833 900 periurio,
865 823 916 882 nbi
940 824 1039 881 claros
1063 822 1138 880 adiri
1162 843 1220 882 non
1243 835 1373 901 possunt.

118 905 174 961 (fl'.
201 906 468 979 ll'iotrorrski,
495 909 539 966 lle
561 929 645 986 poen.
669 911 760 968 conel.
787 913 834 977 rt,
857 933 880 967 1.
905 915 932 980 3,
958 917 973 981 5
998 913 1026 966 l.
1054 911 1112 967 Per
1134 909 1272 968 trocidens
1295 907 1327 990 (i.
1349 930 1373 968 e.

118 1001 159 1048 ut
182 992 264 1050 aliud
286 1005 474 1072 praeceptum
498 994 597 1053 debite
621 997 735 1075 impleri
760 1000 863 1074 possit)
892 997 1060 1054 necessaria
1083 1009 1125 1054 est
1150 999 1286 1054 contritio
1310 1016 1373 1074 per-

119 1079 214 1148 fecta,
242 1082 265 1137 si
290 1082 426 1139 minister
447 1097 633 1142 consecratus
656 1086 802 1141 exsistens
825 1087 856 1141 in
881 1084 996 1141 mortali
1020 1081 1226 1142 administrare
1250 1091 1278 1141 et
1302 1104 1374 1142 coir-

119 1166 215 1223 ticere
238 1165 344 1225 debeat
367 1180 590 1235 sacramentum,
614 1190 668 1228 nec
691 1170 767 1227 adsit
791 1173 876 1248 copia
898 1171 1078 1238 confessarii,
1102 1169 1149 1228 vel
1169 1173 1193 1227 si
1217 1173 1282 1248 quis
1305 1189 1371 1228 reus

119 1256 240 1328 peccati
264 1255 396 1312 mortalis
412 1258 559 1332 suscipere
579 1255 685 1314 debeat
709 1271 923 1324 sacramentum
948 1259 1081 1314 rivorum
1105 1271 1133 1314 et
1157 1257 1288 1316 confiteri
1313 1277 1371 1314 non

117 1341 219 1414 possit
243 1351 293 1397 ant
315 1342 397 1410 nolit,
420 1342 467 1398 vel
491 1345 515 1400 si
540 1346 605 1420 quis
624 1345 653 1400 in
670 1359 747 1402 statu
772 1347 884 1422 peccati
909 1345 1040 1402 mortalis
1064 1363 1169 1415 graves
1193 1346 1370 1401 tentationes

119 1427 264 1502 pratiatur,
288 1447 360 1504 qum
384 1431 535 1486 existimat
557 1450 694 1506 superare
717 1452 748 1488 so
773 1452 831 1488 non
855 1453 947 1508 posse,
972 1433 1027 1488 nisi
1046 1451 1203 1488 conversus
1220 1429 1257 1488 ad
1273 1431 1370 1488 Deum

119 1515 240 1571 maiora
263 1516 375 1572 auxilia
397 1517 509 1590 gratiae
532 1515 672 1574 obtineat.
698 1517 780 1575 Haec
803 1517 922 1597 quidem
946 1517 982 1574 ab
1007 1517 1142 1574 omnibns
1166 1515 1372 1576 conceduntur.

239 1603 279 1658 At
301 1605 434 1679 quaestio
456 1614 509 1671 est,
533 1623 601 1660 num
625 1601 771 1680 obligetur
794 1607 826 1665 is.
853 1607 903 1682 qui
927 1625 1017 1682 grave
1042 1615 1193 1682 peccatum
1217 1607 1372 1676 commisit,

119 1698 158 1742 nt
181 1707 269 1763 (quam
292 1689 418 1766 primum
431 1699 604 1747 conteratur.
617 1692 759 1748 Assercre
775 1691 850 1748 banc
874 1691 1084 1766 obligationem
1102 1693 1164 1768 ipse
1180 1713 1201 1748 s.
1218 1692 1245 1748 'l‘
1252 1691 1373 1748 homas

118 1771 252 1844 ridetur,
278 1775 311 1832 ln
325 1775 342 1832 l.
355 1780 384 1833 1,
396 1775 463 1833 dist.
482 1780 528 1843 17,
542 1797 569 1854 q.
587 1780 614 1844 3,
627 1797 652 1834 a.
672 1782 697 1847 1,
710 1799 732 1834 s.
745 1779 796 1838 IV.
814 1777 975 1856 (supplem.
989 1799 1016 1857 q.
1031 1780 1057 1847 6,
1070 1798 1095 1835 a.
1109 1781 1152 1856 ir):
1181 1776 1373 1854 „llespondeo

120 1858 294 1933 dicendum,
329 1862 406 1940 quod
436 1883 501 1920 cnm
533 1866 712 1941 propositum
743 1863 901 1922 confitendi
938 1868 976 1922 sit
1010 1885 1158 1922 annexum
1194 1865 1372 1932 contritioni,

120 1959 198 2004 tunc
218 1957 334 2006 tenetur
356 1950 463 2027 aliquis
479 1949 517 2007 ad
533 1949 588 2008 lmc
604 1954 792 2028 propositum,
814 1953 933 2029 quando
957 1950 994 2010 ad
1014 1954 1218 2010 contritionem
1242 1961 1369 2011 tenetur:

123 2053 168 2090 sc.
199 2035 351 2112 quando
381 2048 546 2113 peccata
577 2041 785 2096 memoriae
816 2051 1038 2103 occurrunt,
1066 2059 1131 2097 cnm
1162 2039 1318 2116 praecipue
1342 2039 1371 2095 in

121 2121 256 2197 periculo
278 2126 380 2180 mortis
401 2125 519 2181 exsistit
542 2134 591 2181 ant
614 2127 645 2182 in
668 2125 767 2203 aliquo
797 2125 929 2194 articulo,
961 2127 991 2182 in
1015 2146 1072 2203 qno
1095 2127 1158 2182 sine
1189 2127 1302 2202 peccati
1327 2145 1371 2182 re-

122 2209 267 2266 missione
297 2221 428 2287 oporteat
459 2231 525 2268 enm
556 2221 708 2288 peceatum
739 2214 913 2270 1111111111.ιι
956 2213 1002 2270 Cf.
1028 2213 1065 2268 ll.
1092 2213 1136 2279 ll.‚
1168 2233 1195 2289 q.
1220 2215 1269 2276 112,
1293 2232 1317 2268 a.
1342 2215 1371 2268 tl.

123 2295 271 2352 Similiter
301 2297 577 2355 Bonaventura
605 2300 742 2376 loquitur,
773 2300 808 2356 ln
832 2299 850 2356 l.
874 2303 902 2367 l,
933 2298 960 2356 d.
988 2301 1034 2367 li,
1062 2318 1089 2375 q.
1114 2301 1141 2356 3.
1178 2299 1265 2356 Certe
1294 2299 1371 2356 lianc

123 2383 296 2457 opinionem
319 2393 475 2442 tennerunt
498 2385 717 2444 Guilelmus
746 2387 836 2456 Pan,
867 2387 1033 2444 Thomas
1064 2384 1108 2443 de
1137 2387 1371 2462 Argerrtina,

126 2469 360 2540 Antoninus,
388 2474 612 2538 Caietanus
637 2474 780 2530 Petras
804 2477 901 2544 boto,
933 2474 978 2530 lo.
1003 2473 1134 2543 Maior,
1159 2471 1372 2542 Cardenus,

124 2556 263 2612 Amort
294 2554 411 2636 (saltem
435 2558 488 2616 snb
512 2558 644 2635 veniali),
676 2559 736 2616 alii.
774 2559 858 2634 Quae
882 2561 1029 2617 sententia
1052 2561 1094 2616 ita
1116 2569 1212 2636 potest
1235 2558 1368 2616 srtaderi:

124 2641 276 2700 'l'cnemur
291 2665 362 2702 stine
378 2649 524 2722 attingere
540 2647 628 2704 tinem
646 2658 776 2704 nostram
793 2647 936 2716 ultimum,
953 2645 991 2703 ad
1004 2665 1089 2724 ‹quem
1107 2648 1224 2704 unicam
1243 2644 1371 2703 medium

125 2738 187 2786 est:
222 2751 341 2788 manere
371 2734 402 2790 in
433 2734 529 2810 gratia
559 2735 632 2806 llei3
669 2732 818 2808 obligatio,
849 2752 924 2811 quae
948 2731 1073 2790 habetur
1095 2731 1131 2790 ad
1157 2733 1211 2790 boc
1234 2731 1371 2803 medium,

125 2815 254 2874 laeditur
269 2820 373 2894 quovis
390 2822 474 2896 gravi
492 2830 618 2896 peccato,
640 2819 693 2876 secl
716 2830 870 2897 propterea
891 2840 949 2878 non
965 2819 1082 2890 desinit,
1107 2829 1235 2877 mutatur
1256 2829 1370 2876 tanturn

126 2904 158 2959 in
182 2902 392 2980 obligationem
416 2907 608 2984 recuperandi
632 2927 714 2967 eam:
750 2909 808 2964 iam
840 2907 913 2964 haec
943 2905 1084 2982 obligatio
1117 2918 1220 2963 natura
1247 2927 1299 2964 sna
1326 2917 1370 2964 est

125 2991 222 3065 potins
252 2990 394 3067 obligatio
425 2993 463 3050 ad
493 2993 531 3058 id,
564 3006 594 3051 nt
627 3015 684 3052 non
709 2995 800 3051 simus
822 2995 854 3051 in
878 3003 954 3051 statu
978 2995 1091 3070 peccati
1115 3013 1165 3050 seu
1197 2995 1370 3051 inimicitiae

126 3074 247 3134 (livinae
270 3077 395 3156 ideoque
418 3083 559 3156 negativa
573 3093 603 3139 et
622 3081 757 3158 obligans
781 3101 904 3158 semper,
928 3080 1045 3159 quando
1070 3091 1189 3157 peccata
1213 3082 1370 3138 memoriae

125 3178 287 3222 occurrunt.
322 3167 359 3223 nt
384 3180 478 3244 potest
502 3168 686 3226 conlirmari:
718 3169 749 3226 Si
774 3168 875 3225 liceret
899 3188 1017 3226 manere
1042 3170 1072 3224 in
1096 3177 1173 3224 statn
1198 3169 1370 3223 inimicitiae

126 3269 191 3305 cunr
216 3251 286 3312 lleo.
316 3255 407 3312 etiarn
430 3255 531 3312 liceret
554 3254 632 3312 lrnnc
654 3264 763 3312 statum
786 3257 913 3332 positive
938 3256 1022 3312 velle.
1062 3253 1120 3313 b'ed
1144 3253 1199 3311 lroe
1223 3268 1301 3310 certe
1325 3264 1368 3310 est

127 3349 285 3412 peceatum.

233 3425 393 3483 Praeterea
414 3429 541 3503 pessime
564 3427 693 3504 profecto
717 3427 772 3484 sibi
802 3427 936 3498 consrrlit,
969 3429 1019 3505 qni
1043 3449 1073 3483 sc
1097 3429 1218 3502 exponit
1241 3425 1370 3502 periculo

127 3522 185 3566 tum
211 3513 339 3570 iacturae
362 3515 509 3590 temporie,
542 3524 686 3592 quatenus
709 3533 764 3571 nec
787 3517 818 3570 in
843 3516 893 3570 ria
916 3514 1018 3572 salutis
1042 3512 1178 3590 progredi
1201 3515 1292 3590 possit
1317 3532 1370 3569 nec

130 3601 285 3676 quicquam
307 3598 380 3656 lucri
404 3619 441 3657 ex
464 3599 601 3677 operibus
624 3603 683 3658 suis
707 3603 799 3678 possit
821 3603 980 3678 percipere,
1014 3598 1091 3676 quod
1123 3609 1260 3657 aeternae
1291 3601 1370 3656 vitae

129 3684 304 3760 condignum
329 3689 366 3743 sit
398 3688 446 3763 (ct'.
473 3691 487 3744 1
514 3687 580 3744 Cor.
607 3691 654 3755 13,
679 3690 706 3744 2.
731 3684 771 3764 3),
802 3698 863 3744 tnm
888 3685 1044 3764 proruendi
1068 3707 1083 3741 e
1108 3695 1226 3763 peccato
1250 3688 1281 3742 in
1303 3705 1370 3764 pec-

130 3787 224 3829 catum
248 3775 297 3831 lcl'.
321 3773 448 3830 Thom.
472 3775 536 3852 Aq.
562 3775 583 3831 l.
608 3775 654 3841 ll..
678 3795 705 3852 q.
733 3779 800 3844 lca,
824 3794 849 3830 a.
874 3775 915 3850 4),
951 3781 1012 3831 tnm
1036 3782 1065 3830 ct
1088 3783 1225 3830 aeternae
1248 3771 1370 3830 damna-

129 3860 227 3918 tionis:
261 3859 397 3917 omnibus
420 3861 540 3937 quidem
562 3860 673 3919 dictum
697 3875 757 3919 est:
792 3861 945 3936 ‚vigilate‘2
980 3869 1010 3916 at
1039 3861 1187 3937 peccatori
1214 3863 1368 3936 praecipue

129 3943 236 4002 dictum
259 3945 394 4004 ridetur:
418 3947 494 4023 ‚Qua
510 3949 583 4005 bora
598 3969 657 4006 non
672 3950 782 4025 putatis
798 3950 934 4004 veniam‘.
960 3947 1005 4004 Ul‘.
1028 3949 1186 4022 liregor.
1212 3947 1257 4009 lt..
1281 3946 1369 4003 llorn.

133 4037 167 4088 12
191 4034 223 4090 in
246 4053 364 4109 evang:
398 4035 531 4106 Hiran,
554 4037 590 4093 ln
613 4035 666 4092 Mt.
689 4055 713 4091 c.
737 4038 794 4096 21:
831 4035 997 4104 Hieron,
1024 4035 1057 4090 ln
1081 4033 1172 4090 Miclr.
1195 4053 1218 4090 c.
1244 4035 1270 4090 ti.
1304 4033 1367 4090 Nec

130 4121 207 4177 iurat
237 4141 384 4197 opponere
413 4121 630 4199 providentiam
662 4121 812 4194 divinam3
848 4141 916 4178 nam
940 4122 1125 4198 experientia
1148 4130 1191 4178 est
1214 4123 1369 4198 contraria,
1431 4155 1439 4168 ·

134 4206 282 4284 nihilque
313 4209 419 4279 verius,
453 4229 541 4287 quarn
565 4208 643 4287 quod
666 4229 684 4264 a
706 4207 875 4284 crepundiis
899 4207 1074 4278 audivimus,
1109 4227 1209 4283 gerere
1237 4209 1370 4284 viperam

131 4295 254 4364 incisu,
278 4296 327 4371 qui
352 4295 437 4353 corde
460 4308 614 4374 peceatum
636 4297 721 4370 gerit.
755 4293 844 4352 Unde
867 4295 951 4352 Eccli
977 4297 1029 4352 21:
1065 4294 1230 4370 Tamquam
1255 4313 1272 4349 a
1296 4293 1369 4350 l'acie

130 4379 237 4438 eclrrhri
260 4379 329 4457 fuge
351 4387 529 4458 peccatum*
572 4382 618 4440 Cf.
640 4383 686 4439 Mt
710 4384 759 4449 21,
783 4385 837 4455 41;
862 4385 911 4454 25,
939 4385 989 4454 13;
1022 4383 1069 4438 lllc
1096 4381 1142 4450 13,
1168 4382 1220 4440 aa:
1253 4380 1295 4435 Lo
1322 4381 1368 4443 12,

131 4468 166 4523 33
190 4487 224 4540 1.;
249 4469 299 4536 21,
323 4470 376 4541 31ς
412 4467 464 4527 sed
487 4471 594 4540 omnia,
629 4489 705 4546 quam
728 4471 760 4526 in
783 4471 928 4547 scriptura
951 4480 1151 4548 proponuntnr
1174 4465 1226 4524 sub
1250 4467 1370 4522 commi·

131 4555 244 4612 natione
260 4566 399 4613 aeternae
414 4555 621 4627 damnationis,
638 4558 734 4634 posita
750 4566 817 4614 sunt
833 4557 887 4614 sub
903 4559 1032 4632 rigoroso
1049 4562 1213 4633 praecepto,
1237 4560 1268 4610 nt
1285 4551 1370 4610 docet

131 4641 277 4710 buaren,
313 4643 360 4700 lle
383 4642 449 4714 lide,
479 4642 507 4700 d.
534 4648 559 4714 1,
587 4665 609 4702 s.
635 4647 660 4714 1,
690 4665 717 4700 n.
742 4645 769 4701 2.
803 4645 937 4700 1111111·
961 4642 1019 4714 ille,
1055 4645 1104 4718 qni
1128 4643 1224 4700 subito
1247 4642 1369 4698 moritur·
