3450 5342
891 363 1087 419 -288-

362 560 489 609 aetatem
513 551 692 629 scripserunt
711 548 931 609 Caiechismum
954 549 1086 608 ciusdem
1110 550 1303 629 approbatum
1327 571 1345 608 a
1367 552 1396 609 S,
1413 550 1533 630 synodo
1558 570 1617 609 cen

362 657 494 696 normam
519 638 611 697 secuti
635 644 711 695 sunt.

467 724 703 783 Consentiuntnc
722 744 823 781 omnes
843 724 1003 781 Russorum
1018 723 1148 801 theologi
1186 722 1224 781 de
1240 743 1360 781 numero
1384 722 1524 780 librorum
1539 744 1615 801 apo-

362 805 592 890 cryphorum80)
615 830 680 868 cum
703 810 878 869 Philareto?
902 810 1101 869 Silvestro
1118 809 1369 869 archimandritae
1379 804 1422 878 ⁸¹)
1445 809 1614 889 apocryphi
1711 861 1712 890 3

364 898 398 957 V.
421 898 456 954 Ψ.
478 896 618 955 videntur
639 916 704 955 esse
727 896 808 955 libri:
830 896 944 955 Tobiae
967 916 1030 975 cap.
1053 897 1147 967 XIV„
1169 896 1272 955 Iudith
1294 916 1357 975 cap.
1373 896 1468 964 XVI,
1492 896 1611 954 Baruch
1711 897 1713 966 ,

363 1004 425 1063 cap.
450 984 493 1055 V.,
517 984 540 1041 I.
565 982 804 1042 Maccahaeorum
828 1004 892 1062 cap.
915 984 1009 1055 XVI,
1033 985 1073 1042 ll.
1095 982 1340 1043 Maccahaeorum
1362 1003 1428 1061 cap.
1451 983 1531 1044 XV„
1553 983 1614 1040 III.

363 1070 608 1129 Maccahaeorum
631 1089 693 1149 cap.
717 1070 794 1139 vll,
822 1071 877 1128 III.
901 1069 1016 1129 Esdrae
1038 1092 1102 1150 cap.
1123 1070 1189 1130 IX„
1213 1070 1269 1131 IV.
1292 1069 1407 1128 Esdrae
1429 1090 1495 1148 cap.
1517 1070 1612 1139 xvi„

364 1157 535 1236 Sapientiae
557 1177 620 1235 cap.
643 1158 741 1229 xix,
763 1157 966 1216 Ecclesiastici
989 1160 1053 1215 sive
1077 1157 1228 1217 Siracidae
1250 1178 1313 1235 cap.
1336 1158 1387 1217 LI.
1410 1157 1452 1214 Et
1476 1156 1550 1215 haec
1571 1155 1611 1214 de

361 1243 445 1303 libris
478 1246 621 1321 integris,
660 1252 812 1321 practerea
848 1252 946 1302 autem
980 1245 1187 1304 nonnullorum
1223 1247 1432 1303 canonicorum
1464 1242 1607 1301 librorum
1711 1255 1712 1270 ³

362 1330 505 1409 quasdam
527 1340 625 1409 part-es
648 1351 700 1389 seu
722 1333 818 1409 potins
841 1329 1046 1390 additamenta
1067 1352 1127 1391 non
1149 1334 1300 1400 canonica,
1324 1351 1420 1409 neque
1443 1330 1481 1388 ab
1505 1329 1608 1389 eodem
1711 1333 1712 1348 ³

362 1420 503 1496 scriptore
526 1420 695 1496 composita,
729 1416 781 1475 sed
803 1416 924 1476 aliunde
948 1420 1058 1477 inserta
1087 1417 1212 1496 ideoque
1235 1418 1405 1498 apocrypha
1435 1436 1502 1477 esse
1525 1416 1608 1476 docet
1711 1473 1712 1498 ,

362 1514 510 1583 quattuor:
545 1508 570 1562 1.
593 1504 752 1576 Psalmum,
776 1507 827 1583 qui
850 1506 882 1563 in
904 1504 963 1563 line
985 1505 1125 1563 Psalierii
1147 1513 1232 1563 extra
1253 1504 1314 1566 CL.
1337 1504 1473 1562 adicitur.
1497 1507 1526 1562 2.
1549 1506 1608 1562 Sex
1711 1513 1712 1560 3

362 1594 460 1669 capita
482 1590 551 1649 libri
573 1590 683 1649 Esther
712 1592 743 1649 in
766 1590 889 1669 vulgata
910 1590 1041 1650 editione
1060 1590 1177 1650 adiecta
1207 1602 1237 1649 et
1259 1589 1362 1649 decem
1384 1590 1547 1649 versiculos
1569 1589 1607 1647 ad
1711 1567 1712 1622 i

362 1678 509 1741 decimum
531 1686 619 1755 caput
640 1686 707 1755 post
728 1680 847 1735 tertium
870 1698 988 1737 versum
1010 1678 1136 1739 additos.
1160 1681 1188 1736 3.
1209 1679 1277 1736 Duo
1299 1680 1398 1756 capita
1420 1677 1528 1735 ultima
1550 1678 1609 1735 Da-
1711 1659 1712 1684 ¹

363 1765 458 1837 nielis,
481 1774 510 1823 et
533 1772 686 1843 praeterea
707 1766 794 1822 tertio
818 1766 914 1843 capite
937 1768 1077 1823 canonico
1096 1766 1252 1845 Hymnnm
1275 1767 1364 1822 trium
1387 1784 1545 1842 puerorum
1565 1766 1609 1821 in·

362 1860 480 1911 sertum.
504 1853 532 1908 4.
555 1851 703 1909 Manassis
726 1852 817 1928 Regis
840 1854 1011 1910 orationem.

465 1937 618 1995 Makari
624 1959 636 2013 J
652 1933 695 2017 8ἵ)
717 1941 749 1995 in
772 1937 855 2009 libro,
883 1940 934 2017 qui
957 1936 1134 1997 introductio
1156 1940 1188 1996 in
1211 1937 1404 1995 orthodoxam
1427 1937 1608 2013 theologiam
1711 2003 1713 2027 i

361 2022 538 2096 inscribitur,
572 2026 751 2082 enumeratis
778 2028 929 2083 canonicis
951 2024 1035 2085 libris
1058 2025 1113 2084 hos
1136 2045 1196 2083 nou
1218 2026 1376 2083 canonicos
1399 2025 1548 2083 nominat:
1583 2028 1606 2084 1.
1711 2049 1713 2060 >

360 2109 467 2168 librum
491 2109 613 2184 Tobiae,
637 2112 664 2168 2.
687 2110 797 2183 Iudith,
822 2112 859 2175 3..
874 2112 1057 2190 Sapientiam
1079 2112 1253 2179 Salomonis,
1276 2114 1304 2168 4.
1328 2112 1516 2188 Sapientiam
1531 2110 1605 2175 Iesu

360 2196 416 2254 filii
440 2197 552 2268 Sirach,
576 2200 604 2255 5.
620 2196 780 2256 secundum
804 2208 833 2256 et
853 2200 973 2257 tertium
994 2198 1102 2257 librum
1124 2197 1248 2262 Esdrae‚
1272 2199 1300 2256 6.
1316 2218 1417 2256 omnes
1440 2209 1502 2256 tres
1518 2196 1606 2255 libros
1711 2187 1712 2220 ³

361 2283 613 2359 Maccahaeorum.
636 2283 767 2343 Eosdem
781 2284 873 2343 libros
895 2283 934 2343 ad
957 2306 1016 2343 non
1039 2288 1196 2344 canonicos
1215 2286 1305 2342 etiam
1328 2284 1534 2363 Uspenski
1537 2286 1551 2360 j
1567 2280 1608 2361 ⁸³)
1711 2351 1713 2373 Ι

361 2369 503 2431 rescribit.
526 2371 678 2449 Epistolas
695 2372 838 2431 Ieremias
854 2381 884 2429 ct
899 2372 1017 2431 Baruch
1032 2371 1160 2449 Makarij
1177 2367 1220 2449 ⁸⁴)
1244 2374 1323 2429 inter
1345 2373 1504 2430 canonicos
1521 2371 1607 2430 relin-
1711 2380 1713 2400 ¹

362 2477 450 2535 quere
481 2456 606 2516 videtur.
640 2458 741 2516 Etiam
773 2461 804 2516 in
836 2458 961 2517 formam
990 2461 1214 2517 seminariornm
1236 2459 1426 2517 Russicorum
1454 2479 1548 2537 usque
1571 2456 1606 2515 ad

361 2564 471 2601 annum
498 2546 579 2603 1896
604 2540 640 2625 (l)
664 2545 737 2603 hacc
760 2547 908 2604 sententia
923 2546 1063 2624 epistolas
1086 2547 1230 2605 Ieremias
1253 2553 1283 2603 et
1306 2545 1425 2604 Baruch
1448 2548 1606 2604 canonicas
1711 2566 1713 2611 !

361 2650 425 2688 esse
448 2640 567 2710 recepta
582 2640 653 2691 crat.
676 2632 706 2689 A
721 2652 778 2710 quo
794 2652 873 2691 anno
895 2653 974 2692 nova
995 2632 1091 2691 forma
1112 2641 1222 2691 statuta
1237 2634 1269 2689 in
1291 2631 1383 2690 libros
1405 2653 1480 2690 non
1501 2652 1606 2691 cano·

361 2718 474 2774 nicos
497 2720 708 2796 transscriptae
731 2729 799 2777 sunt
813 2713 865 2796 ⁸⁶).
1711 2782 1713 2800 Ι

464 2804 617 2863 Professor
632 2806 670 2863 A.
694 2804 738 2864 01
750 2804 907 2864 esnicki
910 2807 924 2881 j
938 2800 982 2885 ⁸⁶)
1005 2804 1043 2863 de
1061 2804 1146 2864 libris
1168 2826 1229 2864 non
1244 2806 1396 2864 canonicis
1418 2804 1494 2863 haec
1509 2803 1602 2863 docet:
1711 2805 1713 2827 '

364 2888 482 2961 ,Ceteri
505 2889 582 2962 libri,
617 2893 668 2969 qui
691 2893 722 2950 in
745 2911 864 2970 corpore
899 2903 998 2950 nostro
1021 2893 1186 2951 litterarum
1216 2901 1384 2951 sanctarum
1406 2892 1603 2961 inveniuntur,

361 2995 420 3033 non
443 2979 580 3035 recensiti
604 2998 622 3035 a
645 2978 787 3037 Melitene
810 2980 842 3035 in
867 2979 901 3036 V.
924 2979 960 3040 Τ.
982 2978 1074 3051 libris,
1103 2981 1154 3056 qni
1177 2989 1257 3037 sunt:
1279 2988 1340 3037 tres
1362 2987 1486 3037 octavae
1509 2987 1602 3056 partas

360 3061 565 3121 historicorum
589 3062 728 3123 librorum
751 3064 803 3141 (ΙΙ.
821 3065 841 3125 l.
857 3063 979 3136 Esdrae,
1001 3064 1122 3138 Tobias,
1144 3064 1255 3136 Iudith,
1278 3065 1433 3136 Esther,
1457 3076 1518 3123 tres
1540 3064 1604 3122 libri

359 3147 610 3221 Maccahaeorum,
644 3151 700 3208 III.
723 3152 741 3209 l.
764 3150 900 3230 Esdrae),
936 3151 1013 3210 liber
1035 3152 1206 3231 Sapientiae
1230 3152 1405 3223 SalomonIs,
1441 3151 1519 3223 Iesu,
1550 3151 1599 3208 filii
1711 3197 1712 3200 ,

361 3234 472 3309 Sirach,
502 3236 577 3295 liber
600 3238 718 3296 Bamch
740 3248 808 3297 sunt
829 3237 899 3296 libri
923 3259 982 3297 non
1005 3241 1160 3297 canonici:
1194 3240 1294 3297 usitati
1319 3241 1339 3295 ii
1363 3247 1432 3297 sunt
1454 3248 1484 3296 et
1505 3238 1596 3309 utiles,

361 3381 568 3393 ——.—---——.

411 3456 443 3555 ἔοι)
462 3455 610 3511 Numerum
629 3456 761 3510 librorum
779 3456 973 3539 canonicorum
991 3457 1023 3511 V.
1042 3458 1073 3512 T.
1091 3458 1165 3539 apud
1184 3458 1289 3513 Bassos
1308 3476 1331 3513 r.
1349 3458 1379 3512 in
1398 3476 1425 3527 p.
1448 3465 1507 3513 127.

411 3536 444 3659 ⁸²l
463 3526 1600 3667 i⁰irlili1sssihiihiiiiiilihiiiiiiiihuiiherchanrao.

412 3664 447 3727 ⁸³)
469 3664 618 3785 Uspenslrij
637 3663 711 3747 Erg,
731 3666 967 3747 Qouasurcrsuoo
985 3665 1164 3721 Borocuoaie.
1184 3683 1209 3735 p.
1230 3672 1377 3748 ¹⁷‘¹⁹·..
1577 3735 1595 3746 ..

413 3730 444 3795 ⁸⁴)
464 3731 505 3784 lta
534 3732 1240 3802 .Jungcrorrudrcat,0.r--lr.rvod.p.207-208.--
1257 3736 1377 3804 Alam
1391 3736 1595 3805 Sparanser

387 3853 390 3858 ,
464 3800 597 3869 (lipsanis
615 3807 819 3870 acropnsecsitt
837 3819 947 3871 crepas
966 3807 1073 3872 cysson
1092 3820 1367 3860 aemsoanracaur‘s
1379 3806 1598 3859 naamitarum

464 3869 570 3923 Baetra
587 3871 614 3924 in
637 3872 719 3939 iirist.
747 3874 850 3927 Ctenie.
872 3877 946 3926 1881.
968 3876 1105 3943 caaraopa
1126 3904 1150 3915 -
1175 3890 1232 3928 oar.
1251 3892 1278 3943 p.
1298 3878 1430 3941 387-88)
1449 3874 1502 3929 hos
1519 3873 1599 3928 libros
1711 3930 1713 3954 ζ

464 3951 518 4016 non
537 3942 684 3995 canonicos
702 3940 827 3995 adducit:
848 3941 984 4007 ,Tobiarn
1004 3943 1105 4007 iudith,
1122 3942 1294 4012 Sapientiam
1306 3942 1470 4011 Salomonis,
1487 3942 1594 4013 Sapien-

463 4011 528 4058 uam
555 4009 619 4062 lesu
637 4009 739 4071 Siraci,
757 4011 791 4065 11.
811 4017 838 4065 ct
856 4010 903 4065 III.
922 4010 1037 4073 Esdrae,
1063 4012 1094 4078 L,
1112 4012 1224 4079 11.,111.
1243 4013 1480 4079 Maccahaeorum,
1500 4013 1595 4068 tibrum

465 4075 584 4141 Baruch;
604 4078 755 4133 orationem
774 4080 919 4142 Manassis,
943 4088 1037 4147 partes
1059 4081 1123 4137 libri
1147 4081 1257 4150 Esther,
1278 4084 1415 4137 anticum
1434 4084 1518 4137 trium
1534 4098 1594 4151 pne

463 4156 562 4221 rorum,
580 4146 608 4199 in
626 4145 696 4200 libro
718 4148 847 4217 Danielis,
871 4149 1016 4205 historiam
1036 4151 1164 4205 Susanna
1207 4158 1235 4205 at
1252 4150 1287 4205 da
1306 4153 1356 4206 Bel
1374 4152 1518 4207 dracouc“.
1546 4151 1593 4207 cs.

412 4278 434 4307 ss
464 4214 654 4269 etramlran
674 4215 1159 4305 ilorsunslrijdiepeaoash
1213 4222 1475 4303 M.1897.p.5aa.

435 4278 1318 4427 ³itarital,histriatischistianitatis
1332 4292 1597 4429 literatis

464 4434 630 4477 unrecrrrus
653 4440 789 4488 sautans,
814 4442 1008 4495 cupanerrnso
1035 4444 1223 4497 ycrpaaaercs
1240 4433 1465 4490 armoraciam
1483 4444 1594 4485 uoaarr»

463 4502 712 4549 &caesareorum
736 4509 905 4561 uporpausra
932 4504 975 4559 (aa
1004 4500 1100 4551 1896·ii
1126 4501 1159 4561 r.)
1178 4514 1368 4555 ornocamaxs
1386 4514 1444 4553 urs
1463 4515 1501 4553 η
1522 4515 1595 4552 uesa-

467 4573 671 4617 uoauuecnuar,
689 4578 841 4617 sauream«

415 4622 695 4699 Wmmpm
