<?xml version="1.0" encoding="UTF-8"?>
<!DOCTYPE html PUBLIC "-//W3C//DTD XHTML 1.0 Transitional//EN"
    "http://www.w3.org/TR/xhtml1/DTD/xhtml1-transitional.dtd">
<html xmlns="http://www.w3.org/1999/xhtml" xml:lang="en" lang="en">
 <head>
  <title>
</title>
<meta http-equiv="Content-Type" content="text/html;charset=utf-8" />
  <meta name='ocr-system' content='tesseract 3.04.00' />
  <meta name='ocr-capabilities' content='ocr_page ocr_carea ocr_par ocr_line ocrx_word'/>
</head>
<body>
  <div class='ocr_page' id='page_1' title='image "./slavorumlittera00unkngoog_0317.png"; bbox 0 0 3450 5342; ppageno 0'>
   <div class='ocr_carea' id='block_1_1' title="bbox 709 308 944 365">
    <p class='ocr_par' dir='ltr' id='par_1_1' title="bbox 709 308 944 365">
     <span class='ocr_line' id='line_1_1' title="bbox 709 308 944 365; baseline 0 -1"><span class='ocrx_word' id='word_1_1' title='bbox 709 308 944 365; x_wconf 76' lang='lat' dir='ltr'><strong>·-sao-</strong></span> 
     </span>
    </p>
   </div>
   <div class='ocr_carea' id='block_1_2' title="bbox 216 494 1471 835">
    <p class='ocr_par' dir='ltr' id='par_1_2' title="bbox 216 494 1467 745">
     <span class='ocr_line' id='line_1_2' title="bbox 218 494 1467 577; baseline 0.007 -27"><span class='ocrx_word' id='word_1_2' title='bbox 218 512 319 552; x_wconf 82' lang='lat' dir='ltr'><strong>verum</strong></span> <span class='ocrx_word' id='word_1_3' title='bbox 345 514 466 553; x_wconf 90' lang='lat' dir='ltr'><strong>numero</strong></span> <span class='ocrx_word' id='word_1_4' title='bbox 489 496 655 573; x_wconf 80' lang='lat' dir='ltr'><strong>agnitorem</strong></span> <span class='ocrx_word' id='word_1_5' title='bbox 683 494 721 553; x_wconf 90' lang='lat' dir='ltr'><strong>ab</strong></span> <span class='ocrx_word' id='word_1_6' title='bbox 744 495 963 577; x_wconf 68' lang='lat' dir='ltr'><strong>omnibusnon</strong></span> <span class='ocrx_word' id='word_1_7' title='bbox 987 507 1055 555; x_wconf 87' lang='lat' dir='ltr'><strong>sunt</strong></span> <span class='ocrx_word' id='word_1_8' title='bbox 1077 498 1190 566; x_wconf 85' lang='lat' dir='ltr'><strong>inserti,</strong></span> <span class='ocrx_word' id='word_1_9' title='bbox 1224 519 1319 577; x_wconf 88' lang='lat' dir='ltr'><strong>neque</strong></span> <span class='ocrx_word' id='word_1_10' title='bbox 1342 501 1374 557; x_wconf 93' lang='lat' dir='ltr'><strong>in</strong></span> <span class='ocrx_word' id='word_1_11' title='bbox 1397 519 1467 559; x_wconf 87' lang='lat' dir='ltr'><strong>arca</strong></span> 
     </span>
     <span class='ocr_line' id='line_1_3' title="bbox 216 579 1465 661; baseline 0.006 -24"><span class='ocrx_word' id='word_1_12' title='bbox 216 579 360 639; x_wconf 88' lang='lat' dir='ltr'><strong>Foederis</strong></span> <span class='ocrx_word' id='word_1_13' title='bbox 383 582 504 659; x_wconf 78' lang='lat' dir='ltr'><strong>repositi</strong></span> <span class='ocrx_word' id='word_1_14' title='bbox 526 586 642 641; x_wconf 79' lang='lat' dir='ltr'><strong>erant“.</strong></span> <span class='ocrx_word' id='word_1_15' title='bbox 686 582 857 641; x_wconf 83' lang='lat' dir='ltr'><strong>Notandum</strong></span> <span class='ocrx_word' id='word_1_16' title='bbox 881 592 926 641; x_wconf 91' lang='lat' dir='ltr'><strong>est</strong></span> <span class='ocrx_word' id='word_1_17' title='bbox 948 585 1119 661; x_wconf 77' lang='lat' dir='ltr'><strong>scriptorem</strong></span> <span class='ocrx_word' id='word_1_18' title='bbox 1142 584 1222 644; x_wconf 93' lang='lat' dir='ltr'><strong>hunc</strong></span> <span class='ocrx_word' id='word_1_19' title='bbox 1243 588 1334 645; x_wconf 89' lang='lat' dir='ltr'><strong>etiam</strong></span> <span class='ocrx_word' id='word_1_20' title='bbox 1357 585 1465 645; x_wconf 88' lang='lat' dir='ltr'><strong>librum</strong></span> 
     </span>
     <span class='ocr_line' id='line_1_4' title="bbox 216 666 823 745; baseline 0.005 -21"><span class='ocrx_word' id='word_1_21' title='bbox 216 666 330 726; x_wconf 88' lang='lat' dir='ltr'><strong>Esther</strong></span> <span class='ocrx_word' id='word_1_22' title='bbox 351 668 451 745; x_wconf 83' lang='lat' dir='ltr'><strong>legare</strong></span> <span class='ocrx_word' id='word_1_23' title='bbox 474 670 552 727; x_wconf 86' lang='lat' dir='ltr'><strong>inter</strong></span> <span class='ocrx_word' id='word_1_24' title='bbox 574 690 634 727; x_wconf 93' lang='lat' dir='ltr'><strong>non</strong></span> <span class='ocrx_word' id='word_1_25' title='bbox 656 670 823 729; x_wconf 88' lang='lat' dir='ltr'><strong>canonicos.</strong></span> 
     </span>
    </p>

    <p class='ocr_par' dir='ltr' id='par_1_3' title="bbox 322 749 1471 835">
     <span class='ocr_line' id='line_1_5' title="bbox 322 749 1471 835; baseline 0.004 -22"><span class='ocrx_word' id='word_1_26' title='bbox 322 753 345 813; x_wconf 90' lang='lat' dir='ltr'>J</span> <span class='ocrx_word' id='word_1_27' title='bbox 351 774 515 832; x_wconf 79' lang='lat' dir='ltr'><strong>ungaros</strong></span> <span class='ocrx_word' id='word_1_28' title='bbox 530 749 575 835; x_wconf 76' lang='lat'><strong>⁸⁶)</strong></span> <span class='ocrx_word' id='word_1_29' title='bbox 587 755 644 815; x_wconf 91' lang='lat' dir='ltr'><strong>hoc</strong></span> <span class='ocrx_word' id='word_1_30' title='bbox 660 754 763 815; x_wconf 92' lang='lat' dir='ltr'><strong>ordine</strong></span> <span class='ocrx_word' id='word_1_31' title='bbox 776 765 806 814; x_wconf 87' lang='lat' dir='ltr'><strong>et</strong></span> <span class='ocrx_word' id='word_1_32' title='bbox 821 776 943 815; x_wconf 90' lang='lat' dir='ltr'><strong>numero</strong></span> <span class='ocrx_word' id='word_1_33' title='bbox 956 755 1047 815; x_wconf 91' lang='lat' dir='ltr'><strong>libros</strong></span> <span class='ocrx_word' id='word_1_34' title='bbox 1062 776 1123 815; x_wconf 90' lang='lat' dir='ltr'><strong>non</strong></span> <span class='ocrx_word' id='word_1_35' title='bbox 1134 760 1291 817; x_wconf 87' lang='lat' dir='ltr'><strong>canonicos</strong></span> <span class='ocrx_word' id='word_1_36' title='bbox 1305 768 1471 818; x_wconf 74' lang='lat' dir='ltr'><strong>enumerat:</strong></span> 
     </span>
    </p>
   </div>
   <div class='ocr_carea' id='block_1_3' title="bbox 217 840 1466 1093">
    <p class='ocr_par' dir='ltr' id='par_1_4' title="bbox 217 840 1466 1093">
     <span class='ocr_line' id='line_1_6' title="bbox 221 840 1466 918; baseline 0.005 -20"><span class='ocrx_word' id='word_1_37' title='bbox 221 840 386 913; x_wconf 65' lang='lat' dir='ltr'><strong>,historich</strong></span> <span class='ocrx_word' id='word_1_38' title='bbox 414 844 442 900; x_wconf 79' lang='lat'><strong>2.</strong></span> <span class='ocrx_word' id='word_1_39' title='bbox 463 840 586 913; x_wconf 83' lang='lat' dir='ltr'><strong>Esdrae,</strong></span> <span class='ocrx_word' id='word_1_40' title='bbox 608 841 729 913; x_wconf 82' lang='lat' dir='ltr'><strong>Tobiae,</strong></span> <span class='ocrx_word' id='word_1_41' title='bbox 751 842 861 915; x_wconf 83' lang='lat' dir='ltr'><strong>Iudith,</strong></span> <span class='ocrx_word' id='word_1_42' title='bbox 888 847 923 915; x_wconf 81' lang='lat'><strong>1,</strong></span> <span class='ocrx_word' id='word_1_43' title='bbox 947 846 974 904; x_wconf 82' lang='lat'><strong>2.</strong></span> <span class='ocrx_word' id='word_1_44' title='bbox 997 853 1028 902; x_wconf 91' lang='lat' dir='ltr'><strong>et</strong></span> <span class='ocrx_word' id='word_1_45' title='bbox 1050 846 1079 901; x_wconf 85' lang='lat'><strong>3.</strong></span> <span class='ocrx_word' id='word_1_46' title='bbox 1101 843 1356 918; x_wconf 66' lang='lat' dir='ltr'><strong>Maccahaeorum</strong></span> <span class='ocrx_word' id='word_1_47' title='bbox 1381 844 1466 904; x_wconf 86' lang='lat' dir='ltr'><strong>dida·</strong></span> 
     </span>
     <span class='ocr_line' id='line_1_7' title="bbox 217 928 1465 1011; baseline 0.006 -27"><span class='ocrx_word' id='word_1_48' title='bbox 217 929 306 986; x_wconf 83' lang='lat' dir='ltr'><strong>ctici:</strong></span> <span class='ocrx_word' id='word_1_49' title='bbox 341 928 496 1007; x_wconf 79' lang='lat' dir='ltr'><strong>Sapientia</strong></span> <span class='ocrx_word' id='word_1_50' title='bbox 518 928 685 989; x_wconf 86' lang='lat' dir='ltr'><strong>Salomonis</strong></span> <span class='ocrx_word' id='word_1_51' title='bbox 707 942 737 988; x_wconf 92' lang='lat' dir='ltr'><strong>et</strong></span> <span class='ocrx_word' id='word_1_52' title='bbox 760 930 915 1009; x_wconf 71' lang='lat' dir='ltr'><strong>Sapientia</strong></span> <span class='ocrx_word' id='word_1_53' title='bbox 936 930 1013 1001; x_wconf 85' lang='lat' dir='ltr'><strong>Iesu,</strong></span> <span class='ocrx_word' id='word_1_54' title='bbox 1042 930 1097 988; x_wconf 86' lang='lat' dir='ltr'><strong>filii</strong></span> <span class='ocrx_word' id='word_1_55' title='bbox 1121 931 1245 1005; x_wconf 80' lang='lat' dir='ltr'><strong>Siraoh3</strong></span> <span class='ocrx_word' id='word_1_56' title='bbox 1278 932 1465 1011; x_wconf 88' lang='lat' dir='ltr'><strong>prophetici:</strong></span> 
     </span>
     <span class='ocr_line' id='line_1_8' title="bbox 217 1014 1466 1093; baseline 0.005 -21"><span class='ocrx_word' id='word_1_57' title='bbox 217 1014 356 1093; x_wconf 75' lang='lat' dir='ltr'><strong>Epistola</strong></span> <span class='ocrx_word' id='word_1_58' title='bbox 376 1014 529 1087; x_wconf 86' lang='lat' dir='ltr'><strong>Ieremiae,</strong></span> <span class='ocrx_word' id='word_1_59' title='bbox 552 1016 670 1075; x_wconf 88' lang='lat' dir='ltr'><strong>Barnch</strong></span> <span class='ocrx_word' id='word_1_60' title='bbox 701 1026 730 1074; x_wconf 92' lang='lat' dir='ltr'><strong>et</strong></span> <span class='ocrx_word' id='word_1_61' title='bbox 753 1017 781 1075; x_wconf 91' lang='lat'><strong>3.</strong></span> <span class='ocrx_word' id='word_1_62' title='bbox 803 1014 927 1079; x_wconf 85' lang='lat' dir='ltr'><strong>Esdrae.</strong></span> <span class='ocrx_word' id='word_1_63' title='bbox 962 1016 1031 1075; x_wconf 84' lang='lat' dir='ltr'><strong>Non</strong></span> <span class='ocrx_word' id='word_1_64' title='bbox 1060 1019 1211 1076; x_wconf 84' lang='lat' dir='ltr'><strong>canonicis</strong></span> <span class='ocrx_word' id='word_1_65' title='bbox 1241 1018 1466 1079; x_wconf 89' lang='lat' dir='ltr'><strong>annumeranda</strong></span> 
     </span>
    </p>
   </div>
   <div class='ocr_carea' id='block_1_4' title="bbox 121 1099 1464 1185">
    <p class='ocr_par' dir='ltr' id='par_1_5' title="bbox 121 1099 1464 1185">
     <span class='ocr_line' id='line_1_9' title="bbox 121 1099 1464 1185; baseline 0.006 -27"><span class='ocrx_word' id='word_1_66' title='bbox 121 1168 127 1175; x_wconf 33' lang='grc' dir='ltr'>Ι</span> <span class='ocrx_word' id='word_1_67' title='bbox 217 1111 286 1159; x_wconf 89' lang='lat' dir='ltr'><strong>sunt</strong></span> <span class='ocrx_word' id='word_1_68' title='bbox 307 1099 493 1179; x_wconf 83' lang='lat' dir='ltr'><strong>fragmenta:</strong></span> <span class='ocrx_word' id='word_1_69' title='bbox 531 1102 608 1163; x_wconf 82' lang='lat' dir='ltr'><strong>CLI.</strong></span> <span class='ocrx_word' id='word_1_70' title='bbox 629 1102 775 1175; x_wconf 89' lang='lat' dir='ltr'><strong>Psalmns,</strong></span> <span class='ocrx_word' id='word_1_71' title='bbox 810 1104 904 1162; x_wconf 88' lang='lat' dir='ltr'><strong>oratio</strong></span> <span class='ocrx_word' id='word_1_72' title='bbox 925 1104 1074 1163; x_wconf 84' lang='lat' dir='ltr'><strong>Manassis</strong></span> <span class='ocrx_word' id='word_1_73' title='bbox 1101 1104 1145 1181; x_wconf 92' lang='lat' dir='ltr'><strong>(in</strong></span> <span class='ocrx_word' id='word_1_74' title='bbox 1167 1104 1227 1163; x_wconf 88' lang='lat' dir='ltr'><strong>fine</strong></span> <span class='ocrx_word' id='word_1_75' title='bbox 1249 1106 1290 1167; x_wconf 89' lang='lat' dir='ltr'><strong>ll.</strong></span> <span class='ocrx_word' id='word_1_76' title='bbox 1312 1106 1464 1185; x_wconf 80' lang='lat' dir='ltr'><strong>Parahp.),</strong></span> 
     </span>
    </p>
   </div>
   <div class='ocr_carea' id='block_1_5' title="bbox 209 1188 1464 3527">
    <p class='ocr_par' dir='ltr' id='par_1_6' title="bbox 214 1188 1464 1528">
     <span class='ocr_line' id='line_1_10' title="bbox 217 1188 1464 1266; baseline 0.005 -21"><span class='ocrx_word' id='word_1_77' title='bbox 217 1188 246 1261; x_wconf 87' lang='grc'><strong>3,</strong></span> <span class='ocrx_word' id='word_1_78' title='bbox 270 1189 398 1247; x_wconf 79' lang='lat'>25-95</span> <span class='ocrx_word' id='word_1_79' title='bbox 421 1198 451 1247; x_wconf 90' lang='lat' dir='ltr'><strong>et</strong></span> <span class='ocrx_word' id='word_1_80' title='bbox 477 1190 514 1247; x_wconf 93' lang='grc'><strong>13</strong></span> <span class='ocrx_word' id='word_1_81' title='bbox 542 1200 572 1249; x_wconf 90' lang='lat' dir='ltr'><strong>et</strong></span> <span class='ocrx_word' id='word_1_82' title='bbox 597 1192 636 1248; x_wconf 82' lang='grc'><strong>14</strong></span> <span class='ocrx_word' id='word_1_83' title='bbox 659 1190 796 1249; x_wconf 84' lang='lat' dir='ltr'><strong>Danielis</strong></span> <span class='ocrx_word' id='word_1_84' title='bbox 829 1200 859 1249; x_wconf 90' lang='lat' dir='ltr'><strong>et</strong></span> <span class='ocrx_word' id='word_1_85' title='bbox 882 1208 920 1248; x_wconf 86' lang='lat' dir='ltr'><strong>cx</strong></span> <span class='ocrx_word' id='word_1_86' title='bbox 942 1189 1019 1249; x_wconf 91' lang='lat' dir='ltr'><strong>libro</strong></span> <span class='ocrx_word' id='word_1_87' title='bbox 1040 1190 1151 1249; x_wconf 85' lang='lat' dir='ltr'><strong>Esther</strong></span> <span class='ocrx_word' id='word_1_88' title='bbox 1184 1195 1266 1265; x_wconf 86' lang='lat'><strong>1,1;</strong></span> <span class='ocrx_word' id='word_1_89' title='bbox 1298 1194 1326 1265; x_wconf 79' lang='lat'><strong>2,</strong></span> <span class='ocrx_word' id='word_1_90' title='bbox 1352 1195 1404 1266; x_wconf 72' lang='lat'><strong>133</strong></span> <span class='ocrx_word' id='word_1_91' title='bbox 1436 1196 1464 1265; x_wconf 87' lang='grc'><strong>3,</strong></span> 
     </span>
     <span class='ocr_line' id='line_1_11' title="bbox 219 1276 1464 1355; baseline 0.005 -22"><span class='ocrx_word' id='word_1_92' title='bbox 219 1276 271 1349; x_wconf 74' lang='lat'><strong>173</strong></span> <span class='ocrx_word' id='word_1_93' title='bbox 294 1276 323 1347; x_wconf 87' lang='grc'><strong>4,</strong></span> <span class='ocrx_word' id='word_1_94' title='bbox 349 1278 379 1349; x_wconf 84' lang='grc'><strong>1;</strong></span> <span class='ocrx_word' id='word_1_95' title='bbox 413 1277 441 1349; x_wconf 91' lang='grc'><strong>8,</strong></span> <span class='ocrx_word' id='word_1_96' title='bbox 466 1276 518 1349; x_wconf 84' lang='grc'><strong>13;</strong></span> <span class='ocrx_word' id='word_1_97' title='bbox 545 1277 592 1349; x_wconf 87' lang='grc'><strong>10,</strong></span> <span class='ocrx_word' id='word_1_98' title='bbox 616 1277 634 1335; x_wconf 90' lang='grc'><strong>3</strong></span> <span class='ocrx_word' id='word_1_99' title='bbox 658 1309 701 1321; x_wconf 90' lang='grc'>-</span> <span class='ocrx_word' id='word_1_100' title='bbox 723 1276 899 1353; x_wconf 78' lang='lat' dir='ltr'><strong>fragmenta,</strong></span> <span class='ocrx_word' id='word_1_101' title='bbox 931 1297 1008 1355; x_wconf 87' lang='lat' dir='ltr'><strong>quae</strong></span> <span class='ocrx_word' id='word_1_102' title='bbox 1029 1298 1090 1337; x_wconf 93' lang='lat' dir='ltr'><strong>non</strong></span> <span class='ocrx_word' id='word_1_103' title='bbox 1112 1281 1305 1337; x_wconf 86' lang='lat' dir='ltr'><strong>inveniuntur</strong></span> <span class='ocrx_word' id='word_1_104' title='bbox 1326 1281 1358 1338; x_wconf 92' lang='lat' dir='ltr'><strong>in</strong></span> <span class='ocrx_word' id='word_1_105' title='bbox 1380 1289 1464 1339; x_wconf 84' lang='lat' dir='ltr'><strong>textu</strong></span> 
     </span>
     <span class='ocr_line' id='line_1_12' title="bbox 214 1360 1464 1439; baseline 0.006 -20"><span class='ocrx_word' id='word_1_106' title='bbox 214 1360 395 1425; x_wconf 79' lang='lat' dir='ltr'><strong>Hebraico“.</strong></span> <span class='ocrx_word' id='word_1_107' title='bbox 431 1360 515 1439; x_wconf 81' lang='lat' dir='ltr'><strong>Quae</strong></span> <span class='ocrx_word' id='word_1_108' title='bbox 543 1361 677 1421; x_wconf 88' lang='lat' dir='ltr'><strong>doctrina</strong></span> <span class='ocrx_word' id='word_1_109' title='bbox 707 1362 744 1425; x_wconf 90' lang='lat' dir='ltr'><strong>de</strong></span> <span class='ocrx_word' id='word_1_110' title='bbox 773 1384 896 1423; x_wconf 91' lang='lat' dir='ltr'><strong>numero</strong></span> <span class='ocrx_word' id='word_1_111' title='bbox 924 1362 1065 1423; x_wconf 87' lang='lat' dir='ltr'><strong>librorum</strong></span> <span class='ocrx_word' id='word_1_112' title='bbox 1088 1385 1148 1423; x_wconf 92' lang='lat' dir='ltr'><strong>non</strong></span> <span class='ocrx_word' id='word_1_113' title='bbox 1177 1368 1385 1425; x_wconf 90' lang='lat' dir='ltr'><strong>canonicorum</strong></span> <span class='ocrx_word' id='word_1_114' title='bbox 1407 1368 1464 1427; x_wconf 93' lang='lat' dir='ltr'><strong>hoc</strong></span> 
     </span>
     <span class='ocr_line' id='line_1_13' title="bbox 218 1449 895 1528; baseline 0.001 -21"><span class='ocrx_word' id='word_1_115' title='bbox 218 1458 349 1527; x_wconf 87' lang='lat' dir='ltr'><strong>tempore</strong></span> <span class='ocrx_word' id='word_1_116' title='bbox 371 1451 405 1507; x_wconf 93' lang='lat' dir='ltr'><strong>in</strong></span> <span class='ocrx_word' id='word_1_117' title='bbox 427 1449 552 1508; x_wconf 89' lang='lat' dir='ltr'><strong>ecclesia</strong></span> <span class='ocrx_word' id='word_1_118' title='bbox 573 1450 699 1509; x_wconf 87' lang='lat' dir='ltr'><strong>Russica</strong></span> <span class='ocrx_word' id='word_1_119' title='bbox 719 1450 895 1528; x_wconf 88' lang='lat' dir='ltr'><strong>praevaluit.</strong></span> 
     </span>
    </p>

    <p class='ocr_par' dir='ltr' id='par_1_7' title="bbox 211 1536 1464 2223">
     <span class='ocr_line' id='line_1_14' title="bbox 319 1536 1464 1616; baseline 0.003 -22"><span class='ocrx_word' id='word_1_120' title='bbox 319 1536 513 1614; x_wconf 72' lang='lat' dir='ltr'><strong>Antiquiorcs</strong></span> <span class='ocrx_word' id='word_1_121' title='bbox 535 1536 695 1595; x_wconf 88' lang='lat' dir='ltr'><strong>Russornm</strong></span> <span class='ocrx_word' id='word_1_122' title='bbox 711 1539 867 1616; x_wconf 84' lang='lat' dir='ltr'><strong>scriptores</strong></span> <span class='ocrx_word' id='word_1_123' title='bbox 889 1538 1084 1597; x_wconf 88' lang='lat' dir='ltr'><strong>ecclesiastici</strong></span> <span class='ocrx_word' id='word_1_124' title='bbox 1102 1548 1212 1615; x_wconf 83' lang='lat' dir='ltr'><strong>negata</strong></span> <span class='ocrx_word' id='word_1_125' title='bbox 1233 1540 1377 1598; x_wconf 90' lang='lat' dir='ltr'><strong>canonica</strong></span> <span class='ocrx_word' id='word_1_126' title='bbox 1391 1560 1464 1599; x_wconf 90' lang='lat' dir='ltr'><strong>enn-</strong></span> 
     </span>
     <span class='ocr_line' id='line_1_15' title="bbox 215 1621 1464 1709; baseline 0.006 -29"><span class='ocrx_word' id='word_1_127' title='bbox 215 1631 393 1681; x_wconf 90' lang='lat' dir='ltr'><strong>meratornm</strong></span> <span class='ocrx_word' id='word_1_128' title='bbox 415 1621 555 1681; x_wconf 87' lang='lat' dir='ltr'><strong>librorum</strong></span> <span class='ocrx_word' id='word_1_129' title='bbox 571 1625 744 1682; x_wconf 85' lang='lat' dir='ltr'><strong>auctoritate</strong></span> <span class='ocrx_word' id='word_1_130' title='bbox 767 1644 817 1681; x_wconf 90' lang='lat' dir='ltr'><strong>eos</strong></span> <span class='ocrx_word' id='word_1_131' title='bbox 833 1624 1019 1703; x_wconf 84' lang='lat' dir='ltr'><strong>apocryphos</strong></span> <span class='ocrx_word' id='word_1_132' title='bbox 1041 1623 1233 1703; x_wconf 88' lang='lat' dir='ltr'><strong>appellabant</strong></span> <span class='ocrx_word' id='word_1_133' title='bbox 1255 1622 1464 1709; x_wconf 72' lang='lat' dir='ltr'><strong>(anospndtsl,</strong></span> 
     </span>
     <span class='ocr_line' id='line_1_16' title="bbox 214 1706 1463 1793; baseline 0.002 -24"><span class='ocrx_word' id='word_1_134' title='bbox 214 1728 325 1771; x_wconf 75' lang='lat' dir='ltr'><strong>scum</strong></span> <span class='ocrx_word' id='word_1_135' title='bbox 340 1706 659 1793; x_wconf 71' lang='lat' dir='ltr'><strong>anospndtusecrsia),</strong></span> <span class='ocrx_word' id='word_1_136' title='bbox 674 1712 852 1769; x_wconf 90' lang='lat' dir='ltr'><strong>recentiores</strong></span> <span class='ocrx_word' id='word_1_137' title='bbox 863 1720 967 1770; x_wconf 85' lang='lat' dir='ltr'><strong>autem</strong></span> <span class='ocrx_word' id='word_1_138' title='bbox 978 1730 1080 1770; x_wconf 86' lang='lat' dir='ltr'><strong>omnes</strong></span> <span class='ocrx_word' id='word_1_139' title='bbox 1094 1731 1144 1770; x_wconf 91' lang='lat' dir='ltr'><strong>eos</strong></span> <span class='ocrx_word' id='word_1_140' title='bbox 1159 1732 1233 1770; x_wconf 93' lang='lat' dir='ltr'><strong>non</strong></span> <span class='ocrx_word' id='word_1_141' title='bbox 1248 1714 1463 1771; x_wconf 87' lang='lat' dir='ltr'><strong>canonicos</strong></span> 
     </span>
     <span class='ocr_line' id='line_1_17' title="bbox 213 1795 1463 1877; baseline 0.003 -24"><span class='ocrx_word' id='word_1_142' title='bbox 213 1798 370 1855; x_wconf 86' lang='lat' dir='ltr'><strong>nominant</strong></span> <span class='ocrx_word' id='word_1_143' title='bbox 400 1795 698 1877; x_wconf 72' lang='lat' dir='ltr'><strong>(mffl,1mcanirl</strong></span> <span class='ocrx_word' id='word_1_144' title='bbox 720 1795 1026 1875; x_wconf 67' lang='lat' dir='ltr'><strong>flemflomecrtia)</strong></span> <span class='ocrx_word' id='word_1_145' title='bbox 1058 1805 1088 1856; x_wconf 91' lang='lat' dir='ltr'><strong>et</strong></span> <span class='ocrx_word' id='word_1_146' title='bbox 1110 1817 1183 1876; x_wconf 90' lang='lat' dir='ltr'><strong>quos</strong></span> <span class='ocrx_word' id='word_1_147' title='bbox 1205 1797 1336 1876; x_wconf 82' lang='lat' dir='ltr'><strong>theologi</strong></span> <span class='ocrx_word' id='word_1_148' title='bbox 1362 1799 1463 1857; x_wconf 86' lang='lat' dir='ltr'><strong>catho-</strong></span> 
     </span>
     <span class='ocr_line' id='line_1_18' title="bbox 213 1882 1462 1964; baseline 0.003 -24"><span class='ocrx_word' id='word_1_149' title='bbox 213 1882 273 1955; x_wconf 89' lang='lat' dir='ltr'><strong>lici,</strong></span> <span class='ocrx_word' id='word_1_150' title='bbox 308 1882 425 1941; x_wconf 89' lang='lat' dir='ltr'><strong>eosdem</strong></span> <span class='ocrx_word' id='word_1_151' title='bbox 449 1882 539 1943; x_wconf 89' lang='lat' dir='ltr'><strong>libros</strong></span> <span class='ocrx_word' id='word_1_152' title='bbox 569 1887 659 1943; x_wconf 86' lang='lat' dir='ltr'><strong>etiam</strong></span> <span class='ocrx_word' id='word_1_153' title='bbox 681 1884 770 1943; x_wconf 89' lang='lat' dir='ltr'><strong>Russi</strong></span> <span class='ocrx_word' id='word_1_154' title='bbox 800 1884 985 1964; x_wconf 87' lang='lat' dir='ltr'><strong>apocryphos</strong></span> <span class='ocrx_word' id='word_1_155' title='bbox 1008 1884 1160 1963; x_wconf 88' lang='lat' dir='ltr'><strong>appellant</strong></span> <span class='ocrx_word' id='word_1_156' title='bbox 1187 1886 1320 1963; x_wconf 83' lang='lat' dir='ltr'><strong>exeeptis</strong></span> <span class='ocrx_word' id='word_1_157' title='bbox 1341 1886 1462 1944; x_wconf 87' lang='lat' dir='ltr'><strong>Psalmo</strong></span> 
     </span>
     <span class='ocr_line' id='line_1_19' title="bbox 215 1968 1462 2051; baseline 0.002 -22"><span class='ocrx_word' id='word_1_158' title='bbox 215 1968 302 2043; x_wconf 75' lang='lat' dir='ltr'><strong>om,</strong></span> <span class='ocrx_word' id='word_1_159' title='bbox 324 1970 381 2027; x_wconf 91' lang='lat' dir='ltr'>III.</span> <span class='ocrx_word' id='word_1_160' title='bbox 404 1971 423 2027; x_wconf 92' lang='lat' dir='ltr'><strong>l.</strong></span> <span class='ocrx_word' id='word_1_161' title='bbox 438 1970 540 2043; x_wconf 84' lang='lat' dir='ltr'><strong>hisco,</strong></span> <span class='ocrx_word' id='word_1_162' title='bbox 563 1974 694 2030; x_wconf 90' lang='lat' dir='ltr'><strong>oratione</strong></span> <span class='ocrx_word' id='word_1_163' title='bbox 716 1970 874 2043; x_wconf 82' lang='lat' dir='ltr'><strong>Manassis,</strong></span> <span class='ocrx_word' id='word_1_164' title='bbox 895 1970 954 2035; x_wconf 92' lang='lat'>111.</span> <span class='ocrx_word' id='word_1_165' title='bbox 969 1979 999 2029; x_wconf 92' lang='lat' dir='ltr'><strong>et</strong></span> <span class='ocrx_word' id='word_1_166' title='bbox 1014 1970 1067 2029; x_wconf 92' lang='lat' dir='ltr'><strong>IV.</strong></span> <span class='ocrx_word' id='word_1_167' title='bbox 1083 1971 1102 2030; x_wconf 92' lang='lat' dir='ltr'><strong>l.</strong></span> <span class='ocrx_word' id='word_1_168' title='bbox 1117 1970 1242 2045; x_wconf 87' lang='lat' dir='ltr'><strong>Esdrae,</strong></span> <span class='ocrx_word' id='word_1_169' title='bbox 1264 1990 1337 2051; x_wconf 91' lang='lat' dir='ltr'><strong>quos</strong></span> <span class='ocrx_word' id='word_1_170' title='bbox 1360 1972 1462 2031; x_wconf 87' lang='lat' dir='ltr'><strong>catho-</strong></span> 
     </span>
     <span class='ocr_line' id='line_1_20' title="bbox 211 2056 1461 2137; baseline 0.002 -23"><span class='ocrx_word' id='word_1_171' title='bbox 211 2056 264 2116; x_wconf 92' lang='lat' dir='ltr'><strong>lici</strong></span> <span class='ocrx_word' id='word_1_172' title='bbox 287 2056 481 2137; x_wconf 87' lang='lat' dir='ltr'><strong>apocryphos,</strong></span> <span class='ocrx_word' id='word_1_173' title='bbox 514 2058 674 2117; x_wconf 85' lang='lat' dir='ltr'><strong>Russornm</strong></span> <span class='ocrx_word' id='word_1_174' title='bbox 696 2056 827 2135; x_wconf 80' lang='lat' dir='ltr'><strong>theologi</strong></span> <span class='ocrx_word' id='word_1_175' title='bbox 850 2078 910 2117; x_wconf 93' lang='lat' dir='ltr'><strong>non</strong></span> <span class='ocrx_word' id='word_1_176' title='bbox 932 2058 1091 2117; x_wconf 86' lang='lat' dir='ltr'><strong>canonicos</strong></span> <span class='ocrx_word' id='word_1_177' title='bbox 1112 2067 1240 2133; x_wconf 76' lang='lat' dir='ltr'><strong>vocant,</strong></span> <span class='ocrx_word' id='word_1_178' title='bbox 1273 2078 1350 2137; x_wconf 89' lang='lat' dir='ltr'><strong>qnae</strong></span> <span class='ocrx_word' id='word_1_179' title='bbox 1371 2078 1461 2118; x_wconf 90' lang='lat' dir='ltr'><strong>voca-</strong></span> 
     </span>
     <span class='ocr_line' id='line_1_21' title="bbox 211 2142 1292 2223; baseline 0.004 -22"><span class='ocrx_word' id='word_1_180' title='bbox 211 2142 284 2203; x_wconf 89' lang='lat' dir='ltr'><strong>bula</strong></span> <span class='ocrx_word' id='word_1_181' title='bbox 306 2146 396 2202; x_wconf 86' lang='lat' dir='ltr'><strong>etiam</strong></span> <span class='ocrx_word' id='word_1_182' title='bbox 417 2164 471 2203; x_wconf 89' lang='lat' dir='ltr'><strong>uos</strong></span> <span class='ocrx_word' id='word_1_183' title='bbox 493 2146 662 2217; x_wconf 86' lang='lat' dir='ltr'><strong>retinemus,</strong></span> <span class='ocrx_word' id='word_1_184' title='bbox 684 2143 734 2204; x_wconf 93' lang='lat' dir='ltr'><strong>nbi</strong></span> <span class='ocrx_word' id='word_1_185' title='bbox 758 2142 796 2203; x_wconf 91' lang='lat' dir='ltr'><strong>de</strong></span> <span class='ocrx_word' id='word_1_186' title='bbox 818 2164 932 2205; x_wconf 88' lang='lat' dir='ltr'><strong>canone</strong></span> <span class='ocrx_word' id='word_1_187' title='bbox 953 2145 1114 2204; x_wconf 83' lang='lat' dir='ltr'><strong>Bassorum</strong></span> <span class='ocrx_word' id='word_1_188' title='bbox 1137 2144 1292 2223; x_wconf 90' lang='lat' dir='ltr'><strong>loquimur.</strong></span> 
     </span>
    </p>

    <p class='ocr_par' dir='ltr' id='par_1_8' title="bbox 210 2229 1460 2642">
     <span class='ocr_line' id='line_1_22' title="bbox 317 2229 1457 2310; baseline 0.003 -21"><span class='ocrx_word' id='word_1_189' title='bbox 317 2229 384 2308; x_wconf 77' lang='lat' dir='ltr'><strong>Quo</strong></span> <span class='ocrx_word' id='word_1_190' title='bbox 406 2230 471 2289; x_wconf 94' lang='lat' dir='ltr'><strong>loco</strong></span> <span class='ocrx_word' id='word_1_191' title='bbox 493 2240 523 2289; x_wconf 90' lang='lat' dir='ltr'><strong>et</strong></span> <span class='ocrx_word' id='word_1_192' title='bbox 545 2251 666 2291; x_wconf 86' lang='lat' dir='ltr'><strong>numero</strong></span> <span class='ocrx_word' id='word_1_193' title='bbox 688 2230 758 2289; x_wconf 87' lang='lat' dir='ltr'><strong>libri</strong></span> <span class='ocrx_word' id='word_1_194' title='bbox 781 2252 840 2291; x_wconf 92' lang='lat' dir='ltr'><strong>non</strong></span> <span class='ocrx_word' id='word_1_195' title='bbox 863 2233 1000 2291; x_wconf 89' lang='lat' dir='ltr'><strong>canonici</strong></span> <span class='ocrx_word' id='word_1_196' title='bbox 1023 2229 1102 2310; x_wconf 86' lang='lat' dir='ltr'><strong>apud</strong></span> <span class='ocrx_word' id='word_1_197' title='bbox 1123 2232 1234 2291; x_wconf 83' lang='lat' dir='ltr'><strong>Russos</strong></span> <span class='ocrx_word' id='word_1_198' title='bbox 1257 2230 1347 2291; x_wconf 82' lang='lat' dir='ltr'><strong>sunt?</strong></span> <span class='ocrx_word' id='word_1_199' title='bbox 1382 2231 1457 2292; x_wconf 83' lang='lat' dir='ltr'><strong>Cum</strong></span> 
     </span>
     <span class='ocr_line' id='line_1_23' title="bbox 212 2318 1460 2397; baseline 0.002 -22"><span class='ocrx_word' id='word_1_200' title='bbox 212 2337 268 2377; x_wconf 91' lang='lat' dir='ltr'><strong>nec</strong></span> <span class='ocrx_word' id='word_1_201' title='bbox 291 2326 433 2395; x_wconf 90' lang='lat' dir='ltr'><strong>quantum</strong></span> <span class='ocrx_word' id='word_1_202' title='bbox 460 2318 634 2396; x_wconf 87' lang='lat' dir='ltr'><strong>simpliciter</strong></span> <span class='ocrx_word' id='word_1_203' title='bbox 663 2328 753 2377; x_wconf 85' lang='lat' dir='ltr'><strong>etex</strong></span> <span class='ocrx_word' id='word_1_204' title='bbox 776 2338 829 2378; x_wconf 86' lang='lat' dir='ltr'><strong>sua</strong></span> <span class='ocrx_word' id='word_1_205' title='bbox 850 2321 883 2377; x_wconf 80' lang='lat' dir='ltr'><strong>vi</strong></span> <span class='ocrx_word' id='word_1_206' title='bbox 912 2338 967 2377; x_wconf 90' lang='lat' dir='ltr'><strong>nec</strong></span> <span class='ocrx_word' id='word_1_207' title='bbox 990 2327 1132 2397; x_wconf 85' lang='lat' dir='ltr'><strong>quantum</strong></span> <span class='ocrx_word' id='word_1_208' title='bbox 1155 2318 1313 2378; x_wconf 89' lang='lat' dir='ltr'><strong>collatione</strong></span> <span class='ocrx_word' id='word_1_209' title='bbox 1338 2321 1460 2379; x_wconf 83' lang='lat' dir='ltr'><strong>canoni·</strong></span> 
     </span>
     <span class='ocr_line' id='line_1_24' title="bbox 212 2403 1460 2485; baseline 0.003 -24"><span class='ocrx_word' id='word_1_210' title='bbox 212 2424 313 2463; x_wconf 86' lang='lat' dir='ltr'><strong>corum</strong></span> <span class='ocrx_word' id='word_1_211' title='bbox 333 2403 404 2462; x_wconf 91' lang='lat' dir='ltr'><strong>libri</strong></span> <span class='ocrx_word' id='word_1_212' title='bbox 426 2424 485 2463; x_wconf 92' lang='lat' dir='ltr'><strong>nou</strong></span> <span class='ocrx_word' id='word_1_213' title='bbox 508 2405 645 2464; x_wconf 91' lang='lat' dir='ltr'><strong>canonici</strong></span> <span class='ocrx_word' id='word_1_214' title='bbox 671 2405 792 2465; x_wconf 86' lang='lat' dir='ltr'><strong>valeant</strong></span> <span class='ocrx_word' id='word_1_215' title='bbox 814 2406 990 2464; x_wconf 84' lang='lat' dir='ltr'><strong>auctoritate</strong></span> <span class='ocrx_word' id='word_1_216' title='bbox 1011 2404 1214 2465; x_wconf 87' lang='lat' dir='ltr'><strong>ecclesiastica</strong></span> <span class='ocrx_word' id='word_1_217' title='bbox 1235 2405 1386 2485; x_wconf 87' lang='lat' dir='ltr'><strong>hucusque</strong></span> <span class='ocrx_word' id='word_1_218' title='bbox 1409 2404 1460 2465; x_wconf 90' lang='lat' dir='ltr'><strong>de-</strong></span> 
     </span>
     <span class='ocr_line' id='line_1_25' title="bbox 210 2491 1459 2571; baseline 0.002 -23"><span class='ocrx_word' id='word_1_219' title='bbox 210 2491 328 2549; x_wconf 86' lang='lat' dir='ltr'><strong>linitam</strong></span> <span class='ocrx_word' id='word_1_220' title='bbox 361 2494 407 2565; x_wconf 92' lang='lat' dir='ltr'><strong>sit,</strong></span> <span class='ocrx_word' id='word_1_221' title='bbox 445 2493 608 2551; x_wconf 88' lang='lat' dir='ltr'><strong>sententias</strong></span> <span class='ocrx_word' id='word_1_222' title='bbox 641 2492 822 2571; x_wconf 80' lang='lat' dir='ltr'><strong>singulorum</strong></span> <span class='ocrx_word' id='word_1_223' title='bbox 855 2492 1058 2569; x_wconf 82' lang='lat' dir='ltr'><strong>theologorum</strong></span> <span class='ocrx_word' id='word_1_224' title='bbox 1093 2491 1255 2564; x_wconf 87' lang='lat' dir='ltr'><strong>audiamus,</strong></span> <span class='ocrx_word' id='word_1_225' title='bbox 1288 2494 1459 2571; x_wconf 88' lang='lat' dir='ltr'><strong>priusquam</strong></span> 
     </span>
     <span class='ocr_line' id='line_1_26' title="bbox 212 2576 430 2642; baseline 0.005 -7"><span class='ocrx_word' id='word_1_226' title='bbox 212 2576 430 2642; x_wconf 86' lang='lat' dir='ltr'><strong>concludamus.</strong></span> 
     </span>
    </p>

    <p class='ocr_par' dir='ltr' id='par_1_9' title="bbox 209 2664 1460 3527">
     <span class='ocr_line' id='line_1_27' title="bbox 316 2664 1458 2744; baseline 0.001 -21"><span class='ocrx_word' id='word_1_227' title='bbox 316 2664 500 2724; x_wconf 81' lang='lat' dir='ltr'><strong>Sententiam</strong></span> <span class='ocrx_word' id='word_1_228' title='bbox 526 2664 584 2723; x_wconf 81' lang='lat' dir='ltr'><strong>Tb.</strong></span> <span class='ocrx_word' id='word_1_229' title='bbox 613 2664 867 2744; x_wconf 75' lang='lat' dir='ltr'><strong>Prohopovib</strong></span> <span class='ocrx_word' id='word_1_230' title='bbox 895 2684 984 2743; x_wconf 88' lang='lat' dir='ltr'><strong>supra</strong></span> <span class='ocrx_word' id='word_1_231' title='bbox 1005 2666 1202 2743; x_wconf 82' lang='lat' dir='ltr'><strong>exposuimus.</strong></span> <span class='ocrx_word' id='word_1_232' title='bbox 1240 2664 1277 2723; x_wconf 87' lang='lat' dir='ltr'><strong>ln</strong></span> <span class='ocrx_word' id='word_1_233' title='bbox 1298 2664 1383 2738; x_wconf 89' lang='lat' dir='ltr'><strong>libro,</strong></span> <span class='ocrx_word' id='word_1_234' title='bbox 1406 2665 1458 2744; x_wconf 88' lang='lat' dir='ltr'><strong>qui</strong></span> 
     </span>
     <span class='ocr_line' id='line_1_28' title="bbox 215 2745 1460 2829; baseline 0 -18"><span class='ocrx_word' id='word_1_235' title='bbox 215 2750 425 2823; x_wconf 82' lang='lat' dir='ltr'><strong>,Orthodoxae</strong></span> <span class='ocrx_word' id='word_1_236' title='bbox 452 2750 614 2811; x_wconf 87' lang='lat' dir='ltr'><strong>Orientalis</strong></span> <span class='ocrx_word' id='word_1_237' title='bbox 648 2751 720 2811; x_wconf 90' lang='lat' dir='ltr'><strong>eccl.</strong></span> <span class='ocrx_word' id='word_1_238' title='bbox 757 2752 882 2829; x_wconf 84' lang='lat' dir='ltr'><strong>Dogm.“</strong></span> <span class='ocrx_word' id='word_1_239' title='bbox 896 2745 939 2828; x_wconf 74' lang='lat'><strong>⁸⁸)</strong></span> <span class='ocrx_word' id='word_1_240' title='bbox 968 2749 1147 2823; x_wconf 84' lang='lat' dir='ltr'><strong>inscribitur,</strong></span> <span class='ocrx_word' id='word_1_241' title='bbox 1180 2752 1267 2809; x_wconf 89' lang='lat' dir='ltr'><strong>sine</strong></span> <span class='ocrx_word' id='word_1_242' title='bbox 1301 2753 1460 2811; x_wconf 90' lang='lat' dir='ltr'><strong>nomine</strong></span> 
     </span>
     <span class='ocr_line' id='line_1_29' title="bbox 209 2837 1457 2916; baseline 0.002 -20"><span class='ocrx_word' id='word_1_243' title='bbox 209 2838 332 2916; x_wconf 81' lang='lat' dir='ltr'><strong>vulgato</strong></span> <span class='ocrx_word' id='word_1_244' title='bbox 354 2840 534 2897; x_wconf 86' lang='lat' dir='ltr'><strong>enumeratis</strong></span> <span class='ocrx_word' id='word_1_245' title='bbox 555 2838 692 2897; x_wconf 91' lang='lat' dir='ltr'><strong>omnibus</strong></span> <span class='ocrx_word' id='word_1_246' title='bbox 710 2837 795 2897; x_wconf 90' lang='lat' dir='ltr'><strong>libris</strong></span> <span class='ocrx_word' id='word_1_247' title='bbox 816 2840 969 2916; x_wconf 89' lang='lat' dir='ltr'><strong>utriusque</strong></span> <span class='ocrx_word' id='word_1_248' title='bbox 984 2838 1170 2897; x_wconf 85' lang='lat' dir='ltr'><strong>Testamenti</strong></span> <span class='ocrx_word' id='word_1_249' title='bbox 1192 2845 1279 2916; x_wconf 86' lang='lat' dir='ltr'><strong>prout</strong></span> <span class='ocrx_word' id='word_1_250' title='bbox 1300 2839 1333 2897; x_wconf 92' lang='lat' dir='ltr'><strong>in</strong></span> <span class='ocrx_word' id='word_1_251' title='bbox 1348 2837 1457 2899; x_wconf 90' lang='lat' dir='ltr'><strong>Bibliis</strong></span> 
     </span>
     <span class='ocr_line' id='line_1_30' title="bbox 211 2922 1458 3005; baseline 0.002 -22"><span class='ocrx_word' id='word_1_252' title='bbox 211 2922 335 2983; x_wconf 81' lang='lat' dir='ltr'><strong>Graecis</strong></span> <span class='ocrx_word' id='word_1_253' title='bbox 357 2927 426 3004; x_wconf 92' lang='lat' dir='ltr'><strong>poni</strong></span> <span class='ocrx_word' id='word_1_254' title='bbox 451 2926 554 2997; x_wconf 84' lang='lat' dir='ltr'><strong>solent,</strong></span> <span class='ocrx_word' id='word_1_255' title='bbox 575 2926 618 2983; x_wconf 89' lang='lat' dir='ltr'><strong>ita</strong></span> <span class='ocrx_word' id='word_1_256' title='bbox 639 2946 686 2985; x_wconf 90' lang='lat' dir='ltr'><strong>res</strong></span> <span class='ocrx_word' id='word_1_257' title='bbox 708 2927 879 3005; x_wconf 85' lang='lat' dir='ltr'><strong>exponitur:</strong></span> <span class='ocrx_word' id='word_1_258' title='bbox 913 2924 1077 3001; x_wconf 83' lang='lat' dir='ltr'><strong>,Quamvis</strong></span> <span class='ocrx_word' id='word_1_259' title='bbox 1098 2944 1201 2984; x_wconf 88' lang='lat' dir='ltr'><strong>omnes</strong></span> <span class='ocrx_word' id='word_1_260' title='bbox 1223 2926 1274 2983; x_wconf 91' lang='lat' dir='ltr'><strong>isti</strong></span> <span class='ocrx_word' id='word_1_261' title='bbox 1294 2924 1365 2983; x_wconf 89' lang='lat' dir='ltr'><strong>libri</strong></span> <span class='ocrx_word' id='word_1_262' title='bbox 1386 2924 1458 2985; x_wconf 88' lang='lat' dir='ltr'><strong>hac·</strong></span> 
     </span>
     <span class='ocr_line' id='line_1_31' title="bbox 209 3010 1456 3091; baseline 0.002 -22"><span class='ocrx_word' id='word_1_263' title='bbox 209 3020 297 3071; x_wconf 89' lang='lat' dir='ltr'><strong>tenus</strong></span> <span class='ocrx_word' id='word_1_264' title='bbox 330 3032 348 3069; x_wconf 90' lang='lat' dir='ltr'><strong>a</strong></span> <span class='ocrx_word' id='word_1_265' title='bbox 377 3012 463 3073; x_wconf 88' lang='lat' dir='ltr'><strong>uobis</strong></span> <span class='ocrx_word' id='word_1_266' title='bbox 492 3014 721 3083; x_wconf 89' lang='lat' dir='ltr'><strong>commemorati,</strong></span> <span class='ocrx_word' id='word_1_267' title='bbox 755 3014 806 3091; x_wconf 89' lang='lat' dir='ltr'><strong>qui</strong></span> <span class='ocrx_word' id='word_1_268' title='bbox 836 3032 854 3070; x_wconf 90' lang='lat' dir='ltr'><strong>a</strong></span> <span class='ocrx_word' id='word_1_269' title='bbox 885 3010 1012 3071; x_wconf 80' lang='lat' dir='ltr'><strong>diversis</strong></span> <span class='ocrx_word' id='word_1_270' title='bbox 1044 3010 1236 3090; x_wconf 86' lang='lat' dir='ltr'><strong>scriptoribus</strong></span> <span class='ocrx_word' id='word_1_271' title='bbox 1269 3011 1456 3091; x_wconf 86' lang='lat' dir='ltr'><strong>diversisque</strong></span> 
     </span>
     <span class='ocr_line' id='line_1_32' title="bbox 210 3096 1455 3178; baseline 0 -21"><span class='ocrx_word' id='word_1_272' title='bbox 210 3098 391 3177; x_wconf 85' lang='lat' dir='ltr'><strong>temporibus</strong></span> <span class='ocrx_word' id='word_1_273' title='bbox 420 3098 599 3178; x_wconf 87' lang='lat' dir='ltr'><strong>prodierunt,</strong></span> <span class='ocrx_word' id='word_1_274' title='bbox 633 3099 670 3157; x_wconf 88' lang='lat' dir='ltr'><strong>ab</strong></span> <span class='ocrx_word' id='word_1_275' title='bbox 700 3101 745 3171; x_wconf 90' lang='lat' dir='ltr'><strong>iis,</strong></span> <span class='ocrx_word' id='word_1_276' title='bbox 779 3098 886 3177; x_wconf 89' lang='lat' dir='ltr'><strong>quibus</strong></span> <span class='ocrx_word' id='word_1_277' title='bbox 915 3096 1108 3157; x_wconf 88' lang='lat' dir='ltr'><strong>tradebantur</strong></span> <span class='ocrx_word' id='word_1_278' title='bbox 1140 3097 1300 3176; x_wconf 83' lang='lat' dir='ltr'><strong>diligenter</strong></span> <span class='ocrx_word' id='word_1_279' title='bbox 1329 3099 1455 3170; x_wconf 86' lang='lat' dir='ltr'><strong>collecti,</strong></span> 
     </span>
     <span class='ocr_line' id='line_1_33' title="bbox 211 3184 1455 3266; baseline 0.001 -22"><span class='ocrx_word' id='word_1_280' title='bbox 211 3194 313 3244; x_wconf 89' lang='lat' dir='ltr'><strong>sancte</strong></span> <span class='ocrx_word' id='word_1_281' title='bbox 336 3188 480 3245; x_wconf 87' lang='lat' dir='ltr'><strong>asservati</strong></span> <span class='ocrx_word' id='word_1_282' title='bbox 503 3195 532 3245; x_wconf 89' lang='lat' dir='ltr'><strong>et</strong></span> <span class='ocrx_word' id='word_1_283' title='bbox 554 3187 586 3244; x_wconf 92' lang='lat' dir='ltr'><strong>in</strong></span> <span class='ocrx_word' id='word_1_284' title='bbox 609 3206 699 3245; x_wconf 85' lang='lat' dir='ltr'><strong>unum</strong></span> <span class='ocrx_word' id='word_1_285' title='bbox 722 3194 854 3266; x_wconf 86' lang='lat' dir='ltr'><strong>systema</strong></span> <span class='ocrx_word' id='word_1_286' title='bbox 876 3187 969 3244; x_wconf 89' lang='lat' dir='ltr'><strong>coacti</strong></span> <span class='ocrx_word' id='word_1_287' title='bbox 992 3187 1072 3243; x_wconf 91' lang='lat' dir='ltr'><strong>sint:</strong></span> <span class='ocrx_word' id='word_1_288' title='bbox 1107 3204 1193 3243; x_wconf 93' lang='lat' dir='ltr'><strong>nemo</strong></span> <span class='ocrx_word' id='word_1_289' title='bbox 1214 3194 1315 3243; x_wconf 88' lang='lat' dir='ltr'><strong>tamen</strong></span> <span class='ocrx_word' id='word_1_290' title='bbox 1338 3184 1455 3245; x_wconf 88' lang='lat' dir='ltr'><strong>dubitat</strong></span> 
     </span>
     <span class='ocr_line' id='line_1_34' title="bbox 210 3270 1457 3351; baseline 0.002 -22"><span class='ocrx_word' id='word_1_291' title='bbox 210 3292 312 3331; x_wconf 90' lang='lat' dir='ltr'><strong>omnes</strong></span> <span class='ocrx_word' id='word_1_292' title='bbox 334 3273 388 3331; x_wconf 89' lang='lat' dir='ltr'><strong>hos</strong></span> <span class='ocrx_word' id='word_1_293' title='bbox 421 3273 512 3333; x_wconf 91' lang='lat' dir='ltr'><strong>libros</strong></span> <span class='ocrx_word' id='word_1_294' title='bbox 535 3272 641 3347; x_wconf 90' lang='lat' dir='ltr'><strong>abiis,</strong></span> <span class='ocrx_word' id='word_1_295' title='bbox 675 3275 726 3351; x_wconf 90' lang='lat' dir='ltr'><strong>qui</strong></span> <span class='ocrx_word' id='word_1_296' title='bbox 747 3273 924 3351; x_wconf 80' lang='lat' dir='ltr'><strong>religionem</strong></span> <span class='ocrx_word' id='word_1_297' title='bbox 949 3291 1033 3330; x_wconf 87' lang='lat' dir='ltr'><strong>suam</strong></span> <span class='ocrx_word' id='word_1_298' title='bbox 1057 3270 1173 3329; x_wconf 91' lang='lat' dir='ltr'><strong>inillis</strong></span> <span class='ocrx_word' id='word_1_299' title='bbox 1194 3270 1364 3344; x_wconf 73' lang='lat' dir='ltr'><strong>fundarunt,</strong></span> <span class='ocrx_word' id='word_1_300' title='bbox 1396 3292 1457 3331; x_wconf 92' lang='lat' dir='ltr'><strong>non</strong></span> 
     </span>
     <span class='ocr_line' id='line_1_35' title="bbox 210 3356 1456 3439; baseline 0.002 -23"><span class='ocrx_word' id='word_1_301' title='bbox 210 3361 275 3436; x_wconf 89' lang='lat' dir='ltr'><strong>pari</strong></span> <span class='ocrx_word' id='word_1_302' title='bbox 297 3360 417 3437; x_wconf 88' lang='lat' dir='ltr'><strong>pietatis</strong></span> <span class='ocrx_word' id='word_1_303' title='bbox 451 3360 557 3419; x_wconf 80' lang='lat' dir='ltr'><strong>affectu</strong></span> <span class='ocrx_word' id='word_1_304' title='bbox 578 3369 712 3439; x_wconf 87' lang='lat' dir='ltr'><strong>receptos</strong></span> <span class='ocrx_word' id='word_1_305' title='bbox 735 3378 830 3437; x_wconf 90' lang='lat' dir='ltr'><strong>neque</strong></span> <span class='ocrx_word' id='word_1_306' title='bbox 854 3356 987 3418; x_wconf 88' lang='lat' dir='ltr'><strong>eiusdem</strong></span> <span class='ocrx_word' id='word_1_307' title='bbox 1010 3358 1192 3416; x_wconf 86' lang='lat' dir='ltr'><strong>auctoritatis</strong></span> <span class='ocrx_word' id='word_1_308' title='bbox 1215 3356 1360 3417; x_wconf 89' lang='lat' dir='ltr'><strong>indicatos</strong></span> <span class='ocrx_word' id='word_1_309' title='bbox 1382 3378 1456 3419; x_wconf 91' lang='lat' dir='ltr'><strong>esse.</strong></span> 
     </span>
     <span class='ocr_line' id='line_1_36' title="bbox 209 3442 1457 3527; baseline 0.001 -25"><span class='ocrx_word' id='word_1_310' title='bbox 209 3444 292 3503; x_wconf 87' lang='lat' dir='ltr'><strong>Hinc</strong></span> <span class='ocrx_word' id='word_1_311' title='bbox 313 3454 395 3523; x_wconf 90' lang='lat' dir='ltr'><strong>patet</strong></span> <span class='ocrx_word' id='word_1_312' title='bbox 416 3444 576 3506; x_wconf 87' lang='lat' dir='ltr'><strong>discrimen</strong></span> <span class='ocrx_word' id='word_1_313' title='bbox 598 3448 676 3507; x_wconf 87' lang='lat' dir='ltr'><strong>iuter</strong></span> <span class='ocrx_word' id='word_1_314' title='bbox 697 3446 789 3505; x_wconf 88' lang='lat' dir='ltr'><strong>libros</strong></span> <span class='ocrx_word' id='word_1_315' title='bbox 811 3447 1029 3505; x_wconf 89' lang='lat' dir='ltr'><strong>canonicos</strong></span> <span class='ocrx_word' id='word_1_316' title='bbox 1051 3452 1081 3503; x_wconf 90' lang='lat' dir='ltr'><strong>et</strong></span> <span class='ocrx_word' id='word_1_317' title='bbox 1103 3442 1349 3527; x_wconf 88' lang='lat' dir='ltr'><strong>apocryphos</strong></span> <span class='ocrx_word' id='word_1_318' title='bbox 1373 3442 1457 3522; x_wconf 89' lang='lat' dir='ltr'><strong>[quos</strong></span> 
     </span>
    </p>
   </div>
   <div class='ocr_carea' id='block_1_6' title="bbox 257 3660 1456 4564">
    <p class='ocr_par' dir='ltr' id='par_1_10' title="bbox 262 3660 1456 4290">
     <span class='ocr_line' id='line_1_37' title="bbox 262 3660 1456 3734; baseline -0.003 -15"><span class='ocrx_word' id='word_1_319' title='bbox 262 3665 294 3729; x_wconf 64' lang='grc' dir='ltr'><strong>ετ)</strong></span> <span class='ocrx_word' id='word_1_320' title='bbox 311 3666 584 3734; x_wconf 74' lang='grc' dir='ltr'>Ργιοιοιοιιιιιιιιιι</span> <span class='ocrx_word' id='word_1_321' title='bbox 612 3682 628 3719; x_wconf 93' lang='lat' dir='ltr'><strong>o</strong></span> <span class='ocrx_word' id='word_1_322' title='bbox 656 3666 855 3721; x_wconf 80' lang='lat' dir='ltr'><strong>Casmesaous</strong></span> <span class='ocrx_word' id='word_1_323' title='bbox 884 3662 1012 3717; x_wconf 83' lang='lat' dir='ltr'><strong>llucasis</strong></span> <span class='ocrx_word' id='word_1_324' title='bbox 1030 3660 1153 3717; x_wconf 78' lang='lat' dir='ltr'><strong>Berxaro</strong></span> <span class='ocrx_word' id='word_1_325' title='bbox 1172 3677 1190 3715; x_wconf 94' lang='grc' dir='ltr'><strong>ιι</strong></span> <span class='ocrx_word' id='word_1_326' title='bbox 1208 3662 1320 3715; x_wconf 84' lang='lat' dir='ltr'><strong>Hoaaro</strong></span> <span class='ocrx_word' id='word_1_327' title='bbox 1347 3661 1456 3716; x_wconf 65' lang='lat' dir='ltr'><strong>Besara</strong></span> 
     </span>
     <span class='ocr_line' id='line_1_38' title="bbox 313 3730 1454 3802; baseline -0.004 -13"><span class='ocrx_word' id='word_1_328' title='bbox 313 3734 451 3795; x_wconf 71' lang='lat' dir='ltr'><strong>celassis</strong></span> <span class='ocrx_word' id='word_1_329' title='bbox 474 3750 528 3787; x_wconf 78' lang='lat' dir='ltr'><strong>aas</strong></span> <span class='ocrx_word' id='word_1_330' title='bbox 551 3734 685 3802; x_wconf 83' lang='lat' dir='ltr'><strong>rsopeaitt</strong></span> <span class='ocrx_word' id='word_1_331' title='bbox 708 3750 748 3787; x_wconf 88' lang='lat' dir='ltr'><strong>cs.</strong></span> <span class='ocrx_word' id='word_1_332' title='bbox 780 3734 894 3794; x_wconf 75' lang='lat' dir='ltr'><strong>Orneus</strong></span> <span class='ocrx_word' id='word_1_333' title='bbox 912 3749 930 3785; x_wconf 86' lang='grc' dir='ltr'><strong>ιι</strong></span> <span class='ocrx_word' id='word_1_334' title='bbox 949 3735 1088 3800; x_wconf 80' lang='lat' dir='ltr'><strong>yssrcsett</strong></span> <span class='ocrx_word' id='word_1_335' title='bbox 1115 3732 1238 3799; x_wconf 78' lang='lat' dir='ltr'><strong>Ilepsss.</strong></span> <span class='ocrx_word' id='word_1_336' title='bbox 1268 3732 1296 3784; x_wconf 84' lang='lat' dir='ltr'><strong>C.</strong></span> <span class='ocrx_word' id='word_1_337' title='bbox 1316 3730 1366 3785; x_wconf 77' lang='lat' dir='ltr'><strong>llo.</strong></span> <span class='ocrx_word' id='word_1_338' title='bbox 1387 3736 1454 3785; x_wconf 75' lang='grc'><strong>1891</strong></span> 
     </span>
     <span class='ocr_line' id='line_1_39' title="bbox 313 3800 1453 3872; baseline -0.003 -14"><span class='ocrx_word' id='word_1_339' title='bbox 313 3821 338 3872; x_wconf 90' lang='lat' dir='ltr'><strong>p.</strong></span> <span class='ocrx_word' id='word_1_340' title='bbox 360 3812 405 3858; x_wconf 87' lang='lat'><strong>11:</strong></span> <span class='ocrx_word' id='word_1_341' title='bbox 424 3804 804 3859; x_wconf 77' lang='lat' dir='ltr'><strong>Ocrarsnas-aesssmrros</strong></span> <span class='ocrx_word' id='word_1_342' title='bbox 817 3816 1022 3861; x_wconf 78' lang='lat' dir='ltr'><strong>nexosamsxos</strong></span> <span class='ocrx_word' id='word_1_343' title='bbox 1036 3803 1206 3855; x_wconf 73' lang='lat' dir='ltr'><strong>successsit</strong></span> <span class='ocrx_word' id='word_1_344' title='bbox 1224 3805 1323 3855; x_wconf 82' lang='lat' dir='ltr'><strong>aamett</strong></span> <span class='ocrx_word' id='word_1_345' title='bbox 1341 3800 1453 3865; x_wconf 78' lang='lat' dir='ltr'><strong>Badrin,</strong></span> 
     </span>
     <span class='ocr_line' id='line_1_40' title="bbox 313 3872 1452 3939; baseline -0.002 -12"><span class='ocrx_word' id='word_1_346' title='bbox 313 3888 598 3929; x_wconf 81' lang='lat' dir='ltr'><strong>senensenosanssm</strong></span> <span class='ocrx_word' id='word_1_347' title='bbox 606 3872 800 3926; x_wconf 80' lang='lat' dir='ltr'><strong>Memrososa</strong></span> <span class='ocrx_word' id='word_1_348' title='bbox 812 3886 907 3939; x_wconf 70' lang='lat' dir='ltr'><strong>sauny</strong></span> <span class='ocrx_word' id='word_1_349' title='bbox 919 3874 1174 3925; x_wconf 78' lang='lat' dir='ltr'><strong>serxosasitrusss</strong></span> <span class='ocrx_word' id='word_1_350' title='bbox 1187 3886 1321 3933; x_wconf 83' lang='grc' dir='ltr'>ιιιιιιιιι,</span> <span class='ocrx_word' id='word_1_351' title='bbox 1340 3886 1452 3925; x_wconf 72' lang='lat' dir='ltr'><strong>anenno</strong></span> 
     </span>
     <span class='ocr_line' id='line_1_41' title="bbox 311 3940 1453 4013; baseline -0.003 -16"><span class='ocrx_word' id='word_1_352' title='bbox 311 3959 361 3997; x_wconf 87' lang='lat' dir='ltr'><strong>ace</strong></span> <span class='ocrx_word' id='word_1_353' title='bbox 377 3960 476 4013; x_wconf 80' lang='lat' dir='ltr'><strong>sperae</strong></span> <span class='ocrx_word' id='word_1_354' title='bbox 495 3944 689 3997; x_wconf 76' lang='lat' dir='ltr'><strong>ocsunsnnaie</strong></span> <span class='ocrx_word' id='word_1_355' title='bbox 707 3954 942 4009; x_wconf 79' lang='lat' dir='ltr'><strong>scropnsecasxs</strong></span> <span class='ocrx_word' id='word_1_356' title='bbox 958 3954 1056 4007; x_wconf 72' lang='lat' dir='ltr'><strong>sama,</strong></span> <span class='ocrx_word' id='word_1_357' title='bbox 1075 3944 1131 4005; x_wconf 70' lang='grc' dir='ltr'>(ιιι</span> <span class='ocrx_word' id='word_1_358' title='bbox 1143 3956 1186 3994; x_wconf 78' lang='grc' dir='ltr'>ιιι.</span> <span class='ocrx_word' id='word_1_359' title='bbox 1205 3940 1314 4008; x_wconf 68' lang='lat' dir='ltr'><strong>sarpa,</strong></span> <span class='ocrx_word' id='word_1_360' title='bbox 1331 3941 1453 3994; x_wconf 77' lang='lat' dir='ltr'><strong>room-</strong></span> 
     </span>
     <span class='ocr_line' id='line_1_42' title="bbox 312 4008 1454 4081; baseline -0.004 -14"><span class='ocrx_word' id='word_1_361' title='bbox 312 4013 420 4081; x_wconf 70' lang='grc' dir='ltr'>Ιιιιιοι,</span> <span class='ocrx_word' id='word_1_362' title='bbox 439 4014 604 4080; x_wconf 80' lang='lat' dir='ltr'><strong>Ecenps,</strong></span> <span class='ocrx_word' id='word_1_363' title='bbox 627 4025 678 4078; x_wconf 76' lang='grc' dir='ltr'>τρι</span> <span class='ocrx_word' id='word_1_364' title='bbox 700 4026 786 4063; x_wconf 82' lang='lat' dir='ltr'><strong>saura</strong></span> <span class='ocrx_word' id='word_1_365' title='bbox 806 4009 1022 4065; x_wconf 83' lang='lat' dir='ltr'><strong>Messasettcsin</strong></span> <span class='ocrx_word' id='word_1_366' title='bbox 1041 4027 1058 4063; x_wconf 90' lang='grc' dir='ltr'><strong>ιι</strong></span> <span class='ocrx_word' id='word_1_367' title='bbox 1077 4016 1123 4063; x_wconf 60' lang='lat' dir='ltr'><strong>aa</strong></span> <span class='ocrx_word' id='word_1_368' title='bbox 1141 4010 1261 4079; x_wconf 77' lang='lat' dir='ltr'><strong>Respa),</strong></span> <span class='ocrx_word' id='word_1_369' title='bbox 1279 4026 1324 4063; x_wconf 83' lang='lat' dir='ltr'><strong>an.</strong></span> <span class='ocrx_word' id='word_1_370' title='bbox 1342 4008 1454 4079; x_wconf 74' lang='lat' dir='ltr'><strong>lipesy,</strong></span> 
     </span>
     <span class='ocr_line' id='line_1_43' title="bbox 308 4078 1452 4152; baseline -0.007 -12"><span class='ocrx_word' id='word_1_371' title='bbox 308 4098 411 4152; x_wconf 75' lang='lat' dir='ltr'><strong>spocrn</strong></span> <span class='ocrx_word' id='word_1_372' title='bbox 435 4082 594 4145; x_wconf 81' lang='lat' dir='ltr'><strong>Cesosona,</strong></span> <span class='ocrx_word' id='word_1_373' title='bbox 612 4080 715 4147; x_wconf 80' lang='lat' dir='ltr'><strong>Incyca</strong></span> <span class='ocrx_word' id='word_1_374' title='bbox 733 4096 757 4133; x_wconf 92' lang='lat' dir='ltr'><strong>c.</strong></span> <span class='ocrx_word' id='word_1_375' title='bbox 776 4078 889 4146; x_wconf 82' lang='lat' dir='ltr'><strong>Cupaxa</strong></span> <span class='ocrx_word' id='word_1_376' title='bbox 908 4096 924 4131; x_wconf 89' lang='lat' dir='ltr'><strong>n</strong></span> <span class='ocrx_word' id='word_1_377' title='bbox 943 4094 987 4133; x_wconf 80' lang='lat' dir='ltr'><strong>as.</strong></span> <span class='ocrx_word' id='word_1_378' title='bbox 1006 4080 1131 4147; x_wconf 78' lang='lat' dir='ltr'><strong>Bapyxa,</strong></span> <span class='ocrx_word' id='word_1_379' title='bbox 1159 4095 1229 4147; x_wconf 77' lang='lat' dir='ltr'><strong>cyr-s</strong></span> <span class='ocrx_word' id='word_1_380' title='bbox 1257 4094 1343 4132; x_wconf 86' lang='grc' dir='ltr'>ιιιιιιιιι</span> <span class='ocrx_word' id='word_1_381' title='bbox 1372 4094 1452 4132; x_wconf 81' lang='lat' dir='ltr'><strong>sesa·</strong></span> 
     </span>
     <span class='ocr_line' id='line_1_44' title="bbox 310 4150 1452 4217; baseline -0.004 -13"><span class='ocrx_word' id='word_1_382' title='bbox 310 4155 488 4214; x_wconf 76' lang='lat' dir='ltr'><strong>soanensis,</strong></span> <span class='ocrx_word' id='word_1_383' title='bbox 518 4168 540 4205; x_wconf 90' lang='grc' dir='ltr'><strong>τ.</strong></span> <span class='ocrx_word' id='word_1_384' title='bbox 564 4166 588 4203; x_wconf 88' lang='lat' dir='ltr'><strong>e.</strong></span> <span class='ocrx_word' id='word_1_385' title='bbox 611 4165 679 4204; x_wconf 83' lang='lat' dir='ltr'><strong>xors</strong></span> <span class='ocrx_word' id='word_1_386' title='bbox 711 4150 980 4217; x_wconf 76' lang='lat' dir='ltr'><strong>yuorpeosresssus</strong></span> <span class='ocrx_word' id='word_1_387' title='bbox 1007 4165 1025 4201; x_wconf 90' lang='grc' dir='ltr'><strong>ιι</strong></span> <span class='ocrx_word' id='word_1_388' title='bbox 1052 4162 1209 4217; x_wconf 83' lang='lat' dir='ltr'><strong>nosesuns,</strong></span> <span class='ocrx_word' id='word_1_389' title='bbox 1236 4163 1272 4201; x_wconf 87' lang='lat' dir='ltr'><strong>so</strong></span> <span class='ocrx_word' id='word_1_390' title='bbox 1301 4162 1339 4200; x_wconf 77' lang='lat' dir='ltr'><strong>as</strong></span> <span class='ocrx_word' id='word_1_391' title='bbox 1366 4163 1452 4202; x_wconf 75' lang='lat' dir='ltr'><strong>sacro</strong></span> 
     </span>
     <span class='ocr_line' id='line_1_45' title="bbox 309 4220 1322 4290; baseline -0.005 -16"><span class='ocrx_word' id='word_1_392' title='bbox 309 4236 519 4290; x_wconf 76' lang='lat' dir='ltr'><strong>npnasassuxs</strong></span> <span class='ocrx_word' id='word_1_393' title='bbox 536 4220 629 4275; x_wconf 78' lang='lat' dir='ltr'><strong>soban</strong></span> <span class='ocrx_word' id='word_1_394' title='bbox 650 4236 683 4273; x_wconf 89' lang='lat' dir='ltr'><strong>se</strong></span> <span class='ocrx_word' id='word_1_395' title='bbox 701 4232 875 4278; x_wconf 64' lang='lat' dir='ltr'><strong>semensas,</strong></span> <span class='ocrx_word' id='word_1_396' title='bbox 893 4232 912 4271; x_wconf 91' lang='grc' dir='ltr'><strong>ιι</strong></span> <span class='ocrx_word' id='word_1_397' title='bbox 931 4233 966 4271; x_wconf 85' lang='lat' dir='ltr'><strong>se</strong></span> <span class='ocrx_word' id='word_1_398' title='bbox 984 4220 1102 4271; x_wconf 74' lang='lat' dir='ltr'><strong>usumin</strong></span> <span class='ocrx_word' id='word_1_399' title='bbox 1120 4232 1158 4271; x_wconf 81' lang='lat' dir='ltr'><strong>as</strong></span> <span class='ocrx_word' id='word_1_400' title='bbox 1176 4220 1322 4271; x_wconf 69' lang='lat' dir='ltr'><strong>nossetis·</strong></span> 
     </span>
    </p>

    <p class='ocr_par' dir='ltr' id='par_1_11' title="bbox 257 4284 1453 4564">
     <span class='ocr_line' id='line_1_46' title="bbox 257 4284 1452 4354; baseline -0.005 -10"><span class='ocrx_word' id='word_1_401' title='bbox 257 4289 291 4354; x_wconf 78' lang='lat'><strong>⁸⁸)</strong></span> <span class='ocrx_word' id='word_1_402' title='bbox 311 4288 486 4344; x_wconf 81' lang='lat' dir='ltr'><strong>orthodoxae</strong></span> <span class='ocrx_word' id='word_1_403' title='bbox 510 4288 658 4343; x_wconf 83' lang='lat' dir='ltr'><strong>orientalis</strong></span> <span class='ocrx_word' id='word_1_404' title='bbox 682 4286 824 4342; x_wconf 84' lang='lat' dir='ltr'><strong>Ecclesiae</strong></span> <span class='ocrx_word' id='word_1_405' title='bbox 845 4286 980 4354; x_wconf 73' lang='lat' dir='ltr'><strong>Dogmata</strong></span> <span class='ocrx_word' id='word_1_406' title='bbox 1007 4302 1057 4341; x_wconf 86' lang='lat' dir='ltr'><strong>seu</strong></span> <span class='ocrx_word' id='word_1_407' title='bbox 1084 4286 1217 4342; x_wconf 85' lang='lat' dir='ltr'><strong>Doctrina</strong></span> <span class='ocrx_word' id='word_1_408' title='bbox 1243 4284 1392 4340; x_wconf 86' lang='lat' dir='ltr'><strong>christiana</strong></span> <span class='ocrx_word' id='word_1_409' title='bbox 1416 4285 1452 4339; x_wconf 90' lang='lat' dir='ltr'><strong>de</strong></span> 
     </span>
     <span class='ocr_line' id='line_1_47' title="bbox 310 4353 1453 4425; baseline -0.005 -12"><span class='ocrx_word' id='word_1_410' title='bbox 310 4357 463 4422; x_wconf 86' lang='lat' dir='ltr'><strong>credendis,</strong></span> <span class='ocrx_word' id='word_1_411' title='bbox 481 4358 577 4412; x_wconf 89' lang='lat' dir='ltr'><strong>usibus</strong></span> <span class='ocrx_word' id='word_1_412' title='bbox 595 4372 698 4423; x_wconf 87' lang='lat' dir='ltr'><strong>eorum,</strong></span> <span class='ocrx_word' id='word_1_413' title='bbox 716 4356 764 4425; x_wconf 86' lang='lat' dir='ltr'><strong>qui</strong></span> <span class='ocrx_word' id='word_1_414' title='bbox 783 4356 874 4410; x_wconf 90' lang='lat' dir='ltr'><strong>studio</strong></span> <span class='ocrx_word' id='word_1_415' title='bbox 893 4356 1047 4423; x_wconf 74' lang='lat' dir='ltr'><strong>theologico</strong></span> <span class='ocrx_word' id='word_1_416' title='bbox 1069 4370 1130 4410; x_wconf 84' lang='lat' dir='ltr'><strong>sese</strong></span> <span class='ocrx_word' id='word_1_417' title='bbox 1150 4365 1348 4411; x_wconf 85' lang='lat' dir='ltr'><strong>conseerarunt</strong></span> <span class='ocrx_word' id='word_1_418' title='bbox 1373 4353 1453 4409; x_wconf 80' lang='lat' dir='ltr'><strong>addi·</strong></span> 
     </span>
     <span class='ocr_line' id='line_1_48' title="bbox 310 4423 1452 4495; baseline -0.003 -13"><span class='ocrx_word' id='word_1_419' title='bbox 310 4423 464 4495; x_wconf 81' lang='lat' dir='ltr'><strong>rieruntqne</strong></span> <span class='ocrx_word' id='word_1_420' title='bbox 488 4428 623 4482; x_wconf 84' lang='lat' dir='ltr'><strong>adornata</strong></span> <span class='ocrx_word' id='word_1_421' title='bbox 640 4425 908 4493; x_wconf 83' lang='lat' dir='ltr'><strong>accommodataque.</strong></span> <span class='ocrx_word' id='word_1_422' title='bbox 927 4424 1071 4493; x_wconf 82' lang='lat' dir='ltr'><strong>Mosqnae.</strong></span> <span class='ocrx_word' id='word_1_423' title='bbox 1147 4425 1171 4479; x_wconf 90' lang='lat' dir='ltr'><strong>is</strong></span> <span class='ocrx_word' id='word_1_424' title='bbox 1189 4424 1384 4479; x_wconf 82' lang='lat' dir='ltr'><strong>Sanctissimae</strong></span> <span class='ocrx_word' id='word_1_425' title='bbox 1401 4423 1452 4491; x_wconf 74' lang='lat' dir='ltr'><strong>sy-</strong></span> 
     </span>
     <span class='ocr_line' id='line_1_49' title="bbox 309 4494 1449 4564; baseline -0.006 -10"><span class='ocrx_word' id='word_1_426' title='bbox 309 4498 383 4555; x_wconf 88' lang='lat' dir='ltr'><strong>nodi.</strong></span> <span class='ocrx_word' id='word_1_427' title='bbox 413 4501 488 4552; x_wconf 78' lang='lat'>1831.</span> <span class='ocrx_word' id='word_1_428' title='bbox 515 4514 542 4564; x_wconf 87' lang='lat' dir='ltr'><strong>p.</strong></span> <span class='ocrx_word' id='word_1_429' title='bbox 570 4501 681 4551; x_wconf 78' lang='lat'>55-56.</span> <span class='ocrx_word' id='word_1_430' title='bbox 710 4494 749 4549; x_wconf 85' lang='lat' dir='ltr'><strong>Ol.</strong></span> <span class='ocrx_word' id='word_1_431' title='bbox 774 4494 854 4551; x_wconf 83' lang='lat' dir='ltr'><strong>Alex.</strong></span> <span class='ocrx_word' id='word_1_432' title='bbox 884 4494 1076 4561; x_wconf 82' lang='lat' dir='ltr'><strong>Dombrovslri,</strong></span> <span class='ocrx_word' id='word_1_433' title='bbox 1145 4510 1197 4548; x_wconf 83' lang='lat' dir='ltr'><strong>rus</strong></span> <span class='ocrx_word' id='word_1_434' title='bbox 1224 4494 1346 4563; x_wconf 83' lang='lat' dir='ltr'><strong>biblique</strong></span> <span class='ocrx_word' id='word_1_435' title='bbox 1373 4498 1449 4547; x_wconf 80' lang='grc'><strong>1901.</strong></span> 
     </span>
    </p>
   </div>
   <div class='ocr_carea' id='block_1_7' title="bbox 257 4572 1299 4731">
    <p class='ocr_par' dir='ltr' id='par_1_12' title="bbox 257 4572 1299 4731">
     <span class='ocr_line' id='line_1_50' title="bbox 310 4572 415 4638; baseline -0.01 -17"><span class='ocrx_word' id='word_1_436' title='bbox 310 4586 336 4638; x_wconf 88' lang='lat' dir='ltr'><strong>p.</strong></span> <span class='ocrx_word' id='word_1_437' title='bbox 354 4572 415 4622; x_wconf 75' lang='lat' dir='ltr'><strong>ate.</strong></span> 
     </span>
     <span class='ocr_line' id='line_1_51' title="bbox 257 4669 1299 4731; baseline -0.01 0"><span class='ocrx_word' id='word_1_438' title='bbox 257 4688 316 4731; x_wconf 74' lang='lat' dir='ltr'><strong>slav.</strong></span> <span class='ocrx_word' id='word_1_439' title='bbox 330 4690 371 4731; x_wconf 82' lang='grc' dir='ltr'>ιιιι.</span> <span class='ocrx_word' id='word_1_440' title='bbox 385 4690 453 4731; x_wconf 76' lang='lat' dir='ltr'><strong>tneor.</strong></span> <span class='ocrx_word' id='word_1_441' title='bbox 1265 4669 1299 4721; x_wconf 81' lang='grc'><strong>19</strong></span> 
     </span>
    </p>
   </div>
   <div class='ocr_carea' id='block_1_8' title="bbox 0 0 1730 5342">
    <p class='ocr_par' dir='ltr' id='par_1_13' title="bbox 0 0 1730 5342">
     <span class='ocr_line' id='line_1_52' title="bbox 0 0 1730 5342; baseline 0 4"><span class='ocrx_word' id='word_1_442' title='bbox 0 0 1730 5342; x_wconf 95' lang='lat' dir='ltr'><strong> </strong></span> 
     </span>
    </p>
   </div>
  </div>
 </body>
</html>
