3450 5342
660 367 853 424 -cao—

120 549 234 604 reiecti
251 549 372 604 haeresi
383 548 645 604 Montanistarurn
659 549 691 604 in
711 553 776 602 toto
795 549 872 604 orbe
885 548 1073 603 documento
1093 563 1162 602 esse
1177 547 1333 604 dicuntur.
1345 581 1376 590 -—

122 619 220 675 Circa
239 634 265 674 a.
276 619 328 674 190
337 619 553 674 controversia
570 619 610 674 de
626 623 768 687 tempore
780 617 958 673 celebrandi
971 617 1090 672 Pascha
1105 617 1239 686 vigebat.
1260 617 1375 674 Euseb.

122 689 169 757 V.,
195 690 239 754 23,
263 689 280 742 2
299 688 337 742 de
359 688 506 759 »synodis
531 688 766 758 episcoporum«
788 687 846 742 hac
872 702 968 756 super
992 685 1175 756 quaestione
1194 687 1372 742 convocatis

121 757 277 828 loquitur.
307 758 425 812 Auctor
449 757 529 814 hanc
555 773 661 813 vocem
691 757 838 825 »synodis
862 757 1098 826 episcoporum·
1120 771 1182 811 non
1210 771 1304 812 sensu
1324 771 1374 814 ex-

105 827 251 882 clusivo
265 827 320 882 sed
362 826 477 882 ositivo
496 826 600 883 intelle
623 827 633 882 i
648 825 724 882 vult.
745 824 944 881 Probationis
959 841 1053 881 causa
1067 825 1231 884 Irenaeum
1246 825 1373 892 (Euseb.

124 898 170 962 V.y
196 899 239 963 23,
264 842 390 963 aeti..
414 898 456 962 24,
483 898 527 961 ltl
551 901 582 951 et
601 843 805 963 iolycratem
827 894 998 976 Ephesium
1020 895 1072 958 (ib.
1090 895 1133 962 V,
1158 897 1199 962 24,
1224 894 1373 962 finften.

124 966 254 1030 Quibus
280 965 467 1022 testimoniis
486 965 673 1021 ‹litterarum
692 965 880 1034 fragmentis
900 964 1048 1019 historiae
1066 964 1252 1032 internexis)
1272 969 1374 1018 osten-

124 1037 204 1090 dere
225 1037 300 1104 vult,
328 1040 469 1104 tempore
490 1035 661 1090 Eusebium
687 1035 887 1089 antecedente
912 1033 1006 1088 laicos
1027 1049 1082 1089 scu
1102 1033 1251 1103 populum
1273 1037 1373 1102 (paro-

125 1105 229 1169 chias)
248 1103 385 1162 conciliis
405 1104 595 1169 interfuisse
617 1103 687 1159 hinc
699 1104 857 1158 Eusebius
879 1103 1018 1172 synodos
1037 1103 1256 1184 episcoporum
1278 1117 1373 1158 sensu

125 1173 267 1244 positivo
285 1173 444 1243 intellegit.
465 1173 525 1228 Sed
544 1189 607 1228 non
633 1173 735 1242 potuit
755 1174 901 1228 irenaeus
921 1173 1047 1228 nomine
1066 1171 1205 1227 fidelium
1228 1172 1373 1230 scribere.

125 1244 187 1299 etsi
214 1245 337 1314 synodo
361 1259 424 1297 non
444 1243 677 1298 interfuerunt?
713 1244 791 1297 Cum
819 1257 895 1297 vero
914 1242 1039 1296 nornine
1062 1241 1262 1297 »Gallicarum
1284 1241 1374 1296 ecclc-

128 1313 266 1368 siarum«
288 1313 413 1380 scribat,
443 1312 598 1382 suppositi
624 1312 738 1367 fratres
765 1311 903 1381 episcopi
928 1327 998 1366 esse
1017 1317 1160 1392 possunt.
1193 1311 1372 1379 Polycrates

128 1381 242 1437 scribit
261 1382 376 1439 Victori
398 1387 476 1448 »πρὸς
496 1413 525 1422 -
547 1387 705 1449 exulantem
729 1397 833 1440 sensu,
853 1397 916 1452 quo
932 1379 1024 1449 capiti
1043 1380 1189 1436 ecclesiae
1210 1381 1374 1434 Romanae.

129 1452 191 1506 His
215 1458 319 1507 tamen
343 1451 422 1520 ipsis
448 1451 559 1506 litteris
580 1453 744 1520 episcopos
769 1451 809 1505 ad
829 1450 986 1518 synodum
1012 1457 1209 1504 convocatos·
1225 1449 1284 1503 sibi
1305 1463 1374 1504 con-

129 1521 271 1577 sensisse
289 1523 395 1576 refert.
415 1521 476 1576 Sed
496 1521 608 1576 demus
628 1520 751 1575 interim
772 1520 900 1585 auctori,
928 1519 984 1574 hos
1004 1521 1088 1573 locos
1109 1519 1202 1574 modo
1221 1519 1374 1574 refutatos

130 1591 254 1645 validos
273 1606 351 1646 esse.
372 1589 454 1654 Quid
474 1590 567 1644 inde?
588 1590 694 1645 Solum
716 1597 797 1656 tunc,
818 1588 843 1643 si
864 1591 938 1644 haec
958 1587 1135 1644 testimonia
1148 1587 1186 1643 de
1205 1587 1290 1642 laicis
1310 1595 1375 1656 lpa-

130 1661 260 1726 roehiisl
281 1659 457 1716 necessario
477 1675 531 1714 seu
551 1659 619 1714 iure
637 1659 746 1713 divino
764 1658 913 1714 adhibitis
933 1657 1120 1714 mentionem
1142 1657 1286 1724 iacerent,
1306 1673 1374 1711 con-

131 1737 325 1798 sequeretur,
345 1745 406 1794 eos,
435 1729 509 1798 quia
534 1728 623 1797 prius
642 1728 827 1794 adfuissent,
855 1733 964 1796 postea
989 1743 1114 1798 quoque
1140 1726 1304 1782 convocari
1324 1726 1374 1781 de·

131 1799 240 1854 buisse
268 1798 477 1854 Tertullianus
499 1798 684 1852 elieieiunio
697 1798 852 1852 adversus
867 1798 1048 1866 psychicos«
1063 1797 1230 1852 catholicos
1244 1801 1375 1865 propter

130 1869 279 1923 ieiunium
292 1867 565 1923 vehementissime
575 1867 704 1937 impetit.
716 1867 764 1921 lbi
777 1885 801 1921 c.
813 1866 984 1936 13.legitur:
1000 1873 1152 1936 »aguntur
1162 1881 1218 1947 per
1227 1864 1373 1920 Graecias

131 1938 183 1991 illa
200 1938 295 1992 certis
321 1938 351 1992 in
371 1937 446 1991 locis
465 1937 593 1992 concilia
613 1979 618 1991 .
640 1981 646 1990 .
667 1937 834 2006 ..etipsa
854 1936 1099 2005 repraesentatio
1119 1943 1214 1990 totius
1235 1935 1371 1990 nominis

132 2007 293 2061 christiani
312 2022 425 2073 magna
451 2006 652 2061 veneratione
670 2006 868 2061 celebratur«
901 2005 979 2060 Inde
999 2005 1079 2060 forte
1099 2005 1249 2074 sequitur,
1279 2003 1373 2060 laicos

133 2077 287 2144 suffragia
315 2076 522 2130 consultativa
550 2076 682 2130 tulisse?
710 2107 741 2114 -
768 2074 969 2130 Firmilianus
999 2074 1134 2143 Cappad.
1164 2074 1255 2140 (inter
1283 2073 1373 2136 epist.

134 2145 283 2214 Cypriani
302 2149 347 2205 75l
367 2145 492 2200 scribit:
523 2145 713 2199 necessario
732 2146 816 2214 apud
836 2159 894 2198 nos
914 2144 958 2210 fit,
984 2152 1018 2198 ut
1037 2159 1093 2214 per
1113 2143 1254 2210 singulos
1274 2157 1373 2198 annos

133 2215 273 2270 seniores
292 2223 322 2269 et
343 2214 512 2283 praepositi
531 2214 563 2268 in
582 2230 679 2269 unum
700 2213 924 2269 conveniamus
943 2213 982 2268 ad
1003 2213 1198 2282 disponenda
1222 2228 1265 2278 ea,
1294 2227 1373 2282 «quac

132 2299 225 2339 curae
244 2290 370 2339 nostrae
385 2283 552 2338 commissa
572 2289 653 2350 sunt,
674 2289 716 2348 ut,
736 2284 763 2338 si
782 2299 844 2353 qua
863 2281 1011 2352 graviora
1027 2288 1108 2350 sunt,
1128 2281 1285 2337 communi
1305 2296 1374 2336 eon-

134 2353 203 2407 silio
215 2353 414 2422 dirigantur«
434 2353 515 2416 Quid
527 2356 697 2420 πρεσβύτεροι,
711 2359 849 2417 ἐτίσκοποι,
862 2359 1044 2420 προιστάμενοι
1053 2351 1163 2422 primis
1175 2351 1371 2420 temporibus

134 2421 389 2492 significaverint,
415 2423 505 2476 valde
523 2428 761 2478 controversum
782 2432 837 2478 cst.
873 2423 977 2476 Primo
997 2437 1109 2476 sensus
1130 2421 1223 2477 huius
1243 2421 1298 2475 lori
1319 2419 1369 2474 de·

66 2501 70 2505 ’
135 2494 358 2548 monstrandus
384 2499 440 2547 cst.
471 2492 503 2546 Si
527 2496 630 2547 autem
651 2492 690 2546 ad
710 2499 883 2546 conventus
908 2491 1087 2546 sacerdotes
1115 2491 1206 2546 etiam
1227 2505 1373 2544 convoca-

135 2563 256 2622 bantur.
275 2568 362 2616 estne
381 2576 585 2642 consequens,
604 2560 680 2615 illud
701 2562 912 2616 necessarium
932 2560 1049 2616 fuisse?
1075 2560 1157 2614 Illud
1181 2559 1373 2614 »necessario

135 2631 216 2700 apud
236 2647 294 2686 nos
314 2631 364 2685 iits-
381 2647 442 2686 non
461 2629 603 2686 divinum
624 2630 772 2700 exprimit
791 2629 848 2696 lua,
870 2645 960 2685 secus
980 2644 1042 2684 non
1062 2629 1163 2683 solum
1188 2630 1283 2697 »apud
1298 2643 1371 2682 nost

135 2701 188 2754 sed
217 2701 362 2771 »ubique
393 2701 604 2755 necessarium
631 2705 722 2754 essct.
755 2699 857 2754 Obvio
887 2715 981 2754 sensu
1011 2698 1230 2766 episcoporum
1260 2697 1373 2766 synodi

135 2770 365 2836 intelleguntur.
378 2801 407 2810 -
421 2770 458 2825 ln
477 2769 666 2824 testimoniis
686 2768 891 2838 sequentibus
910 2768 949 2822 ab
969 2775 1094 2822 auctore
1114 2783 1151 2820 ex
1173 2783 1195 2820 s.
1217 2766 1375 2846 cypriano

135 2850 205 2894 ets.
227 2835 370 2895 Cornelio
390 2840 500 2905 allatis,
527 2840 569 2894 ob
588 2839 695 2893 oculos
715 2838 835 2894 versari
862 2837 956 2892 debet
975 2841 1076 2891 status
1095 2836 1296 2917 quaestionis.
1334 2835 1370 2889 ln

135 2910 209 2962 loeis
229 2924 267 2964 ex
287 2925 310 2963 a.
326 2909 483 2978 Cypriano
502 2909 604 2964 allatis
623 2909 662 2963 de
676 2907 909 2978 poenitentibus
929 2906 1041 2961 iterum
1057 2905 1243 2974 recipiendis
1262 2904 1375 2974 agitur.

138 2980 201 3032 llac
220 2979 251 3033 in
271 2994 305 3034 re
324 2979 536 3033 testimonium
562 2977 669 3046 populi
696 2977 800 3046 magni
831 2976 979 3030 momenti
1004 2981 1071 3030 crat
1094 2981 1123 3030 et
1149 2975 1215 3044 ipse
1234 2975 1323 3042 prius
1343 2973 1375 3028 in

137 3048 231 3116 lapsis
250 3049 289 3102 ad
312 3048 471 3103 eeclesiam
493 3047 679 3116 recipiendis
704 3047 743 3102 de
762 3061 870 3101 eorum
891 3045 954 3099 vita
974 3059 1008 3099 ac
1027 3043 1264 3099 conversatione
1283 3043 1376 3096 inter-

137 3118 315 3186 rogabatur.
347 3117 525 3187 Cyprianus
549 3118 588 3172 ad
616 3116 810 3171 clementiam
839 3129 1017 3185 propensus
1046 3119 1153 3168 corrtra
1183 3113 1374 3168 voluntatem

137 3187 241 3267 populi
261 3187 379 3256 aliquot
405 3186 511 3256 lapsos
531 3201 599 3240 rece
623 3187 662 3252 it;
695 3186 750 3240 sed
771 3201 849 3240 usus
869 3201 939 3240 euru
961 3183 1109 3239 maiorem
1130 3183 1302 3238 cautionem
1324 3182 1377 3236 elo-

136 3262 203 3311 cuit.
222 3288 255 3295 -
275 3256 385 3312 Clarus
406 3257 566 3312 Romanus
591 3261 601 3323 l
636 3255 717 3325 igne,
741 3271 787 3336 ep.
806 3257 852 3315 31)
878 3269 947 3309 cunr
970 3253 1061 3308 Decio
1088 3252 1247 3307 ecclesiam
1274 3265 1377 3320 perse·

137 3333 247 3394 quante
267 3326 373 3395 plures
392 3341 486 3395 quam
510 3325 586 3379 alias
611 3325 772 3379 christiam
792 3324 988 3390 defecissent,
1014 3321 1156 3377 contione
1176 3321 1288 3386 habita,
1314 3319 1375 3388 epi·

138 3411 246 3464 scopos
272 3411 333 3450 non
360 3395 489 3464 proprio
514 3394 644 3449 consilio
672 3394 728 3448 sed
753 3409 909 3448 consensu
934 3392 1025 3448 etiam
1055 3393 1314 3461 presbyterorum
1343 3395 1373 3444 et

136 3465 281 3520 laicorum
307 3465 519 3520 adhibitorum
547 3464 604 3518 hac
624 3479 721 3532 super
740 3479 774 3518 re
793 3462 936 3518 decidere
955 3477 973 3516 0
997 3467 1101 3516 oriere
1119 3459 1298 3515 declaravit.
1326 3459 1370 3512 De.

137 3534 284 3603 dignitate
315 3549 350 3588 ac
380 3533 535 3603 probitate
568 3532 818 3602 recipiendorum
845 3532 965 3601 proban
991 3547 1007 3584 a
1037 3546 1092 3586 seu
1121 3530 1158 3585 de
1187 3526 1374 3584 testimoniis

138 3603 331 3672 praestandis
351 3604 511 3673 agebatur.
531 3603 620 3658 idem
640 3603 678 3657 de
698 3619 723 3658 s.
738 3600 882 3657 Cornelio
902 3606 959 3670 (ep.
979 3603 1013 3654 49
1028 3599 1188 3670 Cypriani)
1207 3597 1372 3652 dicendum

137 3678 189 3727 est.
221 3672 281 3727 His
300 3673 338 3727 ad
359 3672 555 3742 potissimam
576 3677 706 3741 partem,
733 3672 773 3726 ad
792 3671 953 3726 materiam
980 3685 1018 3724 ex
1044 3667 1145 3739 prima
1164 3673 1262 3723 aetate
1281 3674 1311 3721 et
1330 3681 1371 3720 ss.

138 3742 281 3797 Patribus
300 3742 449 3810 collatam,
469 3741 663 3797 sufficienter
682 3741 914 3809 respondimus.
933 3740 1043 3864 Issum
1063 3738 1154 3794 etiam
1175 3735 1372 3806 principium,

136 3812 182 3866 cui
200 3817 308 3867 auctor
326 3812 628 3881 argumentationem
649 3815 744 3866 totam
774 3810 865 3880 quasi
885 3809 940 3864 lun
965 3813 1089 3864 amento
1109 3805 1301 3877 superponit,
1320 3805 1374 3860 ad-

138 3880 213 3936 mitti
232 3881 348 3951 nequit
384 3882 462 3936 Nam
482 3882 598 3936 iactum
618 3886 648 3935 et
667 3880 716 3935 ius
740 3880 779 3934 ad
799 3879 915 3934 factum
935 3884 965 3934 et
984 3877 1153 3933 necessitas
1180 3875 1280 3946 ipsius
1300 3873 1373 3956 facti

137 3967 195 4005 non
214 3951 296 4005 idem
317 3958 399 4006 sunt.
423 3952 540 4007 Auctor
564 3950 664 4004 solum
684 3949 788 4018 ipsum
809 3948 935 4010 factum,
954 3947 972 4002 i.
992 3964 1016 4002 e.
1036 3945 1172 4002 conciliis
1192 3946 1308 4000 clerum
1329 3959 1372 3999 in·

138 4019 280 4076 feriorem
300 4020 435 4075 laicosve
454 4019 644 4086 interfuisse,
663 4019 882 4076 demonstrare
901 4032 935 4072 ac
954 4017 1089 4086 probare
1108 4021 1221 4086 potest;
1241 4031 1313 4070 narn
1333 4014 1372 4070 de

137 4089 201 4144 iure
220 4105 275 4144 seu
291 4089 474 4145 necessitate
487 4090 567 4156 facti,
588 4088 618 4144 id
632 4089 716 4158 quod
732 4103 829 4158 supra
842 4087 989 4150 vidimus,
1008 4101 1047 4141 ne
1062 4085 1229 4156 vestigium
1244 4084 1370 4154 quidem

138 4159 283 4228 invenies,
302 4165 431 4229 excepto
444 4160 525 4214 forte
539 4173 601 4214 uno
616 4157 795 4212 testimonio
811 4156 992 4224 Familiam,
1012 4155 1100 4212 cuius
1117 4171 1245 4210 sensum
1260 4169 1369 4209 verum

140 4229 266 4283 simodo
284 4244 347 4284 non
366 4228 515 4296 eruimus,
536 4228 690 4284 tamenin
709 4228 754 4283 sis
773 4225 989 4282 necessitatem
1009 4225 1218 4281 universalem
1240 4239 1295 4279 seu
1315 4238 1373 4292 pro

139 4298 261 4354 ccclesia
286 4303 350 4354 tota
369 4299 571 4353 exsistentem
597 4313 660 4353 non
685 4296 836 4353 contineri
860 4296 928 4366 ipsa
954 4295 1051 4351 verba
1071 4295 1169 4364 vapud
1189 4310 1262 4350 nos«
1290 4291 1373 4347 evin-

138 4373 216 4423 cunt.
243 4367 325 4432 Quid
350 4369 449 4438 ergo?
482 4368 559 4423 Cum
586 4383 687 4437 neque
714 4367 753 4421 de
777 4365 845 4421 iure
870 4364 977 4419 divino
1002 4380 1103 4434 neque
1127 4364 1165 4418 de
1191 4363 1374 4418 necessitate

137 4437 205 4492 facti
223 4437 324 4506 ipsius
343 4437 375 4492 in
395 4437 525 4493 materia
543 4436 635 4492 allata
648 4452 753 4491 sermo
773 4435 814 4490 sit
833 4449 933 4504 neque
953 4435 1027 4488 hacc
1046 4433 1173 4489 omnino
1193 4433 1256 4487 ullo
1276 4431 1369 4486 modo

139 4522 173 4560 ex
192 4507 358 4562 traditione
381 4507 510 4576 probari
534 4506 658 4576 possint
676 4505 834 4575 opositum
854 4505 1006 4574 sequitur,
1038 4502 1191 4558 eiusmodi
1220 4500 1373 4556 institu-

140 4576 278 4632 tionem
299 4576 447 4645 divinam,
467 4592 530 4646 quo
549 4575 617 4631 laici
631 4591 687 4631 seu
707 4575 809 4630 clerus
828 4573 959 4628 inferior
979 4573 1017 4628 ad
1038 4573 1177 4643 synodos
1197 4571 1373 4626 necessario

139 4645 325 4701 convocandi
339 4645 410 4714 sint,
429 4661 503 4700 non
523 4661 617 4700 esse.
637 4645 715 4700 Nam
735 4645 805 4699 iura
819 4643 926 4698 divina
946 4657 1001 4696 seu
1014 4641 1227 4697 institutiones
1241 4639 1374 4708 divinae,
