3450 5342
874 337 1067 392 —208—

454 519 503 604 5⁰)
527 545 564 582 ex
588 545 631 594 eo,
647 523 726 601 quod
743 537 844 582 auctor
866 521 1058 602 legendarum
1080 544 1145 582 sese
1160 544 1220 582 nou
1235 523 1331 582 solum
1356 524 1506 581 amicum
1521 521 1610 580 Pbotii

349 609 401 670 sed
416 631 513 668 errore
529 629 645 688 quoque
661 613 753 688 ipsius
772 610 809 669 de
826 613 953 689 Spiritus
976 613 1078 670 Sancti
1101 613 1287 688 processione
1312 611 1477 668 infectum
1493 609 1608 666 ostenbt

349 698 421 761 lClr.
445 701 616 756 Sermonem
640 697 803 756 Clementis
826 700 856 756 in
881 699 1077 756 Nativitatem
1096 698 1328 776 etBaptismum
1354 697 1523 764 Domini),
1544 695 1610 774 quoi

349 783 408 843 ab.
424 783 577 842 Metlrodio
592 783 802 862 discipulisque
818 787 891 854 eius,
902 796 934 843 ut
949 784 1036 862 paulo
1051 785 1174 843 inferius
1185 783 1364 852 videbimus,
1392 784 1498 860 longe
1514 783 1612 841 aberat.

453 888 533 946 Hinc
575 887 611 946 cl.
642 887 762 966 Suopeli
793 887 950 965 legendam
981 888 1115 947 italicam
1155 903 1373 968 consequenter
1410 902 1514 964 negat
1550 907 1612 966 opvs

350 995 415 1034 esse
446 973 760 1040 Clementis-Chrabri,
790 995 914 1053 eamque
944 995 1010 1034 curn
1040 976 1074 1033 P.
1104 975 1264 1055 Martynov
1294 979 1325 1033 ὃ.
1355 976 1380 1033 Ι.
1420 973 1612 1033 Gaudcricbe

348 1063 485 1140 episcopo
509 1061 660 1120 Veliterno
683 1060 832 1121 adscribit.
851 1057 877 1139 ²)

455 1165 493 1224 ll.
534 1166 602 1224 Non
639 1167 761 1224 minutis
795 1168 936 1224 momenti
970 1179 1014 1224 est
1048 1168 1182 1244 quaestio
1214 1163 1258 1222 de
1292 1164 1560 1223 orthodoxia
1589 1163 1614 1220 b.

350 1252 555 1323 lletlrodii,
578 1266 642 1330 post
666 1273 702 1310 ea
717 1255 898 1331 praesertim,
921 1272 996 1332 quae
1012 1253 1084 1332 prof.
1107 1251 1261 1310 Brttcltner
1282 1254 1314 1309 in
1336 1252 1462 1329 vulgus
1487 1251 1611 1329 proferre

348 1360 436 1398 ausus
452 1353 504 1410 est,
527 1341 558 1398 in
575 1342 656 1400 cuius
672 1342 878 1418 suspicionem,
901 1341 1040 1398 saltem
1064 1339 1163 1418 quod
1186 1338 1231 1397 ad
1255 1341 1447 1417 Spiritus
1475 1341 1610 1396 Sancti

349 1427 643 1506 processionem
667 1429 821 1496 attinet,
851 1427 950 1506 plures
979 1427 1127 1485 statinae
1156 1424 1291 1504 legendis
1319 1426 1529 1484 Pannonicia
1555 1426 1614 1502 plus

348 1533 442 1591 aequo
472 1516 577 1586 innixi,
609 1513 762 1572 inclinant.
794 1515 838 1572 (fl.
862 1513 983 1592 Snopelt
1011 1513 1144 1572 doctrina
1174 1513 1322 1571 catholicis
1352 1511 1392 1570 de
1430 1513 1498 1571 hac
1528 1533 1559 1572 re
1579 1533 1611 1569 ex

347 1599 487 1658 Patribus
510 1621 575 1658 curn
599 1601 715 1660 Latinis
731 1613 792 1660 tum
807 1601 931 1660 Graecis
947 1601 1079 1671 collecti,
1102 1603 1172 1658 item
1194 1601 1368 1678 quaestione
1383 1599 1430 1658 de
1450 1598 1613 1658 inserendo

352 1687 574 1765 ,l*ilioque“
611 1690 642 1745 in
666 1687 838 1767 Symbolum
868 1690 1039 1766 praemissa,
1068 1686 1273 1746 orthodoxiam
1301 1685 1328 1743 b.
1351 1686 1521 1744 Methodii
1553 1707 1610 1764 pro

347 1774 396 1832 bat
421 1775 469 1850 (ci.
493 1774 533 1832 sl.
556 1775 574 1832 l.
597 1775 638 1832 tb.
663 1775 710 1845 ll.,
737 1778 818 1852 itt).

455 1879 500 1954 1⁰)
531 1899 569 1936 ex
592 1898 776 1957 processu
801 1879 1063 1937 informativo
1094 1877 1194 1956 (quem
1226 1898 1285 1935 non
1308 1897 1345 1935 ex
1369 1881 1504 1936 ratione
1537 1877 1610 1936 futili

346 1966 455 2024 lactum
478 1985 542 2024 esse
573 1968 721 2044 supponit)
749 1965 898 2024 Hadriani
929 1965 1028 2043 Papae
1052 1965 1100 2036 11,
1122 1967 1173 2044 qni
1196 1963 1224 2022 b.
1247 1963 1439 2022 Methodium
1474 1969 1511 2023 in
1535 1968 1606 2042 epis

347 2073 450 2132 copum
475 2054 577 2124 unxit,

455 2134 503 2218 2⁰)
525 2159 563 2198 ex
593 2139 700 2197 litteris
735 2139 854 2198 loannis
884 2140 985 2218 Papae
1015 2139 1101 2201 l'lll.
1132 2137 1170 2196 ad
1200 2138 1435 2216 Suentoplueum
1477 2138 1609 2211 „ludu-

348 2227 474 2286 striae
505 2231 621 2295 tuae,“
655 2225 705 2284 ubi
737 2225 872 2286 laudatus
902 2225 1042 2285 Pontifex
1064 2225 1092 2283 b.
1114 2223 1298 2282 Methodium
1330 2225 1607 2284 orthodoxum

347 2312 477 2392 appellat
508 2311 604 2389 (,Nos
627 2323 724 2372 autem
747 2313 829 2372 illum
855 2317 885 2372 in
907 2312 1044 2372 omnibus
1065 2311 1274 2370 ecclesiasticis
1296 2310 1446 2370 doctrinis
1472 2325 1507 2371 et
1530 2313 1606 2370 utili·

346 2399 732 2458 tatibusortbodoxum
752 2412 787 2459 et
806 2401 1027 2478 proficuum
1050 2400 1307 2477 reperientes,
1330 2398 1417 2456 vobis
1434 2401 1553 2458 iterum
1571 2399 1606 2455 sd

344 2486 504 2564 regendam
536 2490 721 2545 commissam
753 2487 809 2546 sibi
832 2487 987 2546 ecclesiam
1020 2487 1077 2545 Dei
1100 2487 1274 2555 remisimus,
1304 2505 1391 2564 quem
1426 2488 1531 2546 veluti
1556 2507 1603 2564 pa·

345 2584 452 2633 storem
469 2575 617 2652 proprium
634 2585 666 2632 ut
681 2573 771 2651 digno
794 2574 904 2633 honore
927 2585 957 2632 et
972 2575 1140 2632 reverentia
1162 2573 1298 2651 laetaque
1320 2582 1421 2631 mente
1447 2575 1605 2652 recipiatis

346 2657 540 2740 iubemus.“);

454 2743 504 2828 3⁰)
527 2749 598 2806 item
629 2767 666 2805 ex
689 2747 815 2825 epistola
841 2745 971 2805 eiusdem
1001 2747 1156 2807 Pontificis
1178 2745 1205 2809 b.
1227 2744 1380 2804 Methodio
1402 2766 1432 2803 a.
1458 2750 1526 2805 881
1552 2766 1604 2823 pro

343 2834 402 2894 lide
416 2833 485 2892 data
502 2835 744 2907 ,Pastoralis
767 2833 1067 2892 sollicitudinis
1090 2845 1277 2905 tuaecuram,
1293 2853 1381 2912 quam
1398 2834 1432 2890 in
1445 2831 1602 2891 lucrandis

344 2920 499 2980 animabus
522 2920 653 2979 fidelium
679 2922 806 2980 Domino
830 2921 895 2979 Deo
918 2932 1017 2980 nostro
1039 2921 1172 2992 exhibes,
1196 2921 1400 2999 approbantes,
1423 2930 1458 2977 et
1478 2920 1601 2978 ortho-

344 3007 469 3066 doxae
512 3009 613 3068 fidei
647 3020 683 3066 te
726 3009 919 3067 cultorem
961 3019 1161 3067 strenuum
1203 3009 1379 3065 existere
1420 3020 1596 3066 contem-

344 3095 513 3173 plantes,
545 3097 633 3153 nimis
657 3099 687 3154 in
712 3095 813 3153 eodem
838 3096 967 3154 Domino
990 3094 1182 3153 iucundamur
1205 3140 1211 3152 .
1235 3141 1241 3152 .
1264 3097 1288 3152 ‚⁶

452 3199 527 3257 Item
556 3198 716 3277 discipulos
738 3198 766 3260 b.
789 3199 1015 3278 Archiepiscopi
1047 3200 1082 3257 cl.
1106 3197 1227 3277 Snopek
1258 3198 1386 3256 affirmat
1412 3201 1499 3275 ipsos
1523 3201 1600 3256 eius·

343 3285 410 3344 dem
435 3285 504 3344 lidoi
524 3285 705 3344 orthodoxae
728 3287 828 3356 fuisse,
851 3307 886 3344 ac
901 3289 1074 3362 magistrum
1090 3306 1199 3345 eorum.
1215 3286 1398 3344 Sententiam
1423 3285 1508 3344 hanc
1530 3306 1596 3343 con·

342 3373 439 3431 firmat
462 3383 492 3431 et
522 3393 558 3430 ex
589 3375 781 3431 instructione
811 3374 913 3452 Papae
944 3374 1087 3451 Stephani
1119 3373 1203 3435 l'IIl.
1227 3374 1332 3449 legatis
1363 3370 1401 3430 ad
1424 3374 1596 3451 principem

344 3461 572 3538 Snentoplucum
596 3479 621 3517 a.
645 3459 682 3516 D.
707 3463 768 3518 885
793 3460 862 3518 data
897 3461 1005 3534 ,Cum
1035 3461 1114 3518 Deo
1145 3462 1347 3538 propitio,“¹
1381 3469 1477 3518 etex
1501 3461 1594 3518 altera

343 3547 468 3625 epistola
506 3545 543 3605 ad
575 3547 738 3625 principem
771 3549 866 3625 ipsum
909 3547 1029 3622 ,Quia
1059 3556 1095 3605 te
1126 3547 1241 3615 aelo“,
1272 3545 1432 3624 inquibus
1472 3549 1593 3604 omuino

343 3634 452 3693 nullam
478 3635 583 3692 erroris
614 3633 714 3692 Photii
743 3632 779 3691 de
802 3638 988 3713 processione
1019 3636 1146 3712 Spiritus
1173 3635 1274 3693 Sancti
1304 3635 1489 3691 mentionem
1514 3633 1592 3693 facit.

344 3724 518 3780 auctoritate
542 3721 703 3799 apostolica
719 3721 806 3778 licere
828 3722 960 3779 inserere
987 3722 1208 3799 ,Filioque“
1235 3723 1267 3778 in
1283 3719 1456 3800 Symbolum
1474 3719 1594 3778 docens.

344 3806 430 3883 Quod
453 3829 523 3866 vero
546 3811 652 3866 attinet
675 3807 713 3866 ad
735 3806 826 3865 verba
849 3808 980 3867 eiusdem
1012 3809 1154 3887 epistolae
1176 3807 1213 3866 ad
1237 3808 1416 3886 principem:
1450 3806 1588 3878 ,Absit

342 3897 453 3961 enim,
484 3905 523 3952 ut
547 3897 723 3972 Spiritus
754 3906 916 3953 sanctus
940 3894 1125 3954 credatur
1155 3893 1193 3952 de
1215 3905 1298 3972 patre
1328 3897 1360 3952 in
1381 3893 1478 3952 lilium
1501 3891 1591 3952 etde

343 3981 404 4039 filio
421 3979 458 4038 ad
475 3981 717 4039 sanctificandam
734 3992 896 4040 creaturam
912 3984 1026 4061 quasi
1050 3981 1278 4060 quibusdam
1300 3979 1491 4057 gradibus
1511 4002 1589 4059 pro

342 4067 479 4126 cedere
504 4111 510 4124 .
533 4111 540 4124 .
564 4073 587 4124 .¹‘
615 4071 650 4126 ιιι
669 4071 845 4146 vituperium
870 4068 1021 4127 doctrinae
1044 4069 1072 4127 b.
1087 4067 1232 4127 Methodii
1251 4067 1461 4146 discipulorum
1485 4068 1590 4126 cedere

341 4175 399 4212 non
434 4173 519 4232 posse
543 4163 626 4212 notat
642 4149 684 4226 S,
708 4176 772 4214 cum
796 4155 999 4214 diversissima
1022 4160 1082 4214 sint
1098 4155 1134 4213 ab
1157 4155 1315 4214 haeresi
1339 4155 1588 4234 byopatoria¹

395 4358 418 4424 ⁸⁴)
438 4359 477 4411 Cl.
506 4359 542 4412 W
554 4359 676 4495 ibpppi
693 4361 743 4426 (le
762 4361 872 4428 pitture
899 4361 977 4414 della
1002 4361 1126 4414 basilica
1144 4359 1293 4427 primitiva
1312 4360 1342 4412 di
1360 4359 1416 4412 San
1438 4359 1588 4412 Clemente

445 4428 539 4480 Roma
558 4429 570 4480 1
657 4431 720 4483 vult
738 4429 846 4484 dictam
866 4431 1023 4499 legendam
1041 4447 1064 4483 s.
1083 4431 1144 4484 Xll.
1162 4431 1200 4482 ab
1219 4430 1317 4495 aliquo
1328 4429 1471 4482 monacho
1491 4444 1587 4482 mona·

447 4495 526 4550 sterii
546 4497 573 4550 b.
593 4497 751 4552 Clementis
779 4499 891 4554 Romae
918 4503 1093 4567 completam
1122 4515 1200 4567 esse;
1219 4499 1253 4552 cl,
1273 4497 1396 4552 Reietar
1421 4498 1586 4564 opinionem

445 4567 521 4704 lii?
532 4567 719 4690 4applausus
739 4570 877 4636 appellat.
897 4569 951 4623 Cir.
970 4570 1077 4623 Archiv
1090 4570 1136 4622 tur
1150 4571 1220 4622 slav.
1235 4566 1395 4636 Philologie
1407 4567 1508 4620 Berlin
1523 4565 1590 4620 tato
