3450 5342
938 361 982 376 -
1005 335 1067 388 35«)
1094 365 1133 374 -

405 521 571 578 lietcstatio
586 541 655 577 vero
671 522 783 598 peccati
800 541 838 578 ex
853 523 965 578 motivo
984 521 1144 580 universali
1168 521 1302 599 supplere
1318 529 1416 599 potest
1431 521 1498 578 illud
1511 522 1597 580 medico

404 609 610 678 necessarium,
632 627 698 665 cum
721 608 902 685 perfectione
918 627 969 666 sua
984 607 1193 686 perfectionem
1216 619 1298 666 actus
1320 606 1476 685 supplendi
1497 613 1598 687 propriso

404 709 433 752 et
463 694 550 752 simul
581 693 666 752 buius
697 706 797 752 votum
827 696 984 753 contineat.
1023 695 1142 753 Etenim
1171 697 1263 754 virtus
1286 697 1391 754 metiri
1416 695 1545 753 hominen
1562 717 1599 752 ne

404 782 502 838 ventis
524 779 562 838 ad
585 779 811 839 detestationem
832 781 917 838 illam
941 781 1009 840 talis
1031 793 1084 849 est,
1118 793 1149 840 ut
1172 801 1265 860 aeque
1287 801 1322 840 ac
1345 784 1500 860 praeterita
1525 781 1565 839 snb
1584 803 1600 828 ο

403 866 633 944 comprehendat
658 867 753 926 futura
776 879 898 944 peccata
920 867 1121 950 abhorrendo:
1149 867 1226 926 unde
1250 868 1389 926 voluutas
1412 867 1563 927 detestando
1578 891 1599 926 er
1645 897 1646 940 i

404 955 515 1012 motivo
545 954 705 1011 universali
735 954 837 1032 culpas
860 956 918 1012 inm
942 957 1112 1014 commissas
1136 957 1179 1014 sic
1202 955 1306 1014 affecte
1327 967 1383 1023 est,
1418 970 1449 1012 nt
1470 959 1601 1031 cogitentur

404 1040 571 1099 intellectus
586 1040 649 1098 sola
663 1039 700 1098 dc
717 1041 822 1099 futuris
844 1040 1034 1118 possibilibus
1054 1041 1214 1101 accedente
1235 1050 1413 1120 proponeret
1429 1042 1481 1100 sibi
1497 1041 1601 1100 decliner

403 1141 524 1196 ceteras,
547 1147 605 1184 nou
621 1147 673 1205 per
690 1137 787 1186 actum
802 1147 840 1186 rx
856 1131 967 1186 motivo
990 1129 1050 1186 ulio
1066 1149 1142 1188 novo
1158 1127 1282 1208 ideoque
1304 1127 1443 1186 diversae
1459 1129 1601 1206 perfectiori·

404 1212 617 1292 imperandum.
650 1213 702 1272 sed
724 1235 777 1292 per
799 1226 896 1272 sctum
920 1235 956 1272 ex
980 1217 1091 1274 motivo
1113 1215 1228 1274 formali
1252 1215 1459 1275 detestationis
1479 1219 1533 1293 ipse
1550 1213 1600 1272 iile-

405 1321 461 1378 que
484 1321 550 1358 cum
573 1299 677 1358 endem
700 1303 810 1379 speciei
833 1300 965 1360 bonitate
984 1305 1014 1360 in
1031 1301 1177 1362 obiectum
1202 1323 1308 1361 novum
1332 1303 1485 1360 materiale
1505 1303 1601 1378 explicite

404 1385 641 1446 extendendum:
672 1404 700 1446 er
724 1400 806 1446 nctus
835 1387 954 1466 quidem
980 1391 1034 1446 iste
1057 1389 1212 1448 confestim
1235 1399 1264 1448 et
1287 1392 1456 1448 necessario
1477 1407 1601 1466 erumpent.

405 1475 447 1532 its
469 1483 500 1530 nt
524 1475 613 1532 etiam
637 1486 812 1552 repugnaret
834 1478 970 1534 resistere
992 1475 1089 1534 eidem
1121 1495 1174 1534 nec
1203 1474 1345 1534 desistere
1375 1475 1413 1535 ab
1437 1479 1497 1554 ipsa
1516 1475 1602 1532 deresu-

403 1563 493 1618 tione.
517 1561 663 1618 Nimirum
687 1564 913 1639 superieniente
935 1561 972 1620 de
995 1562 1190 1640 possibilitate
1212 1563 1315 1641 culpae
1331 1563 1448 1622 futurae
1470 1563 1602 1638 cogitatione

405 1650 585 1726 propositum
609 1649 731 1706 torruale
754 1661 876 1706 eatenus
899 1657 1012 1708 tantum
1037 1647 1159 1708 liberum
1183 1671 1247 1708 esse
1269 1661 1375 1728 potest,
1403 1651 1466 1708 sive
1488 1647 1600 1708 secundun

404 1734 662 1812 specificationern.
696 1737 760 1792 sive
790 1734 950 1794 secundom
981 1737 1153 1796 exercitium
1183 1739 1285 1815 ipsum,
1320 1747 1467 1814 quatenns
1486 1735 1601 1792 iibens-i

404 1841 475 1879 vera
497 1829 526 1878 et
550 1823 666 1880 sincera
689 1825 800 1900 peccati
824 1821 989 1880 detestatio.
1026 1823 1064 1880 Et
1086 1843 1157 1882 sene
1180 1825 1222 1881 ita
1244 1826 1425 1902 propositum
1449 1823 1553 1881 formale
1569 1825 1601 1876 in

404 1907 498 1986 pcdiri
522 1927 581 1966 non
605 1917 702 1986 posset
724 1911 783 1967 uisi
805 1929 857 1986 per
876 1918 972 1968 actum
996 1911 1152 1988 positivum
1177 1909 1343 1968 cohibentis
1367 1910 1601 1984 voluntatisque

403 2004 499 2052 stante
522 1992 718 2054 detestatione
740 1997 947 2074 propositoque
971 1995 1098 2061 virtuali,
1121 1999 1285 2076 exprimere
1304 2001 1347 2055 sie
1364 1998 1479 2056 liceret:
1500 1995 1600 2071 Quanti·

402 2080 576 2138 abhorream
600 2103 617 2138 u
640 2091 759 2159 peceato
783 2085 872 2141 etiam
896 2083 1000 2155 futuro,
1035 2083 1102 2142 nolo
1132 2093 1231 2142 tamen
1262 2084 1348 2142 buius
1373 2083 1448 2142 mihi
1470 2084 1552 2160 fugam
1569 2101 1600 2136 er·

403 2168 504 2246 plicite
526 2188 696 2245 proponere.
729 2171 821 2246 Atqui
844 2169 913 2228 telis
936 2179 1018 2228 actus
1041 2173 1104 2248 ipse
1128 2173 1306 2249 propositum
1330 2171 1499 2250 explicitum
1519 2169 1598 2244 alique
1645 2169 1646 2189 ¹

404 2257 575 2312 contineret.
599 2255 645 2312 cf.
672 2256 856 2334 b'nsquez,
882 2257 927 2314 De
950 2277 1034 2334 poen.
1058 2279 1083 2315 a.
1108 2260 1136 2328 2,
1159 2255 1226 2315 dub.
1250 2261 1278 2314 4.

510 2342 567 2398 lies
596 2343 801 2400 confirmatur:
839 2363 921 2412 „cum
954 2347 1095 2402 memoria
1117 2346 1227 2423 peccsti
1253 2365 1311 2403 non
1334 2347 1468 2420 occurrit,
1495 2341 1600 2400 sufficies·

403 2441 447 2485 est
471 2427 625 2506 dispositio
657 2431 792 2508 proxima
813 2429 851 2487 ad
876 2431 1112 2490 iustificationem
1136 2433 1318 2510 poenitentis
1340 2433 1406 2489 sive
1431 2431 1549 2490 contritio
1565 2427 1600 2480 rir-

404 2515 500 2577 tualis.
524 2517 573 2594 qui
589 2526 632 2573 est
649 2537 730 2574 umor
747 2517 803 2574 liei
819 2537 906 2595 super
921 2520 1031 2576 omnio:
1056 2517 1147 2576 multo
1170 2538 1238 2596 ergo
1261 2520 1356 2594 megia
1379 2519 1487 2578 sufficit
1500 2514 1596 2572 contriti·

405 2623 470 2660 cum
495 2623 553 2660 nou
577 2601 654 2660 subit
678 2605 818 2680 cogitatio
840 2602 877 2662 de
901 2603 1005 2662 futuro.

507 2687 645 2747 Tandem
669 2689 736 2747 huic
759 2693 924 2748 sententiae
955 2693 1055 2750 favere
1078 2691 1195 2750 videtur
1216 2693 1283 2769 ipsa
1305 2691 1441 2750 definitio
1463 2687 1601 2746 contritioni·
1644 2749 1645 2762 1

402 2775 471 2832 datu
494 2795 511 2832 a
534 2775 728 2834 Tridentino:
764 2779 794 2834 in
822 2797 858 2835 es
890 2780 969 2836 euim
995 2781 1173 2857 propositum
1196 2781 1314 2857 ponitur
1337 2781 1367 2836 in
1391 2777 1518 2855 oblique:
1547 2791 1599 2833 ,tuo
1644 2767 1645 2858 i

400 2865 548 2938 proposito
572 2884 631 2921 non
654 2863 827 2942 peccandi'·,
850 2867 912 2923 acsi
936 2866 1092 2924 concilium
1116 2866 1283 2942 significare
1305 2864 1398 2923 vellet
1421 2863 1599 2922 detestatione
1644 2903 1645 2938 q

401 2964 430 3004 et
454 2947 583 3006 dolorem
608 2952 757 3008 continere
781 2953 968 3028 propositum.
1000 2971 1123 3030 eamque
1146 2951 1371 3012 detestationem
1396 2951 1543 3010 dolorosum
1560 2966 1598 3000 ον’

400 3054 500 3092 reram
524 3039 739 3099 contritionem.
762 3058 838 3115 quse
861 3040 1040 3116 propositum
1064 3041 1220 3100 continet*
1257 3038 1461 3106 Palmieri
1490 3037 1528 3093 De
1546 3049 1595 3110 pon

399 3121 440 3178 th.
465 3123 514 3190 20,
540 3123 574 3180 Υ.

504 3209 539 3267 Ρ.
553 3205 597 3266 3⁰.
623 3209 695 3267 item
710 3219 877 3269 certumest
891 3232 944 3269 nec
959 3223 1086 3272 votum
1103 3212 1340 3290 explicitum
1357 3213 1440 3289 exigi
1461 3205 1504 3290 A)
1523 3201 1598 3277 dieti*

402 3297 598 3354 necessarium
622 3307 666 3354 est
691 3301 721 3356 in
737 3300 913 3357 contritione
937 3302 1116 3378 propositum
1140 3319 1198 3358 non
1210 3297 1353 3377 peccandi
1377 3297 1598 3368 decoremque

401 3382 578 3440 confitendi:
603 3385 683 3460 prius
706 3387 783 3442 enirn
804 3406 841 3442 es
858 3395 963 3442 nature
986 3389 1027 3443 rei
1051 3387 1224 3464 requiritur:
1247 3384 1326 3447 unde
1339 3387 1418 3444 etin
1433 3385 1540 3459 entique
1557 3377 1597 3449 lege

401 3471 597 3528 necessarium
623 3471 693 3541 fuit3
716 3474 860 3548 posterius
884 3492 953 3530 vero
976 3491 1013 3529 ex
1037 3475 1164 3550 positiva
1187 3482 1300 3531 tuntum
1324 3471 1437 3532 Christi
1460 3467 1597 3528 institution.¹

403 3557 600 3614 necessarium
623 3569 676 3614 cst.
699 3558 792 3636 Atqui
815 3557 853 3616 ad
876 3560 1080 3618 contritionem
1105 3559 1213 3618 sufficit
1234 3561 1413 3638 propositum
1438 3554 1597 3615 virtualem

403 3641 546 3722 peccandi
570 3642 606 3699 de
630 3654 742 3702 cetero:
766 3666 836 3721 ergo
859 3665 877 3702 a
900 3645 1012 3704 fortiori
1036 3655 1064 3704 et
1089 3647 1214 3705 iirtuaie
1236 3647 1414 3704 sacramenti
1436 3641 1596 3724 propositum·

404 3729 545 3802 Collet,
568 3729 616 3788 lte
639 3751 723 3808 poen.
747 3752 773 3808 p.
798 3736 824 3799 2,
848 3751 872 3790 c.
895 3735 923 3788 4.

507 3811 555 3898 Β)
583 3817 772 3894 „Excogitari
796 3828 892 3896 potest
915 3839 1007 3890 casus,
1038 3821 1069 3877 in
1092 3841 1149 3898 qno
1171 3819 1288 3878 etiamsi
1318 3817 1397 3896 [usus
1419 3810 1542 3890 clarium]
1560 3825 1597 3866 fflt

401 3908 512 3962 moriae
542 3915 682 3970 occurrat,
716 3925 775 3963 non
805 3913 937 3982 oporteat
967 3909 1146 3985 propositum
1181 3927 1231 3966 seu
1264 3905 1443 3965 desiderium
1471 3899 1596 3986 explicitur]

401 3993 464 4048 eius
487 3993 649 4069 concipere,
672 4005 703 4050 ut
727 3993 752 4050 si
774 3991 941 4050 huiusmodi
964 3991 1052 4051 homo
1068 3994 1100 4051 in
1115 4001 1246 4052 extremo
1269 3995 1369 4052 mortis
1392 3991 1508 4051 articulo
1526 3997 1598 4043 contu·
1643 4013 1644 4066 ᾗ

402 4086 507 4148 tuetur,
530 4079 562 4134 in
578 4097 635 4155 quo
651 4078 760 4136 indicet
779 4078 834 4136 sibi
859 4081 918 4136 iem
942 4097 1006 4137 esse
1029 4077 1211 4158 impossibile
1235 4073 1345 4162 [claves
1367 4079 1469 4158 adire}
1489 4076 1530 4135 ille
1547 4081 1593 4130 cent

401 4172 471 4220 tnnc
486 4183 546 4221 uon
561 4172 677 4222 tenetur
700 4165 864 4224 absolutum
887 4169 1067 4244 propositum
1090 4165 1270 4244 suscipiendi
1292 4157 1593 4226 sacramentnmbrbere-

400 4249 455 4306 Est
478 4251 558 4307 enim
581 4251 655 4308 illud
679 4252 869 4330 impossibile,
900 4254 970 4331 quie
993 4256 1051 4311 iem
1075 4253 1123 4310 hic
1146 4263 1176 4312 et
1198 4274 1276 4312 nnuc
1299 4273 1344 4312 res
1367 4251 1505 4312 iudicetur
1523 4250 1595 4334 impet·

400 4334 503 4394 sibilis.
537 4337 642 4416 Neque
665 4341 754 4397 etiam
777 4339 895 4398 videtur
918 4341 1123 4411 necessarium,
1154 4349 1186 4398 nt
1208 4339 1315 4399 habent
1338 4343 1508 4419 propositum
1525 4324 1592 4392 cnud·

399 4423 522 4494 cionale‚
556 4445 596 4482 sc.
619 4445 749 4503 propono
781 4425 891 4502 [claves
915 4425 1017 4504 adimi,
1052 4427 1075 4484 si
1099 4425 1155 4484 boc
1177 4427 1305 4505 periculo
1328 4429 1444 4506 eripiar,
1475 4423 1516 4484 vel
1533 4417 1594 4505 diti·

399 4510 507 4568 vellem
533 4510 647 4590 [adire].
670 4514 695 4570 si
718 4533 842 4590 possem.
867 4515 944 4573 Nam
964 4511 1132 4572 huiusmodi
1150 4523 1232 4572 actus
1256 4513 1364 4573 nullius
1387 4513 1476 4574 ferme
1495 4510 1591 4592 mamert

400 4607 449 4656 aut
473 4599 583 4657 fructus
607 4601 728 4660 suntin
752 4619 785 4656 eo
809 4621 886 4674 cusu,
910 4602 942 4658 in
966 4621 1022 4678 quo
1046 4599 1276 4679 apprehenditur
1297 4599 1433 4660 condicio
1456 4611 1483 4659 nt
1501 4600 1594 4671 impoe-
