3450 5342
657 408 700 417 --
723 376 783 431 ιιι
810 408 849 417 -

133 568 167 623 in
198 565 226 623 h.
249 565 267 622 l.
292 565 337 623 Cf.
369 567 458 622 etiam
490 575 686 642 protestantes
719 565 765 622 lle
795 564 905 634 Wette,
937 564 1114 635 Olslrausen,
1147 563 1249 630 Bleek,
1282 564 1321 622 H.
1354 565 1385 624 J.

133 653 318 728 Holtzmapn
342 650 678 729 (Hand-commentatt
700 653 724 719 l,
751 656 777 723 l,
801 652 887 728 348).

244 738 275 815 ὁ)
299 739 437 816 Denique
461 741 664 815 interpretatio
685 739 919 796 adversariorum
945 758 1003 794 non
1027 739 1158 813 exigitur
1182 758 1219 794 ex
1245 745 1385 794 contextu

134 847 200 883 euru
219 825 367 903 parabola.
383 827 468 884 Duae
491 827 675 902 potissimum
699 838 766 884 sunt
790 825 876 883 huius
893 826 933 882 rei
950 824 1172 900 explicationes.
1190 823 1385 882 Cornelius

133 934 153 970 a
177 911 327 990 Lapide
358 915 400 970 ita
421 914 517 970 locum
547 912 701 990 explanat:
737 913 791 981 ,l'.
814 915 868 970 ta:
899 912 967 969 Non
1002 909 1179 968 habentibus
1213 910 1282 982 illis,
1305 908 1383 968 unde

137 997 304 1068 redderent,
327 998 451 1057 donarit
473 1002 615 1076 utrisque:
640 1001 706 1076 quis
729 1020 798 1074 ergo
814 1019 880 1056 euin
905 998 970 1075 plus
994 995 1109 1073 diligit?
1133 999 1155 1054 l.
1179 1017 1204 1054 e.
1227 997 1292 1074 plus
1315 996 1383 1054 dili-

136 1106 209 1162 gere
231 1085 417 1148 iudicabitur,
440 1086 488 1143 vel
516 1087 582 1162 plus
604 1084 728 1162 diligere
752 1086 832 1151 solet,
865 1083 996 1162 pluribus
1019 1085 1124 1142 officiis
1148 1105 1214 1142 eum
1238 1083 1380 1142 demereri

139 1172 265 1248 satagit?
289 1221 296 1232 .
321 1222 326 1231 .
350 1223 356 1234 ‚
380 1172 490 1230 Sensus
513 1181 569 1230 est:
594 1176 674 1230 Sicut
697 1175 731 1239 is,
755 1175 887 1250 quicum
912 1172 996 1249 plura
1017 1169 1140 1230 deberet
1162 1189 1214 1228 auo
1236 1169 1383 1242 creditori,

139 1259 267 1337 plurium
298 1258 335 1316 ab
366 1281 400 1316 eo
424 1261 537 1336 accepit
570 1261 782 1331 remissionem,
805 1261 915 1336 passim
946 1279 964 1315 a
987 1256 1180 1336 prudentibus
1208 1255 1387 1316 iudicabitur
1422 1319 1425 1325 ,

139 1345 207 1403 ideo
231 1347 371 1404 maiorem
392 1346 468 1402 hanc
492 1348 694 1403 remissionem
718 1367 736 1402 a
750 1345 895 1404 creditore
919 1347 1076 1422 accepisse,
1100 1343 1178 1422 quod
1201 1346 1296 1421 magis
1319 1364 1385 1402 eum

138 1432 289 1508 dilexerit,
312 1450 347 1491 ac
363 1433 447 1510 plura
469 1438 496 1490 ei
520 1432 619 1492 officia
642 1445 670 1490 et
694 1436 780 1509 signa
796 1431 1021 1490 benevolentiae
1044 1431 1226 1490 exhibuerit:
1249 1431 1286 1489 ob
1310 1451 1385 1510 quae

137 1520 225 1596 plura
247 1520 377 1576 vicissim
401 1519 446 1576 illi
471 1521 582 1577 remisit
606 1530 635 1577 et
659 1520 838 1578 condonavit
860 1519 988 1577 creditor
1010 1553 1052 1561 --
1076 1521 1100 1576 si
1125 1521 1205 1576 enim
1228 1517 1384 1588 debitores,

138 1607 191 1683 qui
214 1607 307 1664 multa
338 1605 449 1664 debent
479 1605 680 1668 creditoribus.
713 1609 824 1664 maiora
853 1609 896 1663 eis
920 1605 1017 1663 officia
1048 1619 1077 1663 et
1100 1603 1242 1682 obsequia
1272 1603 1386 1664 deferre

138 1693 244 1761 solent,
267 1706 299 1750 ut
322 1703 468 1750 tantorum
493 1692 658 1752 debitorum
682 1695 885 1751 remissionem
912 1693 957 1750 rel
981 1691 1217 1762 diminutionem,
1241 1693 1290 1750 vel
1313 1701 1387 1750 tem-

139 1781 220 1856 poris
250 1779 288 1837 ad
324 1779 498 1837 solvendum
529 1782 695 1857 praestituti
736 1783 971 1858 prorogationem
1003 1777 1039 1836 ab
1070 1799 1104 1836 eo
1135 1789 1320 1836 emereantur
1359 1791 1388 1835 et

141 1869 226 1943 quasi
250 1866 437 1924 emendicent
461 1901 503 1908 -
526 1867 616 1926 simili
640 1887 710 1942 ergo
726 1866 812 1925 modo
835 1877 875 1936 tu,
898 1888 915 1923 o
939 1867 1050 1934 Simon,
1073 1863 1232 1942 prudenter
1258 1864 1388 1924 iudicare

141 1952 233 2032 debes
268 1951 477 2029 Magdaleuam
511 1956 607 2030 magis
642 1953 784 2010 dilexisse
814 1975 862 2011 me
894 1953 1066 2031 prophetam
1095 1960 1124 2010 et
1158 1952 1298 2012 Messinm
1331 1953 1389 2010 Dei

142 2040 263 2110 Filium,
287 2059 373 2117 quam
389 2053 420 2097 tu
443 2039 596 2098 dilexeris:
622 2043 733 2098 maiora
756 2042 844 2109 enim,
861 2051 893 2096 nt
916 2039 1028 2108 vidisti,
1052 2039 1220 2097 dilectionis
1234 2041 1388 2116 omnisque

142 2125 233 2184 oflicii
256 2135 286 2183 et
301 2125 433 2204 obsequii
452 2130 538 2204 signa
560 2127 634 2184 mihi
650 2126 786 2185 exhibuit
815 2146 902 2204 quom
927 2137 958 2184 ιιι
974 2124 1157 2184 exhibueris:
1175 2146 1265 2204 quare
1282 2125 1388 2184 iisdem

143 2234 190 2270 me
222 2216 399 2290 provocavit,
432 2226 463 2271 nt
488 2215 571 2291 plura
595 2224 624 2271 et
646 2215 756 2272 maiora
788 2216 843 2291 ipsi
876 2233 962 2292 quam
987 2212 1042 2270 tibi
1073 2221 1194 2291 peccata
1217 2211 1389 2271 contionem.

143 2300 240 2358 Maior
262 2301 340 2357 enim
357 2299 477 2358 dilectio
500 2299 642 2358 debitoris
665 2311 708 2360 est
732 2320 821 2358 causa
836 2303 957 2358 maioris
981 2299 1205 2358 condonationis
1222 2299 1388 2365 creditoris:

143 2387 226 2444 illam
250 2388 330 2444 enim
353 2397 494 2464 provocat
517 2400 545 2445 et
569 2389 658 2445 elicit.
682 2387 772 2446 Unde
801 2407 928 2461 congrue
953 2385 990 2444 ad
1014 2387 1183 2464 parabolam
1210 2389 1387 2464 propositam

143 2474 238 2532 infero
262 2485 291 2530 et
314 2473 392 2532 dico:
417 2475 617 2533 Remittentur
639 2477 666 2531 ei
691 2483 811 2551 praecata
840 2474 940 2550 multa,
965 2477 1104 2552 quoniam
1128 2473 1234 2531 dilexit
1257 2474 1389 2532 multum.

144 2559 244 2635 Quare
268 2559 447 2637 llagdalena
467 2562 524 2618 iam
549 2561 675 2639 amplias
699 2570 820 2620 nonest
843 2563 1004 2639 peccatrix,
1029 2580 1082 2618 nec
1106 2560 1230 2636 indigna
1253 2570 1391 2618 contactu

144 2646 253 2725 pedum
275 2666 413 2707 meorum.
444 2659 475 2704 nt
499 2658 530 2706 tu
553 2650 700 2719 aestimas,
731 2670 747 2706 o
771 2650 882 2717 Simon,
906 2645 958 2704 sed
982 2649 1109 2704 sanctior
1132 2657 1160 2704 te
1184 2656 1236 2716 est,
1260 2645 1390 2722 dignior-

146 2754 202 2810 que
225 2754 290 2790 meo
306 2743 425 2792 attactu.
443 2735 531 2792 Hune
555 2756 672 2794 sensum
688 2737 782 2811 exigit
798 2733 947 2792 acoluthia
970 2743 999 2790 et
1015 2731 1160 2810 epodosis,
1177 2736 1240 2790 sive
1264 2731 1390 2790 redditio

146 2836 175 2877 et
199 2820 358 2898 applicatio
381 2841 476 2899 aequa
506 2821 672 2899 parabolae,
696 2842 734 2878 sc.
764 2830 796 2879 ιιι
818 2821 1001 2896 significetur
1023 2817 1214 2877 dilectionem
1245 2822 1385 2878 maiorem

146 2927 211 2965 esse
233 2927 351 2965 cansam
382 2911 501 2966 maioris
524 2911 704 2967 remissionis
735 2911 878 2965 maiorum
910 2905 1083 2976 debitorum,
1116 2909 1133 2964 i.
1157 2927 1181 2964 c.
1209 2906 1390 2964 delictorum.

150 2995 228 3070 Ergo
257 2993 291 3054 τὸ
321 2993 421 3070 diligit
452 2996 601 3072 significat
631 3016 770 3073 praesens
801 3009 830 3052 et
861 2996 1052 3071 praeteritum
1085 3014 1132 3070 qu.
1163 2993 1203 3050 ds
1242 2993 1313 3050 Plus
1345 3015 1391 3050 me

147 3080 254 3138 dilexit
276 3092 306 3138 et
336 3080 436 3158 diligit
459 3081 583 3159 ideoque
607 3083 672 3160 plus
695 3085 721 3140 ei
746 3084 871 3139 remitto.
906 3079 992 3140 Unde
1016 3078 1162 3138 Arabicus
1191 3082 1291 3138 vertit:
1316 3082 1391 3154 Quis

146 3189 216 3244 ergo
238 3167 342 3225 horum
365 3167 488 3225 duorum
517 3168 682 3227 debitorum
705 3170 770 3246 plus
801 3178 915 3226 amator
937 3177 981 3226 est
1004 3167 1100 3224 illius?
1126 3167 1171 3224 lta
1194 3165 1390 3232 Maldonatus,

147 3257 196 3331 qui
220 3253 329 3313 diserte
352 3257 401 3315 ait.
425 3276 565 3332 praesens
590 3257 637 3313 hic
662 3277 700 3314 ex
723 3255 839 3332 vulgari
863 3255 965 3332 phrasi
988 3257 1056 3332 poni
1080 3275 1133 3331 pro
1155 3255 1321 3332 praeterite.

252 3340 388 3400 Secundo
419 3351 525 3400 tamen.
550 3345 573 3400 si
606 3342 641 3403 td
664 3343 774 3418 diligit,
797 3342 848 3398 rel
872 3352 904 3399 ut
929 3340 1043 3398 Graece
1074 3349 1126 3412 eet,
1150 3341 1301 3422 ἀγαπήσει
1326 3343 1343 3408 i,
1368 3361 1392 3396 e.

144 3427 257 3503 diliget,
281 3428 367 3486 malis
383 3430 557 3506 simpliciter
580 3431 714 3507 accipere
732 3448 783 3506 pro
806 3427 910 3499 futuro,
935 3449 961 3505 q.
982 3427 1022 3486 d.:
1046 3427 1121 3502 Quis
1137 3449 1235 3486 eorum
1253 3427 1393 3504 deinceps

145 3513 320 3572 creditorum
352 3515 417 3592 plue
448 3515 584 3590 diligat:
617 3515 692 3585 dico,
724 3537 788 3574 esse
820 3524 1025 3591 argumentum
1058 3517 1207 3572 inversum
1236 3513 1393 3572 adductum

145 3600 181 3659 ab
205 3600 310 3660 effectu
339 3601 378 3658 ad
407 3622 525 3660 cansam
554 3605 727 3661 naturaliter
754 3622 927 3673 connexam,
958 3623 986 3678 q.
1008 3601 1049 3658 d.:
1083 3602 1164 3659 Sicut
1196 3600 1245 3659 ille
1274 3599 1390 3658 debitor

147 3687 270 3750 multum
297 3687 404 3746 dilexit
432 3688 616 3761 creditorem,
638 3711 673 3748 eo
696 3689 774 3768 quod
797 3691 846 3748 hic
870 3688 962 3746 multa
989 3689 1017 3745 ei
1041 3687 1142 3746 debita
1164 3690 1223 3745 iam
1254 3696 1323 3746 ante
1347 3707 1390 3744 re·

148 3777 272 3848 miset·it;
288 3778 420 3834 remissio
443 3779 522 3834 enim
546 3777 672 3854 plurium
688 3778 829 3834 maiorem
852 3778 883 3833 in
908 3773 1040 3833 debitore
1064 3777 1158 3850 exigit
1180 3773 1392 3850 gratitudinem

150 3873 179 3924 et
211 3861 401 3920 dilectionem
434 3883 505 3938 erga
539 3863 714 3922 creditorem
738 3913 744 3926 .
770 3909 776 3920 .
800 3909 806 3920 .
830 3865 872 3921 sic
908 3883 924 3920 c
959 3882 1100 3920 converso
1134 3881 1197 3938 ego,
1231 3883 1247 3920 o
1284 3863 1394 3925 Simon,

149 3947 346 4024 Magdalenae
369 3950 463 4006 multa
485 3948 595 4007 delicta
618 3953 702 4028 qnasi
735 3949 837 4009 dehita
860 3947 986 4018 dimitto,
1021 3951 1091 4026 qnia
1113 3950 1177 4026 ipsa
1201 3949 1324 4008 multum
1348 3968 1394 4006 me

149 4034 263 4103 dilexit,
287 4055 314 4113 q.
345 4035 385 4094 d.:
408 4037 555 4095 Remissio
583 4036 676 4095 debiti
706 4048 736 4095 et
758 4038 891 4094 vicissim
926 4035 1046 4093 dilectio
1075 4033 1217 4094 debitoris
1240 4055 1311 4112 erga
1333 4055 1391 4092 cre-

148 4120 273 4180 ditorem
303 4121 435 4181 debitum
466 4125 664 4181 remittentem
695 4126 773 4181 inter
804 4144 835 4182 se
867 4143 1003 4180 connexa
1033 4131 1113 4196 snnt3
1155 4125 1230 4180 sicut
1261 4125 1394 4180 remissio

149 4207 301 4267 creditoris
334 4211 412 4287 parit
446 4209 635 4268 dilectionem
669 4208 819 4281 debitoris,
852 4212 896 4267 ita
930 4211 1061 4268 vicissim
1099 4208 1219 4266 dilectio
1253 4209 1395 4266 debitoris

149 4297 225 4373 parit
249 4298 451 4354 remissionem
467 4295 621 4355 creditoris
645 4343 651 4354 .
676 4343 682 4355 .
706 4343 712 4354 .
736 4297 784 4358 Ita
807 4297 953 4376 Lyranua,
977 4297 1073 4354 Lucas
1096 4305 1125 4354 ct
1148 4295 1199 4353 alii
1221 4341 1226 4352 .
1245 4341 1273 4356 ..
1298 4296 1397 4354 Simili

150 4380 236 4440 modo
267 4381 403 4441 Christus
434 4385 580 4442 convertit
610 4376 781 4462 parabolam
805 4385 984 4442 Samaritani
1008 4403 1031 4440 c.
1062 4387 1108 4454 10,
1131 4403 1159 4440 v.
1191 4385 1230 4440 36
1256 4427 1262 4439 .
1287 4429 1292 4439 .
1318 4427 1324 4439 .
1348 4383 1397 4439 lix

150 4489 208 4527 uno
237 4470 318 4527 enim
352 4470 529 4546 intelligitur
562 4471 694 4542 altemm,
724 4491 763 4529 sc.
793 4491 832 4528 ex
860 4473 992 4548 proximo
1027 4471 1185 4527 miserente
1220 4468 1397 4544 intelligitur

152 4557 302 4633 proximus
332 4559 446 4616 miser.“
482 4557 528 4616 Of.
556 4560 705 4629 Saurea,
735 4558 782 4615 De
812 4578 854 4634 gr.
879 4557 897 4615 l.
926 4560 953 4632 8,
982 4577 1005 4615 c.
1032 4560 1078 4627 10,
1110 4577 1138 4612 n.
1170 4557 1284 4614 8-18.
1313 4555 1397 4614 Haec

152 4645 295 4719 posterior
326 4644 486 4722 explicatio
519 4644 603 4702 nobis
633 4645 712 4723 (curn
736 4644 814 4702 euail
847 4643 986 4723 aliisque)
1018 4646 1113 4721 priore
1137 4644 1234 4700 miuus
1264 4643 1397 4700 violenta

154 4727 271 4788 videtur
292 4750 365 4792 esse.
