3450 5342
856 450 1049 505 -150-

437 640 456 695 I.
490 636 703 697 Celebrant-ue
732 638 831 695 Latini
860 658 943 696 suum
967 638 1085 696 Pascha
1107 638 1137 696 in
1166 658 1348 716 quacumque
1371 634 1574 695 hebdomadae

329 725 386 792 die,
411 728 442 783 in
464 728 523 802 qud
546 723 662 783 decima
684 735 789 802 quarta
811 726 969 783 occurrerit
992 724 1101 783 Luna?

435 813 472 871 ll.
495 812 586 870 Anno
610 813 681 881 341,
709 832 767 888 quo
791 811 981 869 Antioclrena
1004 811 1141 890 Synodus
1157 822 1201 869 est
1217 809 1335 879 habita,
1358 831 1417 869 nou
1441 810 1574 867 Romana

329 909 444 957 tantum
482 897 534 956 sed
564 896 773 956 Alexandrina
801 917 917 976 quoque
948 898 1083 958 Ecclesia
1113 897 1230 957 Pascha
1258 896 1407 955 celebrare
1434 895 1574 973 pergebat

330 988 415 1043 iuxta
445 1004 563 1043 normas
591 983 751 1052 Laterculi,
779 982 816 1042 de
839 1005 897 1062 quo
920 1004 1007 1063 supra
1038 987 1163 1063 egimus:
1194 1004 1317 1062 quarum
1340 1005 1405 1053 una,
1439 982 1576 1060 exemplo

332 1074 403 1130 anni
428 1072 489 1129 333
513 1072 694 1140 confirmata,
716 1071 790 1129 haec
813 1082 884 1139 erat,
908 1082 939 1130 ut
965 1071 1202 1150 ,quartadecima
1226 1072 1296 1129 luna
1313 1081 1342 1128 et
1362 1070 1516 1129 domInica
1531 1067 1576 1125 die

333 1158 419 1217 slmul
448 1157 702 1229 convenientibus,
735 1157 853 1216 Pascha
886 1174 955 1217 tunc
988 1158 1210 1217 celebraretur.“
1246 1158 1352 1217 Nonne
1385 1178 1456 1233 ergo
1492 1158 1576 1213 huius

331 1246 454 1303 canonis
477 1244 636 1303 anathema
659 1247 691 1303 in
713 1246 809 1322 ipsum
832 1265 971 1321 magnum
997 1245 1158 1305 orientalis
1183 1244 1335 1303 Ecclesiae
1357 1245 1457 1302 lumen
1485 1242 1577 1301 Atha·

331 1334 446 1391 nasium
469 1330 632 1390 recideret?

436 1418 495 1477 Sed
525 1419 586 1477 alla
615 1438 738 1496 quoque,
770 1419 807 1475 iis
837 1417 1027 1488 mirabiliora,
1059 1419 1242 1477 tlrientalem
1274 1438 1351 1475 anno
1386 1418 1466 1475 1593
1508 1417 1577 1474 ellu-

331 1516 437 1583 gcrunt
459 1506 636 1565 Ecclesiam.

437 1591 491 1653 III.
513 1592 586 1651 Post
608 1591 740 1650 habitam
759 1610 837 1648 anuo
861 1594 921 1648 341
947 1592 1126 1650 Antiochiae
1150 1590 1310 1671 synodum,
1334 1590 1458 1649 celebrIs
1480 1588 1575 1647 Rabbi

333 1678 428 1737 Hillel
451 1680 491 1737 II.
506 1678 703 1754 (330-365)
728 1678 875 1755 propriam
900 1678 991 1750 (circa
1006 1680 1080 1747 3611)
1104 1680 1253 1735 nationem
1277 1677 1329 1736 illo
1348 1677 1456 1736 ditavit
1478 1678 1576 1753 singu·

333 1768 478 1826 latissimo
494 1766 619 1823 artificio
642 1766 817 1823 conciunato
829 1764 1021 1830 Kalendario.
1046 1762 1122 1843 quod
1140 1784 1223 1823 suum
1245 1767 1334 1823 etiam
1350 1763 1438 1823 hodie
1454 1764 1576 1841 plenum

333 1853 448 1911 obtinet
471 1855 611 1929 vigorem,
634 1861 663 1909 et
686 1849 835 1909 Newtonii
859 1850 1085 1910 admirationem
1109 1850 1255 1910 eliciebat.
1285 1852 1372 1910 Nunc
1409 1870 1490 1919 roro,
1514 1852 1576 1927 qni-

333 1960 458 2018 cumque
492 1940 579 1998 huius
606 1937 783 1997 Kalendarii
814 1938 930 2015 regulas
965 1940 1136 2017 inspexerit.
1159 1941 1216 1996 cito
1247 1937 1473 1999 animadvertet
1498 1935 1576 2014 quod

334 2040 547 2107 numquam
562 2026 678 2083 decima
693 2033 798 2103 quarta
820 2025 891 2083 luna
905 2027 990 2102 primi
1009 2026 1138 2102 religiosi
1156 2024 1331 2085 Kalendarii
1348 2027 1459 2083 mensis
1474 2024 1581 2094 Nisau,

335 2117 366 2171 in
386 2114 465 2172 diem
487 2112 665 2171 dominicam
687 2110 818 2170 incidere
839 2122 954 2189 potest:
974 2112 1051 2183 hinc,
1075 2114 1134 2171 iam
1150 2111 1187 2169 ab
1211 2132 1288 2170 anno
1317 2114 1386 2178 360,
1409 2109 1581 2189 possibi-

334 2202 432 2259 litas
466 2202 554 2277 ipsa
587 2198 720 2256 fuerat
748 2197 918 2266 sublata,
950 2198 1027 2277 quod
1051 2198 1253 2257 Hebraeorum,
1284 2210 1313 2257 et
1343 2198 1581 2257 Christianorum

333 2288 489 2345 Paschatis
511 2284 575 2344 dies
609 2306 738 2363 uuquam
766 2296 886 2363 possent
914 2288 1080 2344 convenire.
1115 2284 1202 2362 Quod
1225 2286 1325 2344 Latini
1349 2306 1432 2343 suum
1461 2284 1582 2343 Pascha

332 2372 482 2432 dominicis
509 2382 624 2431 tantum
652 2371 700 2430 die
727 2371 885 2441 celebrent,
912 2372 967 2430 hoc
999 2374 1087 2451 lippis
1115 2386 1143 2431 et
1167 2371 1332 2431 tonsoribus
1355 2385 1472 2430 notum:
1501 2369 1581 2449 quod

333 2480 403 2518 vero
426 2459 557 2517 hebraici
579 2459 736 2518 Pascltatis
758 2458 831 2530 dies,
857 2458 895 2516 ab
919 2461 982 2537 ipso
1005 2460 1134 2519 Domino
1157 2461 1345 2538 praescripta,
1375 2479 1435 2517 non
1458 2458 1519 2516 alia
1544 2459 1582 2515 sit

333 2567 387 2605 nec
410 2566 475 2605 esse
490 2548 590 2625 possit,
606 2548 663 2604 nisi
683 2545 903 2623 decimaquarta
927 2547 1013 2623 primi
1037 2550 1146 2605 mensis
1162 2547 1257 2605 Nisan
1273 2543 1461 2627 (antiquitus:
1485 2542 1582 2623 Abib)

333 2632 405 2704 dies,
429 2632 466 2691 de
489 2633 544 2691 hoc
566 2632 655 2691 fidem
671 2633 783 2691 faciunt
805 2652 906 2690 sacrae
923 2634 1065 2691 Litterae:
1089 2654 1178 2691 unum
1197 2646 1309 2691 tantum
1327 2632 1453 2692 sufficiat
1477 2632 1582 2690 afferre

334 2721 438 2778 Iocum.
476 2720 576 2793 ,Hae
610 2733 699 2777 sunt
733 2718 824 2777 feriae
858 2720 1075 2778 Domini-
1108 2723 1151 2780 sic
1184 2721 1292 2795 legitur
1325 2720 1421 2778 Levit.
1457 2718 1582 2787 XXIII,

336 2809 420 2865 4-6
453 2842 491 2849 -
529 2826 623 2885 quas
652 2806 860 2864 celebrare
883 2805 1042 2865 debetis
1074 2800 1303 2889 temporibus
1326 2802 1415 2867 suis.
1447 2806 1581 2863 Mense

334 2896 465 2973 primo,
500 2891 801 2971 quartadecima
835 2892 898 2951 die
936 2896 1089 2965 mensis,
1124 2893 1168 2953 ad
1203 2914 1415 2971 vesperam,
1453 2892 1582 2950 Phase

336 2982 493 3039 llomini
527 2989 591 3038 est.
626 2980 674 3037 Et
697 2978 1001 3058 quintadecima
1025 2979 1089 3039 die
1114 2983 1260 3039 mensis
1288 2981 1402 3039 huius
1426 2978 1581 3037 sollem-

335 3070 440 3125 nitas
463 3063 693 3147 Azymouum
721 3070 806 3125 est.“
840 3067 922 3124 Hinc
945 3078 989 3125 est
1012 3067 1089 3145 quod
1113 3088 1214 3127 ornnes
1230 3068 1266 3127 de
1289 3067 1421 3145 paschali
1443 3076 1581 3145 computo

335 3157 498 3233 scriptores,
514 3152 552 3212 de
567 3152 771 3211 Hebraeorum
786 3154 927 3231 paschate
943 3155 1104 3232 loquentes
1128 3176 1186 3214 non
1203 3156 1295 3227 aliter,
1312 3174 1403 3233 usque
1419 3153 1456 3211 ad
1469 3173 1580 3211 annum

339 3243 431 3313 1593,
459 3250 527 3300 sunt
549 3240 640 3298 locuti
663 3260 698 3299 ac
722 3242 803 3319 ipsae
833 3240 941 3299 Sacrae
969 3242 1109 3301 Litterae.
1148 3242 1286 3320 Sequitur
1308 3240 1386 3319 quod
1409 3240 1581 3299 Constanti-

336 3328 508 3407 nopolitaua
542 3325 681 3406 Synodus
714 3321 1062 3408 impossibililalem
1098 3329 1286 3387 anathemate
1324 3328 1477 3407 percussit.

440 3414 493 3473 IV.
506 3413 669 3475 Orientalis
680 3413 835 3472 Ecclesiae
850 3413 906 3471 hac
930 3417 961 3472 in
975 3435 1006 3473 re
1022 3414 1192 3475 defensores
1207 3424 1359 3493 reponunt,
1382 3412 1460 3492 quod
1474 3412 1581 3471 Iudae-

335 3523 417 3561 orum
439 3500 559 3560 Pascha
581 3498 630 3559 die
655 3502 703 3558 15.
721 3501 818 3559 Nisan
840 3499 1013 3573 celebratur,
1037 3522 1148 3581 nosque
1171 3500 1208 3559 ad
1232 3501 1405 3560 Iudaeorum
1429 3502 1581 3559 remittunt

335 3587 530 3661 Kalendaria,
567 3588 599 3646 in
636 3585 743 3666 quibus
775 3607 887 3659 revera,
928 3591 966 3645 14
1002 3586 1065 3647 dies
1099 3588 1195 3647 Nisan
1227 3600 1377 3666 tamquam
1413 3609 1433 3643 r
1446 3590 1454 3645 i
1468 3590 1508 3665 gi
1521 3586 1529 3643 l
1543 3588 1581 3644 ia

335 3673 373 3734 ad
416 3675 535 3734 Pascha
578 3672 787 3733 celebrandum
830 3678 1051 3753 praeparatoria
1094 3674 1250 3733 indicatur.
1294 3674 1382 3751 Quod
1419 3673 1581 3744 Israelitae,

335 3782 387 3839 pro
410 3761 516 3840 quibus
538 3763 657 3840 mystici
680 3763 750 3837 agni
773 3761 936 3819 immolatio
960 3794 1000 3805 -·
1025 3761 1190 3841 symbolum
1221 3764 1283 3821 veri
1309 3762 1466 3821 Paschatis
1489 3761 1581 3819 nostri

338 3848 450 3907 Christi
473 3849 503 3925 (1
530 3847 597 3908 Cor.
620 3848 656 3906 V.
685 3847 725 3924 7.)
749 3848 960 3907 immolationIs
995 3884 1033 3892 —
1069 3870 1150 3909 suam
1189 3852 1289 3908 amisit
1324 3848 1580 3926 significationem,

335 3933 373 3992 ad
389 3936 507 4014 Azyma
524 3944 640 3993 tautum
656 3933 812 3994 attendant
828 3936 982 4013 ipsumque
1000 3956 1107 3994 nomen
1124 3936 1242 3995 Pascha
1258 3935 1295 3994 ad
1314 3956 1350 3994 ea
1368 3935 1579 4005 transtulerint,

335 4020 391 4079 hoc
414 4022 501 4080 lacile
529 4020 657 4098 intelligi
688 4031 800 4099 potest3
832 4020 885 4080 sed
916 4021 1087 4092 Christiani,
1117 4024 1147 4081 in
1170 4044 1201 4081 re
1223 4043 1340 4101 prorsus
1370 4022 1579 4093 ecclesiastica,

335 4128 394 4166 uon
421 4117 544 4187 possunt
573 4106 673 4167 verbis
700 4109 791 4167 alium
818 4107 976 4167 adnectere
1000 4129 1125 4181 sensum,
1154 4130 1242 4188 quam
1265 4110 1357 4181 illum,
1385 4128 1472 4188 quem
1497 4110 1579 4166 unice

334 4194 477 4273 praebent
500 4215 601 4255 sacrae
614 4195 747 4254 Litterae
769 4206 799 4253 et
822 4195 1023 4255 ecclesiastica
1041 4196 1224 4255 documenta.
1247 4196 1297 4255 Ad
1315 4197 1455 4254 lectorem
1479 4195 1579 4253 illatio.

334 4281 425 4340 Plura
446 4301 525 4341 nunc
547 4280 657 4341 addere
678 4302 811 4361 possem3
835 4302 925 4341 unum
948 4291 1063 4343 tantum
1087 4284 1214 4343 sufficiat
1235 4295 1265 4341 et
1287 4284 1406 4342 veniam
1430 4281 1468 4341 ad
1492 4284 1579 4340 totius

336 4370 504 4447 scriptionis
527 4368 754 4428 conclusionem.

439 4456 474 4514 V.
497 4455 683 4534 Quicumque
699 4456 747 4513 vel
769 4465 887 4515 tenuem
903 4454 1035 4535 possidet
1058 4455 1094 4514 de
1110 4456 1194 4536 cyclo
1218 4453 1413 4515 alexandrino
1437 4457 1577 4525 notitiam,

334 4544 418 4600 iuxta
455 4563 543 4623 quem
579 4562 672 4621 nsque
711 4540 801 4601 hodie
846 4542 1054 4603 dissidentium
1097 4562 1114 4601 a
1152 4542 1236 4601 nobis
1274 4543 1396 4602 frenum
1433 4542 1578 4600 I‘aschata

333 4628 531 4702 stabiliuntur,
567 4631 631 4706 ipse
676 4632 739 4700 scit,
769 4629 847 4707 quod
881 4628 1102 4708 decimaquinta
1139 4630 1209 4689 luna
1247 4639 1397 4709 tamquam
1432 4628 1578 4708 paschalis

333 4728 526 4796 computatur,
558 4719 588 4774 in
612 4720 670 4794 qna
700 4716 812 4774 sellieet
834 4716 952 4775 Pascha
974 4715 1123 4775 celebrare
1146 4716 1223 4774 lieet.
1269 4714 1380 4792 Quodsi
1406 4717 1470 4795 quis
1505 4715 1576 4773 scire
