3450 5342
864 437 903 448 -
931 407 992 462 166
1017 435 1055 448 .-

440 600 468 655 o.
492 592 663 662 l'nicum,
687 593 765 673 quod
788 594 926 670 dogmate
952 595 1103 653 Romanae
1129 593 1280 652 Ecclesiae
1303 593 1341 651 de
1365 593 1595 652 infallibilitate

334 685 379 740 sni
402 683 509 760 capitis
533 683 680 744 assentur.
702 693 748 740 est
770 681 843 739 hoc:
867 697 955 760 caput
984 701 1076 746 suum,
1099 701 1165 740 cum
1189 693 1219 740 ut
1243 701 1370 760 persona
1403 679 1544 759 publica
1570 678 1597 736 id

334 780 379 827 est
413 779 445 827 ut
478 769 585 826 Pastor
616 779 647 826 et
670 769 780 826 Doctor
812 770 943 826 omnium
977 767 1223 840 Christianorum,
1257 789 1326 826 non
1360 787 1598 846 quocumque

335 855 444 914 modo
478 853 593 925 docet,
628 855 679 913 sed
714 876 885 933 suprema
919 857 1072 933 potestatis
1106 855 1162 914 sibi
1189 876 1206 913 a
1229 855 1293 912 Deo
1327 857 1517 912 commissae
1544 857 1597 910 in-

336 945 564 1001 tensitate
595 943 637 998 uti
669 942 781 1010 volens,
816 941 973 1000 definitiva
1002 944 1150 1000 sententia
1180 941 1293 1020 aliquid
1323 943 1470 1020 proponit
1504 961 1538 998 ut
1561 941 1596 997 ab

336 1031 478 1088 universa
500 1029 636 1086 Ecclesia
658 1031 824 1088 necessario
846 1028 1021 1100 tenendum
1055 1039 1096 1086 tu
1109 1049 1156 1087 nc
1190 1049 1257 1086 eum
1284 1049 1353 1086 vere
1385 1049 1458 1086 esse
1484 1027 1597 1086 infalli-

338 1115 430 1174 bilem
454 1128 484 1174 et
506 1130 721 1193 cousequenter
744 1136 762 1173 a
784 1119 883 1194 priori,
907 1119 936 1173 vi
960 1116 1046 1174 huius
1070 1118 1162 1194 ipsius
1185 1115 1340 1192 dogmatis.
1363 1115 1488 1174 nullam
1512 1135 1597 1172 oet-u-

338 1205 447 1262 menici
470 1202 595 1261 alicuius
617 1203 735 1261 concilii
754 1202 934 1262 decisionem
951 1211 1068 1262 exstare
1092 1223 1184 1280 posse,
1208 1223 1282 1280 quae
1298 1203 1474 1260 Romanum
1493 1203 1599 1260 Ponti-

338 1291 422 1348 ficem
447 1293 479 1348 iu
501 1288 548 1346 his
571 1290 800 1348 circumstantiis
822 1310 936 1348 errasse
959 1289 1136 1348 definiverit.

441 1377 562 1434 Hunc
584 1396 649 1433 esse
673 1397 819 1434 verum
853 1389 1011 1436 statum
1046 1378 1330 1454 quaestionis
1353 1377 1460 1454 quivis
1479 1395 1597 1453 aequus

338 1483 433 1520 rerum
456 1465 626 1521 aestimator
649 1463 735 1521 facilc
750 1463 842 1522 dabit.
866 1463 946 1540 Quid
963 1466 1042 1521 enim
1059 1475 1161 1522 contra
1184 1461 1431 1522 infallibilitatem
1463 1463 1597 1520 Romani

337 1549 493 1608 Pontificio
526 1549 684 1627 proficitur,
707 1553 732 1608 si
755 1549 895 1609 ostendas
930 1551 1092 1608 llomunum
1127 1550 1302 1608 Pontificem
1335 1551 1366 1607 in
1400 1551 1438 1608 iis
1466 1553 1599 1608 circum·

338 1637 457 1694 stantiis
479 1655 600 1705 errasse,
623 1657 675 1714 pro
698 1636 804 1714 quibus
827 1659 882 1696 nec
905 1638 1041 1695 Ecclesia
1065 1638 1198 1695 lfomana
1221 1639 1285 1714 ipsa
1300 1639 1508 1694 inerrantiam
1535 1639 1602 1695 eius

339 1721 469 1780 admittit
492 1722 539 1780 vel
564 1722 690 1780 statuit?
724 1727 823 1799 Quare
847 1727 871 1782 si
896 1727 961 1802 quis
986 1722 1230 1782 infallibilitatem
1264 1725 1390 1782 Romani
1428 1723 1602 1782 Pontificio

338 1831 408 1868 vere
432 1811 605 1887 impugnare
628 1811 708 1879 velit,
742 1811 874 1870 officium
898 1813 924 1868 ei
949 1809 1093 1869 incumbit
1127 1809 1302 1868 ostendendi
1326 1824 1388 1868 ant:
1417 1811 1600 1868 Honorinm

339 1897 493 1956 falsam
539 1895 864 1956 definitionem
899 1919 944 1955 cx
988 1895 1204 1955 cathedra
1252 1896 1473 1966 edidisse,
1526 1915 1599 1955 aut:

339 1984 497 2042 concilium
545 1994 662 2042 sextum
705 2005 771 2042 eum
806 1995 957 2063 tamquam
999 1985 1143 2042 falsae
1188 1983 1504 2042 definitionis
1548 2007 1598 2041 ex

235 2095 240 2102 ·
340 2067 567 2129 Cathedra
602 2091 716 2128 reum
752 2070 1080 2131 condemnasse.

444 2161 471 2215 7.
494 2157 528 2215 Β.
552 2157 638 2214 Alter
671 2171 836 2236 conceptus,
872 2179 928 2237 (luo
965 2156 1049 2216 noliis
1073 2160 1104 2215 in
1128 2169 1227 2216 nostra
1261 2156 1476 2236 disquisitione
1518 2179 1604 2216 eom-

339 2247 475 2322 parativa
490 2265 562 2321 opus
578 2256 629 2314 est,
647 2256 692 2302 est
707 2256 865 2322 conceptus
882 2259 913 2303 ut
929 2245 992 2303 dixi
1010 2245 1179 2303 historicus:
1202 2254 1246 2304 est
1269 2246 1332 2322 ipse
1356 2245 1385 2302 H
1399 2265 1416 2300 o
1431 2265 1450 2302 n
1465 2267 1485 2302 o
1501 2247 1540 2302 ri
1556 2266 1574 2303 u
1590 2267 1602 2302 s

343 2330 612 2402 ,historicus‘,
642 2330 673 2389 id
697 2346 749 2396 est,
781 2333 832 2390 ille
869 2333 1025 2400 Honorius,
1060 2351 1147 2410 quem
1171 2341 1200 2389 et
1223 2331 1339 2410 qualem
1374 2329 1464 2388 nobis
1506 2331 1601 2389 docu-

339 2428 440 2474 menta
461 2417 631 2474 authentica
660 2417 872 2476 demonstrant.
896 2419 962 2494 Quo
986 2421 1049 2498 ipso
1073 2418 1112 2476 ad
1142 2421 1419 2496 quaestionem
1444 2420 1481 2475 in
1509 2441 1601 2497 prae-

339 2506 426 2562 terito
449 2502 568 2582 quidem
593 2507 721 2562 maxime
750 2509 891 2580 agitatam
920 2505 1113 2576 devolvimur,
1146 2517 1241 2563 utrum
1272 2526 1308 2564 ea
1334 2504 1602 2564 documenta.

339 2611 376 2648 ex
410 2589 516 2669 quibus
546 2604 615 2649 ante
646 2595 745 2650 omnia
773 2604 888 2651 nostras
911 2592 947 2650 de
981 2593 1112 2651 Honorio
1142 2593 1262 2650 notitias
1287 2591 1403 2650 haurire
1436 2591 1601 2652 debemus.

339 2678 539 2755 epistolas
562 2677 628 2735 dico
654 2679 777 2737 Houorii
793 2693 821 2737 et
838 2691 905 2738 acta
928 2692 1028 2738 sextae
1045 2677 1152 2758 synodi
1176 2681 1235 2737 sint
1251 2679 1422 2737 authentica
1447 2699 1562 2737 necne.
1575 2677 1602 2744 t)

443 2763 623 2822 incredibile
646 2778 699 2832 est,
722 2778 834 2844 quanta
856 2770 895 2836 vi,
919 2777 1030 2845 quanta
1061 2765 1234 2837 eruditione,
1258 2779 1368 2844 quante
1391 2769 1541 2824 actrmine
1568 2769 1599 2832 in

340 2864 495 2929 utramque
526 2851 767 2910 contradictionis
798 2868 911 2932 partem
935 2875 952 2912 a
975 2856 1047 2911 viris
1071 2855 1191 2930 ingenio
1214 2862 1243 2910 et
1266 2855 1391 2910 scientia
1414 2853 1598 2929 insignibus

338 2936 521 2996 decertatum
545 2940 591 2998 sit.
609 2934 635 3016 ⁸)
658 2941 727 2998 Non
755 2940 891 2998 obstante
914 2952 1011 2998 autem
1036 2942 1152 3018 ingenti
1181 2941 1326 2998 rationum
1358 2952 1518 3018 apparatu.
1544 2943 1599 3018 qni

339 3023 378 3080 ad
413 3025 596 3084 authentiam
641 3026 756 3085 illorum
791 3026 1031 3086 documentorum
1073 3025 1281 3086 destmendam
1314 3037 1503 3085 constructus
1539 3045 1598 3089 est.

339 3109 428 3168 hodie
452 3132 497 3169 res
521 3112 652 3191 eliquata
686 3126 750 3172 est:
785 3135 910 3192 neque
948 3115 1212 3191 epistolarum
1246 3114 1410 3172 'Honorii
1448 3135 1597 3192 neque

338 3209 491 3256 actuum
524 3202 696 3258 concilii
734 3204 845 3270 sexti,
881 3201 1149 3259 substantiam
1189 3202 1243 3258 rei
1278 3199 1378 3278 quod
1416 3214 1599 3278 spectat.

340 3285 545 3344 authentia
568 3288 739 3345 ulterius
765 3290 804 3346 in
827 3287 987 3346 dubium
1012 3291 1149 3345 vocari
1173 3298 1312 3366 potest.

444 3372 600 3439 Videlicet,
624 3373 693 3432 dum
717 3375 832 3432 theoria
854 3375 1071 3433 falsificationis
1095 3396 1153 3434 non
1177 3387 1236 3432 tam
1253 3377 1434 3451 argumentis
1458 3373 1600 3432 directis

339 3479 427 3536 squam
451 3462 547 3537 potius
582 3462 797 3538 suspicionibus
821 3473 849 3520 et
874 3461 1088 3540 hypothesibus
1124 3464 1242 3532 nitatur,
1273 3481 1396 3538 quarum
1428 3461 1512 3520 solus
1540 3483 1600 3520 nu-

339 3567 436 3604 merus
460 3549 518 3604 iam
541 3549 719 3624 vertiginem
742 3552 828 3626 parit,
851 3569 867 3606 e
891 3559 994 3606 contra
1017 3569 1060 3606 ex
1084 3548 1341 3616 documentis,
1373 3568 1471 3625 quae
1508 3551 1597 3625 ipsi

340 3675 446 3682 a—--ff-
469 3677 498 3682 -..
518 3677 526 3681 .
536 3677 547 3681 -

405 3733 426 3801 ἲ)
445 3736 552 3786 'fertus
580 3735 725 3801 praecipui
754 3735 867 3787 collecti
895 3735 1081 3788 inveniuntur
1108 3735 1186 3802 apud
1214 3735 1414 3798 Ghiiardi,
1443 3735 1597 3789 Honorius

444 3805 531 3870 Papa,
549 3805 664 3856 Taurini
684 3803 761 3868 1870,
783 3821 830 3871 pp.
849 3804 884 3857 73
903 3821 964 3872 sqq.

404 3871 426 3929 ⁸5
445 3874 584 3926 itationes
603 3889 710 3933 eorum,
732 3875 782 3940 qui
799 3875 980 3928 authentiam
1001 3879 1117 3942 negent,
1136 3874 1245 3940 optime
1263 3874 1412 3940 expositae
1430 3877 1500 3926 sunt
1519 3889 1536 3925 a
1556 3875 1597 3926 H.

444 3943 650 3995 (¹otombier
670 3933 792 4010 (illudes
812 3945 888 4000 1870.
907 3947 936 4011 1.,
954 3943 1077 4010 eti-46),
1105 3944 1238 4010 quamvis
1258 3943 1320 4009 ipse
1338 3943 1505 4010 oppositam
1524 3959 1596 3996 sen-

443 4013 565 4064 tentiam
584 4016 689 4066 teneat
726 4014 856 4067 Eandem
875 4015 1017 4068 theoriam
1043 4013 1203 4079 expositam
1223 4017 1252 4066 et
1269 4017 1404 4066 accurate
1430 4012 1595 4066 refutatam

445 4081 575 4134 invenies
601 4083 679 4148 apud
698 4083 987 4150 Thomassinum,
1016 4083 1257 4136 Dissertationum
1288 4081 1317 4134 in
1336 4081 1464 4135 (bouilla
1492 4087 1598 4136 tomus

444 4151 609 4218 singularis,
628 4153 721 4205 Lucae
741 4153 817 4215 1728,
835 4169 882 4220 pp.
901 4153 953 4206 466
972 4169 1047 4220 sqq.;
1078 4152 1220 4219 Ghmel,
1242 4151 1392 4204 vindiciae
1411 4151 1526 4205 concilii
1545 4167 1598 4204 oc·

444 4220 594 4286 eumenid,
612 4221 659 4273 Vl.
679 4224 790 4291 Pragae
809 4223 890 4285 1ttt;
907 4225 931 4277 N
939 4225 1024 4276 atsi.
1043 4224 1151 4288 Alex,
1170 4223 1244 4275 Hist
1263 4221 1338 4273 Ecci.
1353 4221 1492 4281 venetiis,
1515 4222 1597 4283 life,

443 4289 487 4356 V„
506 4305 551 4355 pp.
570 4291 622 4343 516
641 4307 696 4358 sq.;
729 4293 754 4345 H
767 4294 881 4354 elele,
909 4293 1226 4361 i‘onciiiengeschichte
1238 4291 1258 4354 ¹²,
1283 4291 1337 4353 111,
1358 4291 1420 4358 1733
1437 4291 1597 4356 aes-31&

445 4360 667 4428 l'ennacchi,
696 4363 737 4414 De
764 4363 882 4416 Honorii
913 4379 1001 4416 causa
1028 4362 1058 4414 in
1086 4361 1206 4414 concilio
1237 4363 1327 4414 sexto.
1364 4361 1474 4414 Romae
1503 4360 1597 4419 lstu;

444 4429 805 4497 Wfflwwmm

512 4499 701 4553 Authentiam
716 4504 861 4568 negarunt
879 4501 954 4554 inter
967 4501 1040 4555 alios
1059 4501 1248 4568 Batonius,
1267 4501 1395 4554 Annales
1413 4499 1450 4553 ad
1464 4499 1514 4551 ,ld
1528 4499 1591 4564 633,

442 4567 501 4629 680,
519 4568 580 4634 681,
597 4569 659 4636 683,
677 4569 741 4637 583;
760 4571 1020 4638 Bellarmiuus,
1040 4572 1081 4624 De
1099 4572 1231 4624 Romano
1245 4570 1392 4638 Pontifiee,
1405 4571 1422 4622 i.
1436 4569 1490 4635 tu,
1504 4585 1529 4622 c.
1543 4570 1592 4626 11:

442 4638 609 4700 (Charias
633 4638 779 4704 Merlin)
806 4640 936 4693 Examen
961 4645 1045 4694 exact
1072 4645 1101 4694 et
1126 4641 1244 4694 detailie
1267 4640 1306 4693 du
1334 4640 1387 4694 fait
1411 4639 1590 4693 d'llonorius

443 4707 511 4759 1738
529 4709 648 4774 (iligne,
667 4709 712 4761 PL
729 4708 772 4771 80,
789 4709 966 4776 eet-1080).
