3450 5342
872 460 1041 513 -lii-

336 645 375 723 (p.
403 648 461 703 124
485 642 551 725 sq).
589 648 727 725 Episcopi
753 646 849 724 igitur,
874 666 940 703 curn
964 649 1026 723 ipse
1050 649 1089 705 sit
1111 646 1246 705 sacerdes
1269 647 1333 707 κατ’
1358 648 1481 727 ἑξοχὲ,ν·,
1507 650 1582 705 iuvi-

335 732 459 807 gilandi,
483 731 667 809 gubernandi
692 753 725 791 ac
749 732 901 791 iudicandi
924 731 1027 791 fideles
1051 736 1096 792 ins
1119 744 1207 813 atque
1230 734 1359 793 officium
1384 745 1437 793 est

442 820 545 897 ltaque
569 840 634 878 cum
650 822 805 898 episcopus
828 822 928 897 quivis
950 820 1100 897 legitimus
1123 841 1175 899 per
1190 823 1388 879 sucessionem
1409 824 1585 879 continuam

336 908 373 966 ab
398 907 537 985 apostolis
560 908 704 984 originem
738 906 835 977 ducat,
870 909 959 965 etiam
990 910 1144 987 episcopus
1168 909 1318 965 Romanus
1342 926 1429 966 rems
1451 930 1474 965 s.
1501 910 1583 967 Petri

335 1014 485 1053 successor
499 996 620 1072 eiusque
644 996 750 1053 iuriam
774 993 860 1051 heres
884 1003 937 1053 est.
962 993 1020 1053 ssd
1043 996 1125 1052 cuius
1148 995 1244 1053 locum
1266 1010 1390 1071 occupat
1417 1016 1440 1053 s.
1458 994 1584 1053 Petrus?

334 1082 403 1141 Non
412 1080 542 1151 alterius,
551 1100 639 1159 quam
657 1081 724 1139 Iesu
739 1081 861 1141 Christi.
873 1080 946 1139 Ideo
955 1083 1108 1159 opiscopus
1117 1082 1267 1141 &manus
1280 1116 1316 1123 —
1328 1084 1456 1139 vicarius
1468 1082 1585 1140 Christi

337 1168 376 1247 (p.
395 1164 477 1245 126).
502 1168 576 1225 Cum
599 1169 690 1243 igitur
704 1170 859 1245 episcopus
883 1166 920 1224 ab
936 1168 1077 1245 apostolis
1098 1166 1267 1239 descendet,
1291 1170 1487 1227 communitas
1504 1169 1585 1226 chri·

336 1258 433 1313 stiana
464 1256 560 1333 ipsum
591 1252 738 1332 deponere
768 1254 850 1312 nulla
882 1256 994 1313 ratione
1017 1266 1131 1332 potest:
1166 1275 1253 1333 quarn
1278 1269 1376 1312 tamen
1405 1268 1585 1333 potestatem

337 1342 500 1419 antiquitus
530 1340 690 1400 secundum
715 1353 871 1404 auctorem,
906 1343 931 1398 si
955 1342 1109 1420 episcopus
1137 1345 1168 1399 in
1191 1356 1342 1420 peccatum
1366 1350 1458 1418 grase
1482 1343 1584 1420 lapsus

336 1439 388 1497 est,
412 1427 540 1486 habebat
567 1428 612 1503 [of.
629 1450 655 1505 p.
680 1425 762 1507 128).
787 1426 834 1487 Ob
857 1428 912 1486 iras
935 1430 1063 1487 rationes
1086 1431 1254 1506 episcopum
1280 1430 1374 1486 iocum
1397 1428 1454 1485 liei
1480 1444 1585 1487 tenere

336 1518 457 1593 eiusque
480 1515 662 1573 voluntatem
686 1516 876 1592 interpretari
899 1516 1010 1573 claretur
1033 1527 1090 1589 estg
1115 1518 1178 1594 ipse
1201 1514 1378 1573 dimittendi¹
1395 1526 1519 1593 peccata
1535 1538 1585 1594 po

336 1611 472 1661 testatem
496 1600 593 1668 habet,
618 1604 680 1679 ipsc
695 1602 837 1659 ecclesiae
861 1601 963 1660 doctor
984 1622 1018 1659 ac
1042 1602 1184 1681 propbeta
1207 1615 1264 1661 est:
1290 1605 1343 1681 ipsi
1362 1605 1500 1661 resistere
1516 1624 1585 1681 pec-

336 1700 433 1747 catum
457 1700 521 1756 est;
555 1690 645 1746 immo
668 1691 716 1767 qui
734 1690 765 1745 iu
782 1692 968 1767 separatione
984 1688 1020 1745 ab
1037 1691 1173 1768 episcopo
1196 1688 1342 1768 usquead
1366 1701 1490 1747 rnrrrtem
1515 1711 1582 1767 per-

336 1775 429 1843 duret,
453 1774 556 1832 salutis
580 1796 685 1853 expers
708 1789 753 1833 est
776 1773 816 1853 (p.
844 1778 903 1833 12⁸
927 1776 1013 1854 sqq).

442 1861 578 1941 synodus
602 1882 672 1919 vero
695 1860 821 1940 duplicis
845 1865 963 1939 generis
995 1871 1078 1921 crat:
1113 1862 1261 1921 ordinaria
1284 1873 1313 1919 et
1336 1862 1584 1921 extraordinaria.

441 1948 492 2005 Ex
503 1962 585 2007 trae
596 1947 683 2007 rdin
693 1969 732 2005 er
742 1951 777 2005 ia
796 1951 835 2027 (p.
858 1945 932 2029 133)
947 1949 985 2006 ad
998 1952 1066 2012 neri
1086 1952 1217 2027 episcopi
1233 1950 1406 2007 electionem
1423 1952 1585 2008 constituc-

338 2035 447 2103 batur,
485 2035 597 2112 triplos
623 2044 719 2093 autern
750 2035 928 2094 elementum
959 2038 989 2095 in
1020 2038 1149 2115 episcopi
1173 2036 1317 2095 electione
1339 2036 1585 2113 distinguendum

336 2134 391 2179 cst:
416 2129 448 2198 c)
468 2122 572 2179 electio
595 2122 643 2180 vel
664 2122 768 2180 molius
791 2126 919 2180 ostensio
942 2122 1026 2199 digni
1042 2121 1192 2181 candidati
1217 2144 1234 2181 a
1253 2124 1360 2201 populo
1377 2126 1467 2185 iacta:
1490 2126 1525 2203 fb
1541 2128 1584 2181 iu-

337 2208 445 2266 dicium
463 2211 666 2286 episcoporum
681 2209 718 2267 de
731 2213 909 2287 praesentati
926 2209 1120 2288 qualitatibus
1132 2212 1252 2288 eiusque
1265 2210 1449 2287 approbatio:
1468 2216 1500 2288 γ)
1512 2232 1581 2268 con

337 2316 440 2354 sensus
463 2295 562 2374 populi
587 2294 695 2354 iudicio
717 2298 919 2375 episcoporum
943 2295 1133 2375 superaddita
1156 2294 1197 2377 (p.
1220 2298 1303 2367 137).
1325 2298 1400 2355 (fem
1423 2299 1502 2356 (reim
1522 2301 1585 2375 epi·

337 2384 425 2461 scopi,
449 2384 497 2460 qui
516 2394 724 2455 couvenerant,
747 2403 812 2441 raro
828 2382 989 2461 quidquam
1012 2382 1049 2442 de
1064 2383 1194 2459 eligendi
1212 2383 1357 2460 dignitate
1373 2386 1492 2451 scirent,
1515 2385 1584 2442 ideo

337 2468 374 2527 ad
390 2468 529 2547 populum
553 2471 674 2548 eiusque
697 2472 776 2528 vices
790 2483 941 2544 gerentoni
964 2472 1083 2541 clerum,
1105 2481 1138 2529 ut
1158 2473 1229 2548 ipsis
1245 2471 1367 2543 «liguum
1383 2471 1584 2531 ostenderent

337 2576 400 2614 sese
425 2554 646 2615 convertebant.
1378 2616 1382 2622 .
1542 2570 1545 2573 ’

442 2642 571 2720 Populus
587 2664 657 2701 vero
675 2664 763 2701 nuum
788 2644 836 2700 rel
849 2644 947 2721 plures
963 2654 1151 2721 praesentare
1164 2647 1270 2722 potuit-3
1294 2646 1326 2701 in
1341 2655 1464 2721 utroquo
1482 2654 1583 2702 tamen

337 2749 405 2787 casu
429 2731 638 2807 episcoporum,
663 2743 762 2808 utpote
789 2731 843 2787 ltei
868 2730 1061 2800 sacerdotum,
1085 2730 1225 2789 iudiciuin
1249 2730 1459 2809 requirebatur.
1493 2731 1584 2807 Quod

285 2892 287 2895 Ι
338 2814 486 2887 iudicium,
512 2829 541 2874 ut
564 2818 672 2875 iustum
696 2830 780 2887 esset,
805 2817 902 2895 plures
925 2820 1055 2896 episcopi
1081 2853 1116 2859 -
1143 2818 1248 2876 saltem
1272 2830 1330 2875 tres
1357 2852 1394 2860 -
1419 2821 1581 2877 necessarii

337 2912 421 2960 erant
445 2902 483 2980 (p.
499 2906 580 2971 137).
605 2904 749 2961 Iudicium
766 2914 862 2963 auteur
887 2905 1159 2982 episcoporuml)ci
1182 2904 1327 2962 voluntati
1350 2913 1581 2963 consentaneum

337 2990 427 3047 fuisse
452 2991 579 3067 receptio
595 2991 695 3068 populi
719 3002 831 3049 certum
851 2989 1003 3049 reddebat.
1028 3024 1071 3034 -—
1085 2992 1260 3050 Generatim
1282 2999 1391 3058 auctor,
1415 3001 1582 3068 protestan-

337 3077 416 3133 tismi
440 3078 594 3154 principiis
624 3079 745 3135 inuisus
769 3078 914 3135 voluntati
937 3079 1037 3156 populi
1061 3077 1195 3136 divinam
1219 3077 1404 3136 voluntatem
1427 3077 1581 3136 iudicandi

337 3163 383 3220 ius
406 3169 435 3219 et
459 3166 661 3221 auctoritatem
685 3164 829 3225 attribuit.
874 3164 1042 3223 Secundum
1066 3165 1140 3223 haec
1162 3167 1252 3223 ctiam
1276 3185 1297 3223 s.
1322 3165 1506 3244 Cypriacam
1529 3187 1582 3224 ex·

337 3248 436 3327 plicat.
461 3252 492 3308 u'i
516 3244 742 3329 enim'popuius
765 3253 945 3309 unanimiter
968 3253 1060 3309 solum
1084 3272 1174 3310 unum
1197 3260 1228 3310 ut
1251 3250 1372 3327 dignum
1391 3252 1582 3330 proponebat,

337 3338 483 3414 episcopis
506 3337 582 3395 nihil
607 3340 664 3395 uisi
687 3348 718 3396 nt
736 3347 955 3415 praesentatum
977 3337 1182 3416 approbarent,
1206 3337 1434 3416 relinquebatur.
1458 3340 1583 3419 Episco-

338 3444 437 3501 porurn
471 3426 561 3499 igitur
591 3424 646 3482 hoc
677 3426 708 3483 in
740 3444 809 3483 casu
843 3424 982 3483 iudicium
1009 3425 1197 3502 significabat
1231 3446 1415 3498 consensum,
1438 3426 1583 3505 approba-

339 3512 462 3569 tionem:
486 3544 528 3553 *-
552 3514 636 3589 proin
652 3510 689 3569 de
712 3530 790 3569 nore
812 3532 850 3568 ex
873 3522 957 3589 parte
980 3512 1079 3590 populi
1096 3512 1308 3590 approbatione
1323 3533 1419 3571 sermo
1442 3536 1507 3573 esso
1522 3535 1583 3573 eon

336 3606 431 3676 potest
456 3598 585 3675 (Hefele,
608 3597 698 3657 Funk
722 3598 753 3656 id
775 3595 959 3678 respiciunt).
990 3601 1022 3657 si
1045 3620 1116 3656 vero
1138 3599 1262 3677 populus
1285 3600 1382 3675 plures
1406 3600 1581 3659 candidatos

335 3684 526 3762 proponebat,
558 3686 685 3763 episcopi
712 3686 811 3743 stricte
835 3684 1000 3743 iudicantes
1023 3684 1187 3761 digniorem
1211 3707 1248 3743 cx
1272 3691 1467 3763 praesentatis
1489 3689 1582 3762 elige·

337 3770 416 3829 bant.
461 3770 547 3847 Quod
571 3774 700 3849 episcopi
725 3792 789 3830 etun
815 3772 962 3843 fecissent,
987 3772 1109 3850 populus
1131 3771 1319 3849 designatum
1344 3774 1505 3851 recipiebat
1528 3796 1580 3833 scu

337 3857 419 3915 illurn
443 3858 615 3935 acceptabat
638 3858 687 3937 (tle
710 3858 765 3916 boc
787 3858 946 3937 loquuntur
968 3859 1067 3929 Sobm,
1098 3860 1297 3933 Bcveregius3
1321 3881 1348 3937 p.
1366 3861 1427 3918 142
1443 3861 1508 3938 sq).
1531 3862 1580 3918 Ad

336 3944 474 4020 populum
505 3947 594 4003 ctiam
618 3945 740 4003 inferior
763 3945 858 4003 clerus
880 3945 996 4023 (presb,
1031 3945 1161 4010 diaconii
1185 3949 1301 4004 eteius
1332 3946 1392 4004 dus
1416 3948 1582 4025 pertinebat

338 4030 377 4107 (p.
404 4031 486 4106 143).

440 4116 544 4173 Idlccto
568 4116 726 4176 candidato
742 4121 830 4176 ceteri
856 4122 985 4197 episcopi
1009 4139 1061 4196 per
1075 4120 1294 4197 principaberis
1313 4119 1394 4178 urbis
1410 4124 1580 4199 episcopum

336 4204 474 4261 certiores
497 4202 703 4265 reddebantur.
747 4205 952 4265 'tractatione
975 4226 1109 4264 successu
1132 4209 1271 4285 temporis
1300 4204 1336 4263 ad
1361 4207 1580 4285 principaberis

336 4288 416 4347 urbis
445 4291 615 4369 episcopum
638 4294 683 4349 ius
706 4290 891 4369 approbandi
914 4293 1096 4351 neoelectum
1119 4292 1250 4351 delatum
1274 4308 1326 4356 cst,
1358 4293 1435 4371 quod
1460 4297 1506 4352 ius
1529 4295 1582 4352 Ni-

336 4397 418 4435 caou.
441 4397 465 4435 c.
489 4380 518 4435 4.
543 4379 570 4437 6,
594 4398 648 4435 sua
670 4380 843 4437 auctoritate
867 4380 1041 4458 approbarit
1065 4379 1105 4457 (p.
1130 4381 1212 4457 144).

440 4465 489 4523 Ex
512 4464 647 4523 doctriua
669 4462 706 4521 de
729 4467 891 4543 apostolica
913 4469 1114 4544 episcoporum
1129 4470 1313 4526 successione
1329 4476 1409 4527 ortae
1427 4485 1494 4530 snut
1512 4489 1582 4548 syn-

335 4548 385 4608 odi
415 4551 500 4609 ordi
510 4572 528 4610 n
539 4552 593 4611 ari
604 4572 647 4609 ee
666 4548 706 4629 (p.
733 4554 793 4609 144
814 4553 899 4630 sqq).
908 4554 1049 4631 Episcopi
1065 4554 1144 4610 eninr
1157 4553 1303 4633 synodum
1316 4554 1581 4636 {tressortem

336 4636 427 4695 oculis
455 4637 599 4697 habentes
622 4640 713 4697 variis
736 4636 774 4696 de
797 4640 901 4711 causis,
936 4651 968 4697 ut
990 4642 1136 4698 communi
1161 4640 1284 4699 consilio
1308 4662 1368 4699 rcm
1392 4646 1582 4711 discuterent,

336 4733 416 4782 certo
439 4724 502 4783 loco
525 4724 790 4800 congregabant-ur.
815 4725 928 4783 Harum
951 4724 1130 4804 synodorum
1153 4726 1272 4786 decreta
1295 4726 1332 4785 ab
1355 4729 1423 4792 aliis
1439 4732 1579 4793 eeclesiis,
