<?xml version="1.0" encoding="UTF-8"?>
<!DOCTYPE html PUBLIC "-//W3C//DTD XHTML 1.0 Transitional//EN"
    "http://www.w3.org/TR/xhtml1/DTD/xhtml1-transitional.dtd">
<html xmlns="http://www.w3.org/1999/xhtml" xml:lang="en" lang="en">
 <head>
  <title>
</title>
<meta http-equiv="Content-Type" content="text/html;charset=utf-8" />
  <meta name='ocr-system' content='tesseract 3.04.00' />
  <meta name='ocr-capabilities' content='ocr_page ocr_carea ocr_par ocr_line ocrx_word'/>
</head>
<body>
  <div class='ocr_page' id='page_1' title='image "./slavorumlittera00unkngoog_0675.png"; bbox 0 0 3450 5342; ppageno 0'>
   <div class='ocr_carea' id='block_1_1' title="bbox 642 375 831 429">
    <p class='ocr_par' dir='ltr' id='par_1_1' title="bbox 642 375 831 429">
     <span class='ocr_line' id='line_1_1' title="bbox 642 375 831 429; baseline 0.011 -2"><span class='ocrx_word' id='word_1_1' title='bbox 642 405 679 413; x_wconf 93' lang='lat'>-—</span> <span class='ocrx_word' id='word_1_2' title='bbox 706 375 768 429; x_wconf 69' lang='lat' dir='ltr'>:tob</span> <span class='ocrx_word' id='word_1_3' title='bbox 794 407 831 414; x_wconf 83' lang='grc'><strong>-</strong></span> 
     </span>
    </p>
   </div>
   <div class='ocr_carea' id='block_1_2' title="bbox 81 553 1361 2645">
    <p class='ocr_par' dir='ltr' id='par_1_2' title="bbox 81 553 1361 624">
     <span class='ocr_line' id='line_1_2' title="bbox 81 553 1361 624; baseline 0.004 -17"><span class='ocrx_word' id='word_1_4' title='bbox 81 553 270 623; x_wconf 78' lang='lat' dir='ltr'>religiosis</span> <span class='ocrx_word' id='word_1_5' title='bbox 290 554 373 622; x_wconf 90' lang='lat' dir='ltr'>apud</span> <span class='ocrx_word' id='word_1_6' title='bbox 395 554 527 609; x_wconf 85' lang='lat' dir='ltr'>Russos:</span> <span class='ocrx_word' id='word_1_7' title='bbox 549 554 760 622; x_wconf 85' lang='lat' dir='ltr'>Dostoevshi&#39;,</span> <span class='ocrx_word' id='word_1_8' title='bbox 786 556 957 624; x_wconf 82' lang='lat' dir='ltr'>Tolstoj&#39;et</span> <span class='ocrx_word' id='word_1_9' title='bbox 977 555 1020 611; x_wconf 92' lang='lat' dir='ltr'>Vl.</span> <span class='ocrx_word' id='word_1_10' title='bbox 1041 556 1194 624; x_wconf 82' lang='lat' dir='ltr'>Solor‘er,</span> <span class='ocrx_word' id='word_1_11' title='bbox 1220 557 1361 612; x_wconf 79' lang='lat' dir='ltr'>demun·</span> 
     </span>
    </p>

    <p class='ocr_par' dir='ltr' id='par_1_3' title="bbox 83 571 1360 695">
     <span class='ocr_line' id='line_1_3' title="bbox 83 571 1360 695; baseline 0.005 -19"><span class='ocrx_word' id='word_1_12' title='bbox 83 622 442 691; x_wconf 81' lang='lat' dir='ltr'>111entarioperi0dico</span> <span class='ocrx_word' id='word_1_13' title='bbox 464 624 581 694; x_wconf 77' lang='lat' dir='ltr'>»Novyj</span> <span class='ocrx_word' id='word_1_14' title='bbox 605 625 687 680; x_wconf 66' lang='lat' dir='ltr'>Pur«</span> <span class='ocrx_word' id='word_1_15' title='bbox 710 571 810 690; x_wconf 46' lang='lat' dir='ltr'>(liova</span> <span class='ocrx_word' id='word_1_16' title='bbox 830 624 891 692; x_wconf 86' lang='lat' dir='ltr'>via)</span> <span class='ocrx_word' id='word_1_17' title='bbox 911 639 937 680; x_wconf 88' lang='lat' dir='ltr'>a.</span> <span class='ocrx_word' id='word_1_18' title='bbox 957 627 1085 692; x_wconf 79' lang='lat'>1903-4,</span> <span class='ocrx_word' id='word_1_19' title='bbox 1105 625 1159 695; x_wconf 89' lang='lat' dir='ltr'>qui</span> <span class='ocrx_word' id='word_1_20' title='bbox 1178 626 1218 680; x_wconf 90' lang='lat' dir='ltr'>ab</span> <span class='ocrx_word' id='word_1_21' title='bbox 1237 642 1264 680; x_wconf 91' lang='lat' dir='ltr'>a.</span> <span class='ocrx_word' id='word_1_22' title='bbox 1284 630 1360 682; x_wconf 81' lang='lat'>1905.</span> 
     </span>
    </p>

    <p class='ocr_par' dir='ltr' id='par_1_4' title="bbox 90 691 1361 775">
     <span class='ocr_line' id='line_1_4' title="bbox 90 691 1361 775; baseline 0.003 -29"><span class='ocrx_word' id='word_1_23' title='bbox 90 693 274 762; x_wconf 79' lang='lat' dir='ltr'>»Voprosy</span> <span class='ocrx_word' id='word_1_24' title='bbox 288 691 379 748; x_wconf 73' lang='lat' dir='ltr'>iiznh</span> <span class='ocrx_word' id='word_1_25' title='bbox 402 693 622 760; x_wconf 81' lang='lat' dir='ltr'>(Quaestiones</span> <span class='ocrx_word' id='word_1_26' title='bbox 634 693 726 756; x_wconf 87' lang='lat' dir='ltr'>vitae)</span> <span class='ocrx_word' id='word_1_27' title='bbox 741 699 879 760; x_wconf 90' lang='lat' dir='ltr'>vocatur,</span> <span class='ocrx_word' id='word_1_28' title='bbox 899 694 1005 775; x_wconf 81' lang='lat' dir='ltr'>inquo</span> <span class='ocrx_word' id='word_1_29' title='bbox 1018 710 1081 749; x_wconf 93' lang='lat' dir='ltr'>non</span> <span class='ocrx_word' id='word_1_30' title='bbox 1102 695 1202 749; x_wconf 89' lang='lat' dir='ltr'>solum</span> <span class='ocrx_word' id='word_1_31' title='bbox 1219 697 1361 751; x_wconf 90' lang='lat' dir='ltr'>sacerdo·</span> 
     </span>
    </p>

    <p class='ocr_par' dir='ltr' id='par_1_5' title="bbox 86 761 1359 834">
     <span class='ocr_line' id='line_1_5' title="bbox 86 761 1359 834; baseline 0.002 -18"><span class='ocrx_word' id='word_1_32' title='bbox 86 767 147 816; x_wconf 87' lang='lat' dir='ltr'>tes</span> <span class='ocrx_word' id='word_1_33' title='bbox 173 763 235 816; x_wconf 83' lang='lat' dir='ltr'>sed</span> <span class='ocrx_word' id='word_1_34' title='bbox 256 761 348 817; x_wconf 91' lang='lat' dir='ltr'>etiam</span> <span class='ocrx_word' id='word_1_35' title='bbox 369 762 436 817; x_wconf 89' lang='lat' dir='ltr'>laici</span> <span class='ocrx_word' id='word_1_36' title='bbox 455 762 654 832; x_wconf 76' lang='lat' dir='ltr'>quaestiones</span> <span class='ocrx_word' id='word_1_37' title='bbox 675 763 839 832; x_wconf 87' lang='lat' dir='ltr'>religiosas</span> <span class='ocrx_word' id='word_1_38' title='bbox 859 779 895 818; x_wconf 83' lang='lat' dir='ltr'>aa</span> <span class='ocrx_word' id='word_1_39' title='bbox 913 763 1146 834; x_wconf 83' lang='lat' dir='ltr'>philosophicas</span> <span class='ocrx_word' id='word_1_40' title='bbox 1158 772 1359 833; x_wconf 83' lang='lat' dir='ltr'>pertractant.</span> 
     </span>
    </p>

    <p class='ocr_par' dir='ltr' id='par_1_6' title="bbox 91 831 1360 968">
     <span class='ocr_line' id='line_1_6' title="bbox 91 831 1360 968; baseline 0.004 -84"><span class='ocrx_word' id='word_1_41' title='bbox 91 831 256 968; x_wconf 46' lang='lat' dir='ltr'>&amp;niglue</span> <span class='ocrx_word' id='word_1_42' title='bbox 275 831 314 955; x_wconf 67' lang='lat' dir='ltr'>dle</span> <span class='ocrx_word' id='word_1_43' title='bbox 335 831 623 956; x_wconf 50' lang='lat' dir='ltr'>»liliuilonQig5studiis«</span> <span class='ocrx_word' id='word_1_44' title='bbox 645 831 709 902; x_wconf 88' lang='lat' dir='ltr'>agit</span> <span class='ocrx_word' id='word_1_45' title='bbox 728 847 763 886; x_wconf 86' lang='lat' dir='ltr'>ac</span> <span class='ocrx_word' id='word_1_46' title='bbox 785 833 965 888; x_wconf 75' lang='lat' dir='ltr'>»slavorum</span> <span class='ocrx_word' id='word_1_47' title='bbox 978 833 1098 888; x_wconf 77' lang='lat' dir='ltr'>litteras</span> <span class='ocrx_word' id='word_1_48' title='bbox 1118 834 1224 888; x_wconf 76' lang='lat' dir='ltr'>theol«</span> <span class='ocrx_word' id='word_1_49' title='bbox 1247 835 1360 899; x_wconf 86' lang='lat' dir='ltr'>laudat.</span> 
     </span>
     <span class='ocr_line' id='line_1_7' title="bbox 157 905 512 964; baseline 0.003 -10"><span class='ocrx_word' id='word_1_50' title='bbox 157 942 164 954; x_wconf 95' lang='lat'>.</span> <span class='ocrx_word' id='word_1_51' title='bbox 228 915 267 955; x_wconf 89' lang='lat' dir='ltr'>av</span> <span class='ocrx_word' id='word_1_52' title='bbox 308 909 346 956; x_wconf 92' lang='lat' dir='ltr'>.t</span> <span class='ocrx_word' id='word_1_53' title='bbox 371 943 376 954; x_wconf 95' lang='lat'>.</span> <span class='ocrx_word' id='word_1_54' title='bbox 415 943 420 964; x_wconf 92' lang='lat'>,</span> <span class='ocrx_word' id='word_1_55' title='bbox 494 905 512 964; x_wconf 78' lang='lat' dir='ltr'>t.</span> 
     </span>
    </p>

    <p class='ocr_par' dir='ltr' id='par_1_7' title="bbox 89 970 1359 1441">
     <span class='ocr_line' id='line_1_8' title="bbox 215 970 1358 1041; baseline 0.004 -19"><span class='ocrx_word' id='word_1_56' title='bbox 215 971 251 1025; x_wconf 78' lang='lat' dir='ltr'>A.</span> <span class='ocrx_word' id='word_1_57' title='bbox 273 970 588 1040; x_wconf 76' lang='lat' dir='ltr'>Grsymala-Siedlieclri</span> <span class='ocrx_word' id='word_1_58' title='bbox 608 971 645 1025; x_wconf 88' lang='lat' dir='ltr'>de</span> <span class='ocrx_word' id='word_1_59' title='bbox 666 971 786 1026; x_wconf 82' lang='lat' dir='ltr'>sectis</span> <span class='ocrx_word' id='word_1_60' title='bbox 806 970 963 1041; x_wconf 85' lang='lat' dir='ltr'>religiosis</span> <span class='ocrx_word' id='word_1_61' title='bbox 982 971 1013 1025; x_wconf 94' lang='lat' dir='ltr'>in</span> <span class='ocrx_word' id='word_1_62' title='bbox 1026 971 1140 1026; x_wconf 88' lang='lat' dir='ltr'>Russia</span> <span class='ocrx_word' id='word_1_63' title='bbox 1169 972 1242 1040; x_wconf 67' lang='lat' dir='ltr'>(La,</span> <span class='ocrx_word' id='word_1_64' title='bbox 1263 975 1358 1037; x_wconf 81' lang='lat'>1-18)</span> 
     </span>
     <span class='ocr_line' id='line_1_9' title="bbox 90 1039 1355 1110; baseline 0.002 -17"><span class='ocrx_word' id='word_1_65' title='bbox 90 1045 232 1094; x_wconf 88' lang='lat' dir='ltr'>tractat.</span> <span class='ocrx_word' id='word_1_66' title='bbox 253 1039 338 1104; x_wconf 82' lang='lat' dir='ltr'>Quae</span> <span class='ocrx_word' id='word_1_67' title='bbox 358 1046 458 1095; x_wconf 90' lang='lat' dir='ltr'>sectae</span> <span class='ocrx_word' id='word_1_68' title='bbox 477 1039 622 1094; x_wconf 86' lang='lat' dir='ltr'>ecclesiae</span> <span class='ocrx_word' id='word_1_69' title='bbox 647 1041 840 1095; x_wconf 84' lang='lat' dir='ltr'>orthodoxae</span> <span class='ocrx_word' id='word_1_70' title='bbox 860 1055 1020 1096; x_wconf 91' lang='lat' dir='ltr'>summum</span> <span class='ocrx_word' id='word_1_71' title='bbox 1041 1047 1153 1109; x_wconf 88' lang='lat' dir='ltr'>parant</span> <span class='ocrx_word' id='word_1_72' title='bbox 1172 1040 1355 1110; x_wconf 88' lang='lat' dir='ltr'>periculum,</span> 
     </span>
     <span class='ocr_line' id='line_1_10' title="bbox 89 1108 1359 1190; baseline 0.003 -28"><span class='ocrx_word' id='word_1_73' title='bbox 89 1109 180 1178; x_wconf 87' lang='lat' dir='ltr'>quia</span> <span class='ocrx_word' id='word_1_74' title='bbox 213 1108 365 1178; x_wconf 90' lang='lat' dir='ltr'>populum</span> <span class='ocrx_word' id='word_1_75' title='bbox 389 1109 555 1164; x_wconf 86' lang='lat' dir='ltr'>Russicum</span> <span class='ocrx_word' id='word_1_76' title='bbox 584 1109 623 1163; x_wconf 92' lang='lat' dir='ltr'>ad</span> <span class='ocrx_word' id='word_1_77' title='bbox 643 1109 861 1164; x_wconf 88' lang='lat' dir='ltr'>deliberandas</span> <span class='ocrx_word' id='word_1_78' title='bbox 881 1110 1081 1190; x_wconf 87' lang='lat' dir='ltr'>quaestiones</span> <span class='ocrx_word' id='word_1_79' title='bbox 1107 1109 1270 1180; x_wconf 88' lang='lat' dir='ltr'>religiosas</span> <span class='ocrx_word' id='word_1_80' title='bbox 1289 1127 1359 1180; x_wconf 88' lang='lat' dir='ltr'>pro·</span> 
     </span>
     <span class='ocr_line' id='line_1_11' title="bbox 94 1177 1356 1249; baseline 0.002 -17"><span class='ocrx_word' id='word_1_81' title='bbox 94 1193 246 1246; x_wconf 88' lang='lat' dir='ltr'>pensum</span> <span class='ocrx_word' id='word_1_82' title='bbox 276 1177 367 1232; x_wconf 85' lang='lat' dir='ltr'>valde</span> <span class='ocrx_word' id='word_1_83' title='bbox 395 1178 539 1244; x_wconf 85' lang='lat' dir='ltr'>alliciunt,</span> <span class='ocrx_word' id='word_1_84' title='bbox 568 1193 638 1233; x_wconf 89' lang='lat' dir='ltr'>cum</span> <span class='ocrx_word' id='word_1_85' title='bbox 668 1179 795 1233; x_wconf 85' lang='lat' dir='ltr'>ecclesia</span> <span class='ocrx_word' id='word_1_86' title='bbox 824 1178 998 1232; x_wconf 71' lang='lat' dir='ltr'>»officialis«</span> <span class='ocrx_word' id='word_1_87' title='bbox 1029 1193 1157 1235; x_wconf 90' lang='lat' dir='ltr'>sensum</span> <span class='ocrx_word' id='word_1_88' title='bbox 1188 1181 1356 1249; x_wconf 88' lang='lat' dir='ltr'>mysticum</span> 
     </span>
     <span class='ocr_line' id='line_1_12' title="bbox 94 1247 1353 1316; baseline 0.002 -15"><span class='ocrx_word' id='word_1_89' title='bbox 94 1247 294 1304; x_wconf 69' lang='lat' dir='ltr'>neclexerit.</span> <span class='ocrx_word' id='word_1_90' title='bbox 312 1247 400 1301; x_wconf 90' lang='lat' dir='ltr'>Idem</span> <span class='ocrx_word' id='word_1_91' title='bbox 418 1247 553 1316; x_wconf 85' lang='lat' dir='ltr'>scriptor</span> <span class='ocrx_word' id='word_1_92' title='bbox 571 1248 602 1304; x_wconf 92' lang='lat' dir='ltr'>in</span> <span class='ocrx_word' id='word_1_93' title='bbox 622 1248 752 1302; x_wconf 90' lang='lat' dir='ltr'>articulo</span> <span class='ocrx_word' id='word_1_94' title='bbox 774 1248 934 1302; x_wconf 82' lang='lat' dir='ltr'>»Klasztor</span> <span class='ocrx_word' id='word_1_95' title='bbox 948 1247 1113 1303; x_wconf 86' lang='lat' dir='ltr'>Suzdalski</span> <span class='ocrx_word' id='word_1_96' title='bbox 1133 1250 1141 1302; x_wconf 93' lang='lat' dir='ltr'>i</span> <span class='ocrx_word' id='word_1_97' title='bbox 1157 1249 1353 1304; x_wconf 72' lang='lat' dir='ltr'>Solowieckh</span> 
     </span>
     <span class='ocr_line' id='line_1_13' title="bbox 94 1291 1356 1441; baseline 0.002 -71"><span class='ocrx_word' id='word_1_98' title='bbox 94 1291 164 1440; x_wconf 44' lang='lat' dir='ltr'>{ilfi</span> <span class='ocrx_word' id='word_1_99' title='bbox 185 1320 214 1398; x_wconf 67' lang='lat'>1,</span> <span class='ocrx_word' id='word_1_100' title='bbox 219 1319 328 1441; x_wconf 28' lang='lat' dir='ltr'>bil-22)</span> <span class='ocrx_word' id='word_1_101' title='bbox 348 1317 411 1371; x_wconf 90' lang='lat' dir='ltr'>duo</span> <span class='ocrx_word' id='word_1_102' title='bbox 432 1319 621 1372; x_wconf 86' lang='lat' dir='ltr'>monasteria</span> <span class='ocrx_word' id='word_1_103' title='bbox 640 1317 845 1372; x_wconf 89' lang='lat' dir='ltr'>Russicorum</span> <span class='ocrx_word' id='word_1_104' title='bbox 871 1317 1135 1386; x_wconf 83' lang='lat' dir='ltr'>palaeodoxcrum</span> <span class='ocrx_word' id='word_1_105' title='bbox 1156 1318 1356 1387; x_wconf 80' lang='lat' dir='ltr'>(staroverci)</span> 
     </span>
    </p>

    <p class='ocr_par' dir='ltr' id='par_1_8' title="bbox 97 1399 1360 2645">
     <span class='ocr_line' id='line_1_14' title="bbox 125 1399 1356 1538; baseline 0.001 -28"><span class='ocrx_word' id='word_1_106' title='bbox 125 1399 480 1538; x_wconf 29' lang='lat' dir='ltr'>eser-ianbrbanhunus</span> <span class='ocrx_word' id='word_1_107' title='bbox 505 1470 543 1510; x_wconf 86' lang='lat' dir='ltr'>ex</span> <span class='ocrx_word' id='word_1_108' title='bbox 563 1454 773 1535; x_wconf 84' lang='lat' dir='ltr'>dirigentibus</span> <span class='ocrx_word' id='word_1_109' title='bbox 798 1461 999 1536; x_wconf 82' lang='lat' dir='ltr'>conspectum</span> <span class='ocrx_word' id='word_1_110' title='bbox 1020 1462 1172 1535; x_wconf 79' lang='lat' dir='ltr'>nostruin,</span> <span class='ocrx_word' id='word_1_111' title='bbox 1197 1456 1356 1526; x_wconf 86' lang='lat' dir='ltr'>praeclare</span> 
     </span>
     <span class='ocr_line' id='line_1_15' title="bbox 100 1524 1359 1665; baseline 0 -16"><span class='ocrx_word' id='word_1_112' title='bbox 100 1529 223 1649; x_wconf 68' lang='lat' dir='ltr'>titt?</span> <span class='ocrx_word' id='word_1_113' title='bbox 245 1525 559 1660; x_wconf 62' lang='lat' dir='ltr'>⁰&lt;l1⁰‚¹i?¹h2⁰.‘.1l¹h²</span> <span class='ocrx_word' id='word_1_114' title='bbox 568 1525 712 1662; x_wconf 63' lang='lat' dir='ltr'>litant</span> <span class='ocrx_word' id='word_1_115' title='bbox 734 1525 925 1648; x_wconf 55' lang='lat' dir='ltr'>{lilith</span> <span class='ocrx_word' id='word_1_116' title='bbox 943 1524 1359 1665; x_wconf 58' lang='lat' dir='ltr'>ttritttdtfththt</span> 
     </span>
     <span class='ocr_line' id='line_1_16' title="bbox 97 1662 1358 1734; baseline 0.001 -17"><span class='ocrx_word' id='word_1_117' title='bbox 97 1665 310 1734; x_wconf 71' lang='lat' dir='ltr'>(talo-1848»</span> <span class='ocrx_word' id='word_1_118' title='bbox 332 1663 426 1718; x_wconf 89' lang='lat' dir='ltr'>Russi</span> <span class='ocrx_word' id='word_1_119' title='bbox 446 1663 604 1730; x_wconf 83' lang='lat' dir='ltr'>athelstae,</span> <span class='ocrx_word' id='word_1_120' title='bbox 630 1664 801 1718; x_wconf 87' lang='lat' dir='ltr'>seeundum</span> <span class='ocrx_word' id='word_1_121' title='bbox 824 1662 1025 1733; x_wconf 84' lang='lat' dir='ltr'>Dostoevskij</span> <span class='ocrx_word' id='word_1_122' title='bbox 1046 1669 1150 1718; x_wconf 89' lang='lat' dir='ltr'>autem</span> <span class='ocrx_word' id='word_1_123' title='bbox 1171 1663 1255 1718; x_wconf 89' lang='lat' dir='ltr'>natio</span> <span class='ocrx_word' id='word_1_124' title='bbox 1275 1665 1358 1718; x_wconf 90' lang='lat' dir='ltr'>theo·</span> 
     </span>
     <span class='ocr_line' id='line_1_17' title="bbox 129 1732 1359 1801; baseline 0 -14"><span class='ocrx_word' id='word_1_125' title='bbox 129 1733 242 1787; x_wconf 87' lang='lat' dir='ltr'>horica</span> <span class='ocrx_word' id='word_1_126' title='bbox 269 1739 342 1787; x_wconf 91' lang='lat' dir='ltr'>sunt</span> <span class='ocrx_word' id='word_1_127' title='bbox 367 1748 401 1786; x_wconf 89' lang='lat' dir='ltr'>ac</span> <span class='ocrx_word' id='word_1_128' title='bbox 427 1739 490 1787; x_wconf 92' lang='lat' dir='ltr'>tota</span> <span class='ocrx_word' id='word_1_129' title='bbox 518 1732 796 1801; x_wconf 61' lang='lat' dir='ltr'>›slavophilorumz</span> <span class='ocrx_word' id='word_1_130' title='bbox 825 1733 930 1787; x_wconf 88' lang='lat' dir='ltr'>schola</span> <span class='ocrx_word' id='word_1_131' title='bbox 957 1738 1096 1787; x_wconf 84' lang='lat' dir='ltr'>»sanctae</span> <span class='ocrx_word' id='word_1_132' title='bbox 1117 1732 1263 1787; x_wconf 86' lang='lat' dir='ltr'>Russiae‹</span> <span class='ocrx_word' id='word_1_133' title='bbox 1286 1734 1359 1788; x_wconf 91' lang='lat' dir='ltr'>sub·</span> 
     </span>
     <span class='ocr_line' id='line_1_18' title="bbox 103 1749 1358 1882; baseline 0 -26"><span class='ocrx_word' id='word_1_134' title='bbox 103 1749 217 1856; x_wconf 66' lang='lat' dir='ltr'>finem</span> <span class='ocrx_word' id='word_1_135' title='bbox 233 1803 333 1858; x_wconf 88' lang='lat' dir='ltr'>locum</span> <span class='ocrx_word' id='word_1_136' title='bbox 349 1802 529 1882; x_wconf 84' lang='lat' dir='ltr'>religiosum</span> <span class='ocrx_word' id='word_1_137' title='bbox 544 1801 626 1856; x_wconf 91' lang='lat' dir='ltr'>inter</span> <span class='ocrx_word' id='word_1_138' title='bbox 636 1807 754 1856; x_wconf 89' lang='lat' dir='ltr'>ceteras</span> <span class='ocrx_word' id='word_1_139' title='bbox 768 1801 911 1856; x_wconf 87' lang='lat' dir='ltr'>nationes</span> <span class='ocrx_word' id='word_1_140' title='bbox 924 1801 1042 1856; x_wconf 88' lang='lat' dir='ltr'>tribuit.</span> <span class='ocrx_word' id='word_1_141' title='bbox 1062 1802 1148 1865; x_wconf 85' lang='lat' dir='ltr'>Quae</span> <span class='ocrx_word' id='word_1_142' title='bbox 1161 1802 1358 1857; x_wconf 85' lang='lat' dir='ltr'>extrinsecus</span> 
     </span>
     <span class='ocr_line' id='line_1_19' title="bbox 104 1871 1357 1940; baseline 0 -14"><span class='ocrx_word' id='word_1_143' title='bbox 104 1872 224 1926; x_wconf 87' lang='lat' dir='ltr'>saltem</span> <span class='ocrx_word' id='word_1_144' title='bbox 251 1871 378 1926; x_wconf 91' lang='lat' dir='ltr'>omnino</span> <span class='ocrx_word' id='word_1_145' title='bbox 406 1877 488 1925; x_wconf 83' lang='lat' dir='ltr'>inter</span> <span class='ocrx_word' id='word_1_146' title='bbox 513 1887 546 1926; x_wconf 89' lang='lat' dir='ltr'>se</span> <span class='ocrx_word' id='word_1_147' title='bbox 571 1871 727 1926; x_wconf 90' lang='lat' dir='ltr'>contraria</span> <span class='ocrx_word' id='word_1_148' title='bbox 754 1871 868 1927; x_wconf 85' lang='lat' dir='ltr'>iudicia</span> <span class='ocrx_word' id='word_1_149' title='bbox 891 1871 922 1925; x_wconf 87' lang='lat' dir='ltr'>U.</span> <span class='ocrx_word' id='word_1_150' title='bbox 947 1871 1052 1940; x_wconf 89' lang='lat' dir='ltr'>aliquo</span> <span class='ocrx_word' id='word_1_151' title='bbox 1082 1871 1175 1926; x_wconf 90' lang='lat' dir='ltr'>modo</span> <span class='ocrx_word' id='word_1_152' title='bbox 1200 1871 1357 1927; x_wconf 86' lang='lat' dir='ltr'>conciliari</span> 
     </span>
     <span class='ocr_line' id='line_1_20' title="bbox 106 1939 1358 2010; baseline 0.002 -16"><span class='ocrx_word' id='word_1_153' title='bbox 106 1957 207 2010; x_wconf 89' lang='lat' dir='ltr'>posse</span> <span class='ocrx_word' id='word_1_154' title='bbox 228 1941 350 1996; x_wconf 90' lang='lat' dir='ltr'>iudicat.</span> <span class='ocrx_word' id='word_1_155' title='bbox 372 1940 528 2010; x_wconf 88' lang='lat' dir='ltr'>Religiosa</span> <span class='ocrx_word' id='word_1_156' title='bbox 541 1939 661 1995; x_wconf 87' lang='lat' dir='ltr'>indoles</span> <span class='ocrx_word' id='word_1_157' title='bbox 681 1947 810 1996; x_wconf 89' lang='lat' dir='ltr'>naturae</span> <span class='ocrx_word' id='word_1_158' title='bbox 824 1940 975 1995; x_wconf 88' lang='lat' dir='ltr'>Russicae</span> <span class='ocrx_word' id='word_1_159' title='bbox 987 1939 1078 2010; x_wconf 91' lang='lat' dir='ltr'>quasi</span> <span class='ocrx_word' id='word_1_160' title='bbox 1095 1941 1201 1995; x_wconf 90' lang='lat' dir='ltr'>innata</span> <span class='ocrx_word' id='word_1_161' title='bbox 1220 1947 1275 2007; x_wconf 86' lang='lat' dir='ltr'>est,</span> <span class='ocrx_word' id='word_1_162' title='bbox 1295 1957 1358 2010; x_wconf 89' lang='lat' dir='ltr'>qua</span> 
     </span>
     <span class='ocr_line' id='line_1_21' title="bbox 106 2009 1357 2080; baseline 0 -16"><span class='ocrx_word' id='word_1_163' title='bbox 106 2011 140 2065; x_wconf 93' lang='lat' dir='ltr'>in</span> <span class='ocrx_word' id='word_1_164' title='bbox 169 2027 204 2065; x_wconf 87' lang='lat' dir='ltr'>re</span> <span class='ocrx_word' id='word_1_165' title='bbox 229 2010 428 2080; x_wconf 85' lang='lat' dir='ltr'>Dostoevskij</span> <span class='ocrx_word' id='word_1_166' title='bbox 455 2025 565 2064; x_wconf 86' lang='lat' dir='ltr'>verum</span> <span class='ocrx_word' id='word_1_167' title='bbox 591 2009 680 2076; x_wconf 73' lang='lat' dir='ltr'>dicit,</span> <span class='ocrx_word' id='word_1_168' title='bbox 707 2017 810 2065; x_wconf 89' lang='lat' dir='ltr'>tamen</span> <span class='ocrx_word' id='word_1_169' title='bbox 834 2011 916 2064; x_wconf 88' lang='lat' dir='ltr'>clara</span> <span class='ocrx_word' id='word_1_170' title='bbox 942 2010 996 2064; x_wconf 91' lang='lat' dir='ltr'>Dei</span> <span class='ocrx_word' id='word_1_171' title='bbox 1022 2017 1052 2064; x_wconf 91' lang='lat' dir='ltr'>et</span> <span class='ocrx_word' id='word_1_172' title='bbox 1077 2025 1170 2064; x_wconf 84' lang='lat' dir='ltr'>verae</span> <span class='ocrx_word' id='word_1_173' title='bbox 1196 2009 1357 2080; x_wconf 87' lang='lat' dir='ltr'>religionis</span> 
     </span>
     <span class='ocr_line' id='line_1_22' title="bbox 106 2077 1357 2148; baseline 0 -14"><span class='ocrx_word' id='word_1_174' title='bbox 106 2081 206 2147; x_wconf 86' lang='lat' dir='ltr'>notio,</span> <span class='ocrx_word' id='word_1_175' title='bbox 226 2081 308 2134; x_wconf 86' lang='lat' dir='ltr'>clara</span> <span class='ocrx_word' id='word_1_176' title='bbox 329 2080 491 2148; x_wconf 87' lang='lat' dir='ltr'>persuasio</span> <span class='ocrx_word' id='word_1_177' title='bbox 510 2079 679 2134; x_wconf 85' lang='lat' dir='ltr'>christiana</span> <span class='ocrx_word' id='word_1_178' title='bbox 698 2079 785 2134; x_wconf 89' lang='lat' dir='ltr'>deest</span> <span class='ocrx_word' id='word_1_179' title='bbox 823 2078 1085 2135; x_wconf 76' lang='lat' dir='ltr'>christianismus</span> <span class='ocrx_word' id='word_1_180' title='bbox 1104 2078 1136 2133; x_wconf 95' lang='lat' dir='ltr'>in</span> <span class='ocrx_word' id='word_1_181' title='bbox 1156 2077 1303 2134; x_wconf 89' lang='lat' dir='ltr'>Russiam</span> <span class='ocrx_word' id='word_1_182' title='bbox 1324 2079 1357 2134; x_wconf 92' lang='lat' dir='ltr'>in</span> 
     </span>
     <span class='ocr_line' id='line_1_23' title="bbox 107 2147 1359 2219; baseline -0.002 -15"><span class='ocrx_word' id='word_1_183' title='bbox 107 2152 218 2204; x_wconf 83' lang='lat' dir='ltr'>forma</span> <span class='ocrx_word' id='word_1_184' title='bbox 238 2149 458 2219; x_wconf 85' lang='lat' dir='ltr'>byzantinismi</span> <span class='ocrx_word' id='word_1_185' title='bbox 480 2148 630 2217; x_wconf 88' lang='lat' dir='ltr'>pervenit,</span> <span class='ocrx_word' id='word_1_186' title='bbox 650 2150 702 2218; x_wconf 93' lang='lat' dir='ltr'>qui</span> <span class='ocrx_word' id='word_1_187' title='bbox 723 2149 824 2204; x_wconf 90' lang='lat' dir='ltr'>solum</span> <span class='ocrx_word' id='word_1_188' title='bbox 840 2149 999 2218; x_wconf 84' lang='lat' dir='ltr'>liturgiam</span> <span class='ocrx_word' id='word_1_189' title='bbox 1020 2148 1131 2214; x_wconf 86' lang='lat' dir='ltr'>attulit,</span> <span class='ocrx_word' id='word_1_190' title='bbox 1147 2147 1270 2202; x_wconf 89' lang='lat' dir='ltr'>animos</span> <span class='ocrx_word' id='word_1_191' title='bbox 1288 2149 1359 2203; x_wconf 88' lang='lat' dir='ltr'>doc·</span> 
     </span>
     <span class='ocr_line' id='line_1_24' title="bbox 108 2217 1357 2284; baseline -0.001 -10"><span class='ocrx_word' id='word_1_192' title='bbox 108 2220 195 2275; x_wconf 90' lang='lat' dir='ltr'>trina</span> <span class='ocrx_word' id='word_1_193' title='bbox 216 2218 351 2274; x_wconf 87' lang='lat' dir='ltr'>revelata</span> <span class='ocrx_word' id='word_1_194' title='bbox 370 2234 432 2273; x_wconf 91' lang='lat' dir='ltr'>non</span> <span class='ocrx_word' id='word_1_195' title='bbox 450 2217 570 2272; x_wconf 87' lang='lat' dir='ltr'>imbuit.</span> <span class='ocrx_word' id='word_1_196' title='bbox 591 2217 680 2274; x_wconf 91' lang='lat' dir='ltr'>Unde</span> <span class='ocrx_word' id='word_1_197' title='bbox 693 2219 809 2273; x_wconf 88' lang='lat' dir='ltr'>lactum</span> <span class='ocrx_word' id='word_1_198' title='bbox 829 2223 886 2284; x_wconf 89' lang='lat' dir='ltr'>est,</span> <span class='ocrx_word' id='word_1_199' title='bbox 905 2224 940 2272; x_wconf 92' lang='lat' dir='ltr'>ut</span> <span class='ocrx_word' id='word_1_200' title='bbox 952 2217 1058 2272; x_wconf 87' lang='lat' dir='ltr'>icones</span> <span class='ocrx_word' id='word_1_201' title='bbox 1076 2218 1185 2272; x_wconf 88' lang='lat' dir='ltr'>eodem</span> <span class='ocrx_word' id='word_1_202' title='bbox 1205 2217 1271 2272; x_wconf 87' lang='lat' dir='ltr'>iere</span> <span class='ocrx_word' id='word_1_203' title='bbox 1290 2218 1357 2273; x_wconf 88' lang='lat' dir='ltr'>loco</span> 
     </span>
     <span class='ocr_line' id='line_1_25' title="bbox 109 2286 1358 2412; baseline -0.001 -69"><span class='ocrx_word' id='word_1_204' title='bbox 109 2290 176 2343; x_wconf 88' lang='lat' dir='ltr'>sint</span> <span class='ocrx_word' id='word_1_205' title='bbox 196 2294 289 2358; x_wconf 89' lang='lat' dir='ltr'>atque</span> <span class='ocrx_word' id='word_1_206' title='bbox 303 2288 385 2342; x_wconf 88' lang='lat' dir='ltr'>idola</span> <span class='ocrx_word' id='word_1_207' title='bbox 404 2303 606 2358; x_wconf 78' lang='lat' dir='ltr'>paganorum,</span> <span class='ocrx_word' id='word_1_208' title='bbox 626 2293 656 2344; x_wconf 89' lang='lat' dir='ltr'>et</span> <span class='ocrx_word' id='word_1_209' title='bbox 669 2287 831 2342; x_wconf 84' lang='lat' dir='ltr'>Trinitatis</span> <span class='ocrx_word' id='word_1_210' title='bbox 845 2287 914 2342; x_wconf 88' lang='lat' dir='ltr'>voci</span> <span class='ocrx_word' id='word_1_211' title='bbox 934 2293 1011 2341; x_wconf 88' lang='lat' dir='ltr'>teste</span> <span class='ocrx_word' id='word_1_212' title='bbox 1032 2286 1065 2340; x_wconf 92' lang='lat' dir='ltr'>L.</span> <span class='ocrx_word' id='word_1_213' title='bbox 1085 2286 1210 2412; x_wconf 38' lang='lat' dir='ltr'>Toleto&amp;</span> <span class='ocrx_word' id='word_1_214' title='bbox 1226 2286 1358 2358; x_wconf 87' lang='lat' dir='ltr'>aliisque</span> 
     </span>
     <span class='ocr_line' id='line_1_26' title="bbox 109 2355 1359 2427; baseline -0.001 -15"><span class='ocrx_word' id='word_1_215' title='bbox 109 2375 128 2412; x_wconf 85' lang='lat' dir='ltr'>a</span> <span class='ocrx_word' id='word_1_216' title='bbox 159 2358 256 2427; x_wconf 85' lang='lat' dir='ltr'>vulgo</span> <span class='ocrx_word' id='word_1_217' title='bbox 286 2373 399 2411; x_wconf 88' lang='lat' dir='ltr'>sensus</span> <span class='ocrx_word' id='word_1_218' title='bbox 425 2357 597 2412; x_wconf 85' lang='lat' dir='ltr'>subiciatur</span> <span class='ocrx_word' id='word_1_219' title='bbox 625 2363 689 2412; x_wconf 87' lang='lat' dir='ltr'>tres</span> <span class='ocrx_word' id='word_1_220' title='bbox 717 2373 787 2412; x_wconf 89' lang='lat' dir='ltr'>esse</span> <span class='ocrx_word' id='word_1_221' title='bbox 815 2364 966 2426; x_wconf 87' lang='lat' dir='ltr'>patronos</span> <span class='ocrx_word' id='word_1_222' title='bbox 995 2355 1157 2411; x_wconf 90' lang='lat' dir='ltr'>homiuum</span> <span class='ocrx_word' id='word_1_223' title='bbox 1214 2356 1359 2424; x_wconf 90' lang='lat' dir='ltr'>hristum,</span> 
     </span>
     <span class='ocr_line' id='line_1_27' title="bbox 114 2425 1359 2549; baseline -0.002 -67"><span class='ocrx_word' id='word_1_224' title='bbox 114 2427 255 2494; x_wconf 81' lang='lat' dir='ltr'>Mariam,</span> <span class='ocrx_word' id='word_1_225' title='bbox 270 2427 298 2480; x_wconf 80' lang='lat' dir='ltr'>S.</span> <span class='ocrx_word' id='word_1_226' title='bbox 309 2426 478 2482; x_wconf 77' lang='lat' dir='ltr'>Nicolaum.</span> <span class='ocrx_word' id='word_1_227' title='bbox 499 2425 626 2490; x_wconf 86' lang='lat' dir='ltr'>Ieiunio,</span> <span class='ocrx_word' id='word_1_228' title='bbox 641 2441 665 2482; x_wconf 89' lang='lat' dir='ltr'>s.</span> <span class='ocrx_word' id='word_1_229' title='bbox 682 2426 794 2480; x_wconf 89' lang='lat' dir='ltr'>missae</span> <span class='ocrx_word' id='word_1_230' title='bbox 809 2426 962 2480; x_wconf 81' lang='lat' dir='ltr'>sacrificio</span> <span class='ocrx_word' id='word_1_231' title='bbox 976 2431 1005 2479; x_wconf 86' lang='lat' dir='ltr'>et</span> <span class='ocrx_word' id='word_1_232' title='bbox 1020 2425 1223 2480; x_wconf 87' lang='lat' dir='ltr'>sacramentis</span> <span class='ocrx_word' id='word_1_233' title='bbox 1239 2426 1359 2549; x_wconf 42' lang='lat' dir='ltr'>magica</span> 
     </span>
     <span class='ocr_line' id='line_1_28' title="bbox 110 2495 1357 2567; baseline -0.002 -15"><span class='ocrx_word' id='word_1_234' title='bbox 110 2497 268 2567; x_wconf 85' lang='lat' dir='ltr'>quaedam</span> <span class='ocrx_word' id='word_1_235' title='bbox 284 2495 331 2550; x_wconf 86' lang='lat' dir='ltr'>vis</span> <span class='ocrx_word' id='word_1_236' title='bbox 347 2495 503 2550; x_wconf 91' lang='lat' dir='ltr'>tribuitur.</span> <span class='ocrx_word' id='word_1_237' title='bbox 525 2495 618 2550; x_wconf 88' lang='lat' dir='ltr'>Plebs</span> <span class='ocrx_word' id='word_1_238' title='bbox 631 2495 761 2550; x_wconf 84' lang='lat' dir='ltr'>Russica</span> <span class='ocrx_word' id='word_1_239' title='bbox 774 2495 895 2550; x_wconf 89' lang='lat' dir='ltr'>litterae</span> <span class='ocrx_word' id='word_1_240' title='bbox 908 2495 1057 2559; x_wconf 87' lang='lat' dir='ltr'>adhaesit,</span> <span class='ocrx_word' id='word_1_241' title='bbox 1072 2495 1156 2550; x_wconf 90' lang='lat' dir='ltr'>unde</span> <span class='ocrx_word' id='word_1_242' title='bbox 1169 2510 1247 2550; x_wconf 88' lang='lat' dir='ltr'>saec.</span> <span class='ocrx_word' id='word_1_243' title='bbox 1260 2496 1287 2550; x_wconf 88' lang='lat' dir='ltr'>X</span> <span class='ocrx_word' id='word_1_244' title='bbox 1316 2496 1357 2550; x_wconf 95' lang='lat' dir='ltr'>II.</span> 
     </span>
     <span class='ocr_line' id='line_1_29' title="bbox 114 2563 1360 2645; baseline -0.001 -24"><span class='ocrx_word' id='word_1_245' title='bbox 114 2582 263 2636; x_wconf 86' lang='lat' dir='ltr'>magnum</span> <span class='ocrx_word' id='word_1_246' title='bbox 292 2565 367 2619; x_wconf 92' lang='lat' dir='ltr'>illud</span> <span class='ocrx_word' id='word_1_247' title='bbox 397 2565 644 2620; x_wconf 82' lang='lat' dir='ltr'>veteroiidelium</span> <span class='ocrx_word' id='word_1_248' title='bbox 675 2565 811 2619; x_wconf 87' lang='lat' dir='ltr'>schisma</span> <span class='ocrx_word' id='word_1_249' title='bbox 839 2565 915 2618; x_wconf 90' lang='lat' dir='ltr'>oriri</span> <span class='ocrx_word' id='word_1_250' title='bbox 966 2563 1053 2630; x_wconf 88' lang='lat' dir='ltr'>otuit,</span> <span class='ocrx_word' id='word_1_251' title='bbox 1083 2569 1214 2645; x_wconf 84' lang='lat' dir='ltr'>propter</span> <span class='ocrx_word' id='word_1_252' title='bbox 1241 2565 1360 2645; x_wconf 88' lang='lat' dir='ltr'>aliquot</span> 
     </span>
    </p>
   </div>
   <div class='ocr_carea' id='block_1_3' title="bbox 112 2580 1359 2714">
    <p class='ocr_par' dir='ltr' id='par_1_9' title="bbox 112 2580 1359 2714">
     <span class='ocr_line' id='line_1_30' title="bbox 112 2580 1359 2714; baseline -0.001 -24"><span class='ocrx_word' id='word_1_253' title='bbox 112 2637 233 2690; x_wconf 87' lang='lat' dir='ltr'>litteras</span> <span class='ocrx_word' id='word_1_254' title='bbox 247 2641 277 2689; x_wconf 93' lang='lat' dir='ltr'>et</span> <span class='ocrx_word' id='word_1_255' title='bbox 291 2634 419 2690; x_wconf 88' lang='lat' dir='ltr'>modum</span> <span class='ocrx_word' id='word_1_256' title='bbox 434 2633 549 2704; x_wconf 86' lang='lat' dir='ltr'>digitos</span> <span class='ocrx_word' id='word_1_257' title='bbox 565 2633 781 2714; x_wconf 85' lang='lat' dir='ltr'>componendi.</span> <span class='ocrx_word' id='word_1_258' title='bbox 802 2634 915 2688; x_wconf 87' lang='lat' dir='ltr'>Preces</span> <span class='ocrx_word' id='word_1_259' title='bbox 928 2580 1029 2702; x_wconf 52' lang='lat' dir='ltr'>piebis</span> <span class='ocrx_word' id='word_1_260' title='bbox 1041 2633 1191 2688; x_wconf 82' lang='lat' dir='ltr'>Russicae</span> <span class='ocrx_word' id='word_1_261' title='bbox 1210 2634 1359 2703; x_wconf 82' lang='lat' dir='ltr'>physicae</span> 
     </span>
    </p>
   </div>
   <div class='ocr_carea' id='block_1_4' title="bbox 114 2702 1363 4716">
    <p class='ocr_par' dir='ltr' id='par_1_10' title="bbox 114 2702 1359 3247">
     <span class='ocr_line' id='line_1_31' title="bbox 114 2702 1359 2773; baseline -0.002 -13"><span class='ocrx_word' id='word_1_262' title='bbox 114 2713 190 2760; x_wconf 86' lang='lat' dir='ltr'>sunt</span> <span class='ocrx_word' id='word_1_263' title='bbox 209 2733 242 2743; x_wconf 94' lang='lat'>-</span> <span class='ocrx_word' id='word_1_264' title='bbox 270 2705 311 2759; x_wconf 78' lang='lat' dir='ltr'>»le</span> <span class='ocrx_word' id='word_1_265' title='bbox 332 2703 451 2771; x_wconf 80' lang='lat' dir='ltr'>rnoujik</span> <span class='ocrx_word' id='word_1_266' title='bbox 470 2717 562 2758; x_wconf 81' lang='lat' dir='ltr'>russo</span> <span class='ocrx_word' id='word_1_267' title='bbox 582 2719 648 2773; x_wconf 87' lang='lat' dir='ltr'>pne</span> <span class='ocrx_word' id='word_1_268' title='bbox 667 2719 742 2758; x_wconf 86' lang='lat' dir='ltr'>avec</span> <span class='ocrx_word' id='word_1_269' title='bbox 762 2713 832 2758; x_wconf 87' lang='lat' dir='ltr'>tous</span> <span class='ocrx_word' id='word_1_270' title='bbox 853 2717 904 2757; x_wconf 87' lang='lat' dir='ltr'>ses</span> <span class='ocrx_word' id='word_1_271' title='bbox 925 2702 1098 2756; x_wconf 78' lang='lat' dir='ltr'>membres«</span> <span class='ocrx_word' id='word_1_272' title='bbox 1127 2702 1242 2772; x_wconf 87' lang='lat' dir='ltr'>(Leroy</span> <span class='ocrx_word' id='word_1_273' title='bbox 1264 2703 1359 2757; x_wconf 90' lang='lat' dir='ltr'>Beau·</span> 
     </span>
     <span class='ocr_line' id='line_1_32' title="bbox 115 2771 1357 2852; baseline -0.003 -23"><span class='ocrx_word' id='word_1_274' title='bbox 115 2775 198 2844; x_wconf 82' lang='lat' dir='ltr'>lieu).</span> <span class='ocrx_word' id='word_1_275' title='bbox 226 2774 347 2828; x_wconf 86' lang='lat' dir='ltr'>Russus</span> <span class='ocrx_word' id='word_1_276' title='bbox 367 2771 465 2843; x_wconf 93' lang='lat' dir='ltr'>igitur</span> <span class='ocrx_word' id='word_1_277' title='bbox 484 2774 543 2827; x_wconf 90' lang='lat' dir='ltr'>sub</span> <span class='ocrx_word' id='word_1_278' title='bbox 562 2772 698 2842; x_wconf 89' lang='lat' dir='ltr'>quodam</span> <span class='ocrx_word' id='word_1_279' title='bbox 720 2777 863 2841; x_wconf 88' lang='lat' dir='ltr'>respectu</span> <span class='ocrx_word' id='word_1_280' title='bbox 884 2771 1074 2852; x_wconf 81' lang='lat' dir='ltr'>polytheista</span> <span class='ocrx_word' id='word_1_281' title='bbox 1092 2787 1127 2826; x_wconf 90' lang='lat' dir='ltr'>ac</span> <span class='ocrx_word' id='word_1_282' title='bbox 1146 2771 1281 2826; x_wconf 75' lang='lat' dir='ltr'>letisista</span> <span class='ocrx_word' id='word_1_283' title='bbox 1299 2778 1357 2838; x_wconf 87' lang='lat' dir='ltr'>est;</span> 
     </span>
     <span class='ocr_line' id='line_1_33' title="bbox 116 2839 1358 2924; baseline -0.002 -25"><span class='ocrx_word' id='word_1_284' title='bbox 116 2850 239 2914; x_wconf 82' lang='lat' dir='ltr'>peccata</span> <span class='ocrx_word' id='word_1_285' title='bbox 252 2842 357 2912; x_wconf 90' lang='lat' dir='ltr'>pietati</span> <span class='ocrx_word' id='word_1_286' title='bbox 376 2858 439 2897; x_wconf 90' lang='lat' dir='ltr'>non</span> <span class='ocrx_word' id='word_1_287' title='bbox 452 2841 624 2908; x_wconf 88' lang='lat' dir='ltr'>adversari,</span> <span class='ocrx_word' id='word_1_288' title='bbox 636 2843 791 2924; x_wconf 86' lang='lat' dir='ltr'>praecepti</span> <span class='ocrx_word' id='word_1_289' title='bbox 805 2840 911 2896; x_wconf 89' lang='lat' dir='ltr'>ieiumi</span> <span class='ocrx_word' id='word_1_290' title='bbox 925 2841 1187 2908; x_wconf 88' lang='lat' dir='ltr'>observationem,</span> <span class='ocrx_word' id='word_1_291' title='bbox 1197 2839 1358 2911; x_wconf 89' lang='lat' dir='ltr'>liturgiam</span> 
     </span>
     <span class='ocr_line' id='line_1_34' title="bbox 115 2909 1359 2982; baseline -0.003 -13"><span class='ocrx_word' id='word_1_292' title='bbox 115 2913 262 2969; x_wconf 80' lang='lat' dir='ltr'>sulficere</span> <span class='ocrx_word' id='word_1_293' title='bbox 287 2917 383 2982; x_wconf 84' lang='lat' dir='ltr'>putat.</span> <span class='ocrx_word' id='word_1_294' title='bbox 413 2911 530 2968; x_wconf 85' lang='lat' dir='ltr'>Classis</span> <span class='ocrx_word' id='word_1_295' title='bbox 555 2912 750 2967; x_wconf 88' lang='lat' dir='ltr'>erud1torum</span> <span class='ocrx_word' id='word_1_296' title='bbox 770 2911 801 2965; x_wconf 93' lang='lat' dir='ltr'>in</span> <span class='ocrx_word' id='word_1_297' title='bbox 823 2909 938 2965; x_wconf 87' lang='lat' dir='ltr'>Russia</span> <span class='ocrx_word' id='word_1_298' title='bbox 957 2909 1107 2978; x_wconf 85' lang='lat' dir='ltr'>religione</span> <span class='ocrx_word' id='word_1_299' title='bbox 1126 2917 1225 2976; x_wconf 87' lang='lat' dir='ltr'>caret;</span> <span class='ocrx_word' id='word_1_300' title='bbox 1254 2910 1359 2980; x_wconf 91' lang='lat' dir='ltr'>potior</span> 
     </span>
     <span class='ocr_line' id='line_1_35' title="bbox 116 2979 1358 3052; baseline -0.003 -14"><span class='ocrx_word' id='word_1_301' title='bbox 116 2998 222 3038; x_wconf 89' lang='lat' dir='ltr'>eorum</span> <span class='ocrx_word' id='word_1_302' title='bbox 248 2997 322 3052; x_wconf 88' lang='lat' dir='ltr'>pars</span> <span class='ocrx_word' id='word_1_303' title='bbox 346 2996 446 3051; x_wconf 89' lang='lat' dir='ltr'>neque</span> <span class='ocrx_word' id='word_1_304' title='bbox 472 2981 718 3036; x_wconf 87' lang='lat' dir='ltr'>catholicismum</span> <span class='ocrx_word' id='word_1_305' title='bbox 745 2995 845 3050; x_wconf 90' lang='lat' dir='ltr'>neque</span> <span class='ocrx_word' id='word_1_306' title='bbox 871 2979 1090 3034; x_wconf 81' lang='lat' dir='ltr'>orthodoxiam</span> <span class='ocrx_word' id='word_1_307' title='bbox 1117 2985 1214 3052; x_wconf 86' lang='lat' dir='ltr'>curat,</span> <span class='ocrx_word' id='word_1_308' title='bbox 1240 2979 1358 3050; x_wconf 88' lang='lat' dir='ltr'>pancis-</span> 
     </span>
     <span class='ocr_line' id='line_1_36' title="bbox 118 3048 1358 3121; baseline -0.002 -14"><span class='ocrx_word' id='word_1_309' title='bbox 118 3053 205 3107; x_wconf 90' lang='lat' dir='ltr'>simis</span> <span class='ocrx_word' id='word_1_310' title='bbox 224 3051 369 3121; x_wconf 85' lang='lat' dir='ltr'>exceptis,</span> <span class='ocrx_word' id='word_1_311' title='bbox 389 3067 412 3104; x_wconf 93' lang='lat' dir='ltr'>e.</span> <span class='ocrx_word' id='word_1_312' title='bbox 433 3067 462 3120; x_wconf 91' lang='lat' dir='ltr'>g.</span> <span class='ocrx_word' id='word_1_313' title='bbox 481 3049 528 3118; x_wconf 87' lang='lat' dir='ltr'>iis,</span> <span class='ocrx_word' id='word_1_314' title='bbox 555 3050 610 3120; x_wconf 93' lang='lat' dir='ltr'>qui</span> <span class='ocrx_word' id='word_1_315' title='bbox 632 3051 790 3120; x_wconf 74' lang='lat' dir='ltr'>»Voprosy</span> <span class='ocrx_word' id='word_1_316' title='bbox 811 3049 903 3104; x_wconf 65' lang='lat' dir='ltr'>aizni«</span> <span class='ocrx_word' id='word_1_317' title='bbox 925 3062 1021 3118; x_wconf 84' lang='lat' dir='ltr'>opera</span> <span class='ocrx_word' id='word_1_318' title='bbox 1040 3063 1097 3103; x_wconf 88' lang='lat' dir='ltr'>sua</span> <span class='ocrx_word' id='word_1_319' title='bbox 1117 3048 1234 3103; x_wconf 89' lang='lat' dir='ltr'>iuvant.</span> <span class='ocrx_word' id='word_1_320' title='bbox 1265 3049 1358 3104; x_wconf 91' lang='lat' dir='ltr'>Plebs</span> 
     </span>
     <span class='ocr_line' id='line_1_37' title="bbox 120 3117 1358 3188; baseline -0.004 -11"><span class='ocrx_word' id='word_1_321' title='bbox 120 3122 248 3177; x_wconf 87' lang='lat' dir='ltr'>Russica</span> <span class='ocrx_word' id='word_1_322' title='bbox 272 3137 333 3175; x_wconf 94' lang='lat' dir='ltr'>non</span> <span class='ocrx_word' id='word_1_323' title='bbox 355 3120 455 3175; x_wconf 87' lang='lat' dir='ltr'>solum</span> <span class='ocrx_word' id='word_1_324' title='bbox 480 3119 639 3188; x_wconf 89' lang='lat' dir='ltr'>liturgiam</span> <span class='ocrx_word' id='word_1_325' title='bbox 670 3120 858 3184; x_wconf 84' lang='lat' dir='ltr'>catholicam,</span> <span class='ocrx_word' id='word_1_326' title='bbox 885 3119 940 3173; x_wconf 90' lang='lat' dir='ltr'>sed</span> <span class='ocrx_word' id='word_1_327' title='bbox 960 3117 1052 3172; x_wconf 89' lang='lat' dir='ltr'>etiam</span> <span class='ocrx_word' id='word_1_328' title='bbox 1072 3132 1227 3187; x_wconf 86' lang='lat' dir='ltr'>paganam</span> <span class='ocrx_word' id='word_1_329' title='bbox 1247 3119 1358 3173; x_wconf 90' lang='lat' dir='ltr'>tolerat</span> 
     </span>
     <span class='ocr_line' id='line_1_38' title="bbox 117 3189 1196 3247; baseline -0.004 -1"><span class='ocrx_word' id='word_1_330' title='bbox 117 3209 153 3247; x_wconf 86' lang='lat' dir='ltr'>ac</span> <span class='ocrx_word' id='word_1_331' title='bbox 172 3190 256 3245; x_wconf 91' lang='lat' dir='ltr'>lacile</span> <span class='ocrx_word' id='word_1_332' title='bbox 276 3190 337 3245; x_wconf 92' lang='lat' dir='ltr'>utri</span> <span class='ocrx_word' id='word_1_333' title='bbox 363 3205 400 3244; x_wconf 90' lang='lat' dir='ltr'>ue</span> <span class='ocrx_word' id='word_1_334' title='bbox 420 3206 453 3244; x_wconf 93' lang='lat' dir='ltr'>se</span> <span class='ocrx_word' id='word_1_335' title='bbox 473 3189 694 3245; x_wconf 80' lang='lat' dir='ltr'>accommodat.</span> <span class='ocrx_word' id='word_1_336' title='bbox 1194 3211 1196 3214; x_wconf 92' lang='lat'>·</span> 
     </span>
    </p>

    <p class='ocr_par' dir='ltr' id='par_1_11' title="bbox 119 3207 1363 3674">
     <span class='ocr_line' id='line_1_39' title="bbox 221 3207 1363 3325; baseline -0.004 -11"><span class='ocrx_word' id='word_1_337' title='bbox 221 3207 403 3315; x_wconf 61' lang='lat' dir='ltr'>Hierarchia</span> <span class='ocrx_word' id='word_1_338' title='bbox 430 3259 606 3313; x_wconf 86' lang='lat' dir='ltr'>orthodoxa</span> <span class='ocrx_word' id='word_1_339' title='bbox 633 3273 651 3313; x_wconf 91' lang='lat' dir='ltr'>a</span> <span class='ocrx_word' id='word_1_340' title='bbox 678 3257 946 3314; x_wconf 87' lang='lat' dir='ltr'>vetustistissimis</span> <span class='ocrx_word' id='word_1_341' title='bbox 974 3255 1171 3325; x_wconf 89' lang='lat' dir='ltr'>temporibus</span> <span class='ocrx_word' id='word_1_342' title='bbox 1197 3255 1363 3318; x_wconf 84' lang='lat' dir='ltr'>ecclesiam¹</span> 
     </span>
     <span class='ocr_line' id='line_1_40' title="bbox 119 3325 1358 3395; baseline -0.003 -10"><span class='ocrx_word' id='word_1_343' title='bbox 119 3330 294 3385; x_wconf 88' lang='lat' dir='ltr'>catholicam</span> <span class='ocrx_word' id='word_1_344' title='bbox 321 3329 402 3394; x_wconf 90' lang='lat' dir='ltr'>odit;</span> <span class='ocrx_word' id='word_1_345' title='bbox 431 3329 577 3384; x_wconf 89' lang='lat' dir='ltr'>unionem</span> <span class='ocrx_word' id='word_1_346' title='bbox 605 3343 674 3383; x_wconf 89' lang='lat' dir='ltr'>cum</span> <span class='ocrx_word' id='word_1_347' title='bbox 701 3326 826 3382; x_wconf 86' lang='lat' dir='ltr'>ecclesia</span> <span class='ocrx_word' id='word_1_348' title='bbox 854 3325 1003 3381; x_wconf 88' lang='lat' dir='ltr'>catholica</span> <span class='ocrx_word' id='word_1_349' title='bbox 1029 3340 1190 3395; x_wconf 89' lang='lat' dir='ltr'>nunquam</span> <span class='ocrx_word' id='word_1_350' title='bbox 1217 3325 1358 3381; x_wconf 82' lang='lat' dir='ltr'>tentavit.</span> 
     </span>
     <span class='ocr_line' id='line_1_41' title="bbox 123 3394 1357 3466; baseline -0.004 -11"><span class='ocrx_word' id='word_1_351' title='bbox 123 3401 160 3456; x_wconf 87' lang='lat' dir='ltr'>Ut</span> <span class='ocrx_word' id='word_1_352' title='bbox 179 3398 315 3454; x_wconf 90' lang='lat' dir='ltr'>nonnulli</span> <span class='ocrx_word' id='word_1_353' title='bbox 327 3398 421 3452; x_wconf 87' lang='lat' dir='ltr'>Russi</span> <span class='ocrx_word' id='word_1_354' title='bbox 441 3404 471 3452; x_wconf 87' lang='lat' dir='ltr'>et</span> <span class='ocrx_word' id='word_1_355' title='bbox 486 3403 602 3452; x_wconf 89' lang='lat' dir='ltr'>statum</span> <span class='ocrx_word' id='word_1_356' title='bbox 616 3397 762 3452; x_wconf 89' lang='lat' dir='ltr'>ecclesiae</span> <span class='ocrx_word' id='word_1_357' title='bbox 775 3395 922 3466; x_wconf 88' lang='lat' dir='ltr'>potestati</span> <span class='ocrx_word' id='word_1_358' title='bbox 936 3395 1019 3450; x_wconf 84' lang='lat' dir='ltr'>civili</span> <span class='ocrx_word' id='word_1_359' title='bbox 1038 3394 1192 3450; x_wconf 82' lang='lat' dir='ltr'>obnoxiae</span> <span class='ocrx_word' id='word_1_360' title='bbox 1206 3396 1357 3450; x_wconf 89' lang='lat' dir='ltr'>miserum</span> 
     </span>
     <span class='ocr_line' id='line_1_42' title="bbox 124 3464 1359 3538; baseline -0.005 -14"><span class='ocrx_word' id='word_1_361' title='bbox 124 3470 295 3538; x_wconf 85' lang='lat' dir='ltr'>(Kapterev)</span> <span class='ocrx_word' id='word_1_362' title='bbox 309 3473 338 3522; x_wconf 92' lang='lat' dir='ltr'>et</span> <span class='ocrx_word' id='word_1_363' title='bbox 348 3467 522 3522; x_wconf 90' lang='lat' dir='ltr'>libertatem</span> <span class='ocrx_word' id='word_1_364' title='bbox 538 3466 683 3522; x_wconf 88' lang='lat' dir='ltr'>ecclesiae</span> <span class='ocrx_word' id='word_1_365' title='bbox 696 3465 863 3521; x_wconf 88' lang='lat' dir='ltr'>catholicae</span> <span class='ocrx_word' id='word_1_366' title='bbox 878 3479 984 3520; x_wconf 88' lang='lat' dir='ltr'>varam</span> <span class='ocrx_word' id='word_1_367' title='bbox 996 3464 1144 3534; x_wconf 73' lang='lat' dir='ltr'>(Baikor)</span> <span class='ocrx_word' id='word_1_368' title='bbox 1162 3479 1233 3520; x_wconf 86' lang='lat' dir='ltr'>esse</span> <span class='ocrx_word' id='word_1_369' title='bbox 1246 3479 1264 3519; x_wconf 90' lang='lat' dir='ltr'>a</span> <span class='ocrx_word' id='word_1_370' title='bbox 1289 3480 1359 3520; x_wconf 90' lang='lat' dir='ltr'>nos·</span> 
     </span>
     <span class='ocr_line' id='line_1_43' title="bbox 120 3481 1359 3606; baseline -0.002 -13"><span class='ocrx_word' id='word_1_371' title='bbox 120 3547 195 3605; x_wconf 87' lang='lat' dir='ltr'>caut,</span> <span class='ocrx_word' id='word_1_372' title='bbox 222 3544 323 3592; x_wconf 88' lang='lat' dir='ltr'>tamen</span> <span class='ocrx_word' id='word_1_373' title='bbox 344 3543 468 3606; x_wconf 87' lang='lat' dir='ltr'>praeter</span> <span class='ocrx_word' id='word_1_374' title='bbox 495 3536 537 3592; x_wconf 87' lang='lat' dir='ltr'>vt.</span> <span class='ocrx_word' id='word_1_375' title='bbox 556 3535 698 3590; x_wconf 87' lang='lat' dir='ltr'>Solov‘ev</span> <span class='ocrx_word' id='word_1_376' title='bbox 718 3541 756 3602; x_wconf 90' lang='lat' dir='ltr'>et,</span> <span class='ocrx_word' id='word_1_377' title='bbox 780 3535 834 3604; x_wconf 90' lang='lat' dir='ltr'>qui</span> <span class='ocrx_word' id='word_1_378' title='bbox 854 3535 937 3589; x_wconf 90' lang='lat' dir='ltr'>hunc</span> <span class='ocrx_word' id='word_1_379' title='bbox 956 3538 1180 3603; x_wconf 86' lang='lat' dir='ltr'>praecesserat,</span> <span class='ocrx_word' id='word_1_380' title='bbox 1205 3481 1359 3602; x_wconf 51' lang='lat' dir='ltr'>basilam,</span> 
     </span>
     <span class='ocr_line' id='line_1_44' title="bbox 122 3603 1105 3674; baseline -0.005 -11"><span class='ocrx_word' id='word_1_381' title='bbox 122 3624 207 3663; x_wconf 88' lang='lat' dir='ltr'>nemo</span> <span class='ocrx_word' id='word_1_382' title='bbox 225 3607 350 3663; x_wconf 88' lang='lat' dir='ltr'>videtur</span> <span class='ocrx_word' id='word_1_383' title='bbox 367 3605 399 3660; x_wconf 93' lang='lat' dir='ltr'>in</span> <span class='ocrx_word' id='word_1_384' title='bbox 418 3605 577 3661; x_wconf 85' lang='lat' dir='ltr'>ecclesiam</span> <span class='ocrx_word' id='word_1_385' title='bbox 598 3605 778 3660; x_wconf 87' lang='lat' dir='ltr'>catholicam</span> <span class='ocrx_word' id='word_1_386' title='bbox 799 3619 978 3674; x_wconf 88' lang='lat' dir='ltr'>propensus</span> <span class='ocrx_word' id='word_1_387' title='bbox 997 3603 1105 3658; x_wconf 81' lang='lat' dir='ltr'>fuisse.</span> 
     </span>
    </p>

    <p class='ocr_par' dir='ltr' id='par_1_12' title="bbox 124 3672 1360 4075">
     <span class='ocr_line' id='line_1_45' title="bbox 218 3672 1359 3748; baseline -0.004 -17"><span class='ocrx_word' id='word_1_388' title='bbox 218 3676 393 3748; x_wconf 71' lang='lat' dir='ltr'>Homjakov</span> <span class='ocrx_word' id='word_1_389' title='bbox 421 3673 580 3730; x_wconf 88' lang='lat' dir='ltr'>ecclesiam</span> <span class='ocrx_word' id='word_1_390' title='bbox 606 3675 812 3729; x_wconf 85' lang='lat' dir='ltr'>orthodoxam</span> <span class='ocrx_word' id='word_1_391' title='bbox 833 3673 864 3729; x_wconf 93' lang='lat' dir='ltr'>in</span> <span class='ocrx_word' id='word_1_392' title='bbox 885 3672 988 3728; x_wconf 90' lang='lat' dir='ltr'>medio</span> <span class='ocrx_word' id='word_1_393' title='bbox 1015 3673 1097 3728; x_wconf 88' lang='lat' dir='ltr'>inter</span> <span class='ocrx_word' id='word_1_394' title='bbox 1121 3672 1301 3728; x_wconf 86' lang='lat' dir='ltr'>catholicam</span> <span class='ocrx_word' id='word_1_395' title='bbox 1329 3677 1359 3726; x_wconf 91' lang='lat' dir='ltr'>et</span> 
     </span>
     <span class='ocr_line' id='line_1_46' title="bbox 124 3740 1360 3815; baseline -0.004 -15"><span class='ocrx_word' id='word_1_396' title='bbox 124 3745 370 3815; x_wconf 82' lang='lat' dir='ltr'>protestanticarn</span> <span class='ocrx_word' id='word_1_397' title='bbox 391 3744 525 3814; x_wconf 89' lang='lat' dir='ltr'>positam</span> <span class='ocrx_word' id='word_1_398' title='bbox 545 3759 615 3798; x_wconf 87' lang='lat' dir='ltr'>esse</span> <span class='ocrx_word' id='word_1_399' title='bbox 635 3743 881 3799; x_wconf 87' lang='lat' dir='ltr'>demonstrabat.</span> <span class='ocrx_word' id='word_1_400' title='bbox 911 3741 1059 3797; x_wconf 89' lang='lat' dir='ltr'>Nonnulli</span> <span class='ocrx_word' id='word_1_401' title='bbox 1078 3741 1214 3812; x_wconf 90' lang='lat' dir='ltr'>theologi</span> <span class='ocrx_word' id='word_1_402' title='bbox 1236 3740 1360 3796; x_wconf 88' lang='lat' dir='ltr'>Russici</span> 
     </span>
     <span class='ocr_line' id='line_1_47' title="bbox 124 3811 1358 3882; baseline -0.004 -12"><span class='ocrx_word' id='word_1_403' title='bbox 124 3817 251 3882; x_wconf 68' lang='lat' dir='ltr'>illicem,</span> <span class='ocrx_word' id='word_1_404' title='bbox 272 3813 411 3879; x_wconf 81' lang='lat' dir='ltr'>Svetlov)</span> <span class='ocrx_word' id='word_1_405' title='bbox 424 3813 582 3868; x_wconf 88' lang='lat' dir='ltr'>ecclesiam</span> <span class='ocrx_word' id='word_1_406' title='bbox 597 3813 787 3882; x_wconf 88' lang='lat' dir='ltr'>catholicam,</span> <span class='ocrx_word' id='word_1_407' title='bbox 799 3811 1002 3882; x_wconf 74' lang='lat' dir='ltr'>anglicanam</span> <span class='ocrx_word' id='word_1_408' title='bbox 1021 3816 1052 3866; x_wconf 89' lang='lat' dir='ltr'>et</span> <span class='ocrx_word' id='word_1_409' title='bbox 1069 3811 1358 3866; x_wconf 84' lang='lat' dir='ltr'>veterocatholicam</span> 
     </span>
     <span class='ocr_line' id='line_1_48' title="bbox 126 3880 1360 3949; baseline -0.004 -9"><span class='ocrx_word' id='word_1_410' title='bbox 126 3900 210 3940; x_wconf 85' lang='lat' dir='ltr'>veras</span> <span class='ocrx_word' id='word_1_411' title='bbox 229 3900 298 3940; x_wconf 88' lang='lat' dir='ltr'>esse</span> <span class='ocrx_word' id='word_1_412' title='bbox 317 3883 461 3938; x_wconf 88' lang='lat' dir='ltr'>ecclesias</span> <span class='ocrx_word' id='word_1_413' title='bbox 474 3883 590 3938; x_wconf 87' lang='lat' dir='ltr'>Christi</span> <span class='ocrx_word' id='word_1_414' title='bbox 610 3882 779 3949; x_wconf 76' lang='lat' dir='ltr'>affirmant,</span> <span class='ocrx_word' id='word_1_415' title='bbox 799 3887 833 3937; x_wconf 91' lang='lat' dir='ltr'>ut</span> <span class='ocrx_word' id='word_1_416' title='bbox 847 3881 994 3937; x_wconf 92' lang='lat' dir='ltr'>unionem</span> <span class='ocrx_word' id='word_1_417' title='bbox 1008 3896 1078 3936; x_wconf 90' lang='lat' dir='ltr'>cum</span> <span class='ocrx_word' id='word_1_418' title='bbox 1093 3880 1360 3936; x_wconf 87' lang='lat' dir='ltr'>veterocatholicis</span> 
     </span>
     <span class='ocr_line' id='line_1_49' title="bbox 124 3949 1360 4075; baseline -0.005 -65"><span class='ocrx_word' id='word_1_419' title='bbox 124 3961 152 4010; x_wconf 88' lang='lat' dir='ltr'>et</span> <span class='ocrx_word' id='word_1_420' title='bbox 169 3956 211 4009; x_wconf 80' lang='lat' dir='ltr'>Au</span> <span class='ocrx_word' id='word_1_421' title='bbox 234 3953 340 4010; x_wconf 89' lang='lat' dir='ltr'>licanis</span> <span class='ocrx_word' id='word_1_422' title='bbox 361 3959 583 4022; x_wconf 86' lang='lat' dir='ltr'>promoveant;</span> <span class='ocrx_word' id='word_1_423' title='bbox 610 3967 684 4075; x_wconf 42' lang='lat' dir='ltr'>saara</span> <span class='ocrx_word' id='word_1_424' title='bbox 704 3952 804 4008; x_wconf 90' lang='lat' dir='ltr'>maior</span> <span class='ocrx_word' id='word_1_425' title='bbox 822 3951 1001 4021; x_wconf 88' lang='lat' dir='ltr'>(praecipue</span> <span class='ocrx_word' id='word_1_426' title='bbox 1021 3949 1164 4020; x_wconf 77' lang='lat' dir='ltr'>Sergius)</span> <span class='ocrx_word' id='word_1_427' title='bbox 1184 3950 1216 4004; x_wconf 92' lang='lat' dir='ltr'>id</span> <span class='ocrx_word' id='word_1_428' title='bbox 1236 3955 1360 4020; x_wconf 89' lang='lat' dir='ltr'>negant.</span> 
     </span>
    </p>

    <p class='ocr_par' dir='ltr' id='par_1_13' title="bbox 124 3971 1361 4716">
     <span class='ocr_line' id='line_1_50' title="bbox 213 3971 1359 4079; baseline -0.004 0"><span class='ocrx_word' id='word_1_429' title='bbox 213 3971 307 4079; x_wconf 45' lang='lat' dir='ltr'>fflunc</span> <span class='ocrx_word' id='word_1_430' title='bbox 325 4022 356 4077; x_wconf 94' lang='lat' dir='ltr'>in</span> <span class='ocrx_word' id='word_1_431' title='bbox 373 4021 487 4077; x_wconf 88' lang='lat' dir='ltr'>Russia</span> <span class='ocrx_word' id='word_1_432' title='bbox 506 4022 545 4076; x_wconf 90' lang='lat' dir='ltr'>de</span> <span class='ocrx_word' id='word_1_433' title='bbox 564 4021 691 4076; x_wconf 88' lang='lat' dir='ltr'>eccesia</span> <span class='ocrx_word' id='word_1_434' title='bbox 712 4020 965 4076; x_wconf 72' lang='lat' dir='ltr'>reformanda</span> <span class='ocrx_word' id='word_1_435' title='bbox 982 4035 1017 4076; x_wconf 89' lang='lat' dir='ltr'>ac</span> <span class='ocrx_word' id='word_1_436' title='bbox 1039 4020 1077 4076; x_wconf 92' lang='lat' dir='ltr'>de</span> <span class='ocrx_word' id='word_1_437' title='bbox 1096 4019 1269 4075; x_wconf 87' lang='lat' dir='ltr'>concilio</span> <span class='ocrx_word' id='word_1_438' title='bbox 1288 4034 1359 4074; x_wconf 91' lang='lat' dir='ltr'>con·</span> 
     </span>
     <span class='ocr_line' id='line_1_51' title="bbox 125 4088 1361 4162; baseline -0.004 -14"><span class='ocrx_word' id='word_1_439' title='bbox 125 4093 255 4148; x_wconf 76' lang='lat' dir='ltr'>vocando</span> <span class='ocrx_word' id='word_1_440' title='bbox 280 4092 393 4162; x_wconf 86' lang='lat' dir='ltr'>agitur.</span> <span class='ocrx_word' id='word_1_441' title='bbox 425 4090 622 4160; x_wconf 89' lang='lat' dir='ltr'>Metropolita</span> <span class='ocrx_word' id='word_1_442' title='bbox 641 4091 795 4146; x_wconf 82' lang='lat' dir='ltr'>Antonius</span> <span class='ocrx_word' id='word_1_443' title='bbox 820 4105 846 4145; x_wconf 90' lang='lat' dir='ltr'>a.</span> <span class='ocrx_word' id='word_1_444' title='bbox 868 4092 935 4145; x_wconf 79' lang='lat'>1905</span> <span class='ocrx_word' id='word_1_445' title='bbox 960 4096 995 4145; x_wconf 90' lang='lat' dir='ltr'>ut</span> <span class='ocrx_word' id='word_1_446' title='bbox 1021 4089 1242 4145; x_wconf 88' lang='lat' dir='ltr'>restitueretur</span> <span class='ocrx_word' id='word_1_447' title='bbox 1267 4088 1361 4159; x_wconf 89' lang='lat' dir='ltr'>patri·</span> 
     </span>
     <span class='ocr_line' id='line_1_52' title="bbox 124 4158 1361 4231; baseline -0.003 -14"><span class='ocrx_word' id='word_1_448' title='bbox 124 4163 260 4218; x_wconf 87' lang='lat' dir='ltr'>archatus</span> <span class='ocrx_word' id='word_1_449' title='bbox 281 4161 377 4231; x_wconf 90' lang='lat' dir='ltr'>petiit.</span> <span class='ocrx_word' id='word_1_450' title='bbox 403 4161 647 4216; x_wconf 76' lang='lat' dir='ltr'>Pobedoncseev</span> <span class='ocrx_word' id='word_1_451' title='bbox 667 4161 780 4215; x_wconf 90' lang='lat' dir='ltr'>horum</span> <span class='ocrx_word' id='word_1_452' title='bbox 801 4158 980 4215; x_wconf 90' lang='lat' dir='ltr'>studiorum</span> <span class='ocrx_word' id='word_1_453' title='bbox 1006 4173 1041 4214; x_wconf 89' lang='lat' dir='ltr'>ac</span> <span class='ocrx_word' id='word_1_454' title='bbox 1060 4159 1290 4229; x_wconf 88' lang='lat' dir='ltr'>patriarchatus</span> <span class='ocrx_word' id='word_1_455' title='bbox 1309 4158 1361 4212; x_wconf 88' lang='lat' dir='ltr'>ad·</span> 
     </span>
     <span class='ocr_line' id='line_1_53' title="bbox 127 4227 1358 4308; baseline -0.003 -22"><span class='ocrx_word' id='word_1_456' title='bbox 127 4232 275 4287; x_wconf 88' lang='lat' dir='ltr'>versarius</span> <span class='ocrx_word' id='word_1_457' title='bbox 286 4236 361 4296; x_wconf 86' lang='lat' dir='ltr'>erat,</span> <span class='ocrx_word' id='word_1_458' title='bbox 372 4230 425 4299; x_wconf 93' lang='lat' dir='ltr'>qui</span> <span class='ocrx_word' id='word_1_459' title='bbox 436 4245 519 4285; x_wconf 88' lang='lat' dir='ltr'>nunc</span> <span class='ocrx_word' id='word_1_460' title='bbox 529 4236 576 4284; x_wconf 90' lang='lat' dir='ltr'>est</span> <span class='ocrx_word' id='word_1_461' title='bbox 587 4230 700 4300; x_wconf 89' lang='lat' dir='ltr'>synodi</span> <span class='ocrx_word' id='word_1_462' title='bbox 712 4229 888 4300; x_wconf 84' lang='lat' dir='ltr'>praelectus</span> <span class='ocrx_word' id='word_1_463' title='bbox 899 4231 1110 4298; x_wconf 79' lang='lat' dir='ltr'>(procurator)</span> <span class='ocrx_word' id='word_1_464' title='bbox 1124 4228 1221 4284; x_wconf 93' lang='lat' dir='ltr'>Obol</span> <span class='ocrx_word' id='word_1_465' title='bbox 1230 4227 1358 4308; x_wconf 84' lang='lat' dir='ltr'>anskij</span> 
     </span>
     <span class='ocr_line' id='line_1_54' title="bbox 127 4297 1360 4368; baseline -0.002 -14"><span class='ocrx_word' id='word_1_466' title='bbox 127 4301 187 4356; x_wconf 84' lang='lat' dir='ltr'>iore</span> <span class='ocrx_word' id='word_1_467' title='bbox 204 4308 235 4356; x_wconf 92' lang='lat' dir='ltr'>ut</span> <span class='ocrx_word' id='word_1_468' title='bbox 253 4299 416 4356; x_wconf 85' lang='lat' dir='ltr'>concilium</span> <span class='ocrx_word' id='word_1_469' title='bbox 438 4304 664 4356; x_wconf 87' lang='lat' dir='ltr'>convocaretur</span> <span class='ocrx_word' id='word_1_470' title='bbox 682 4299 835 4368; x_wconf 87' lang='lat' dir='ltr'>promisit.</span> <span class='ocrx_word' id='word_1_471' title='bbox 856 4299 910 4353; x_wconf 92' lang='lat' dir='ltr'>Lis</span> <span class='ocrx_word' id='word_1_472' title='bbox 929 4303 986 4366; x_wconf 91' lang='lat' dir='ltr'>est,</span> <span class='ocrx_word' id='word_1_473' title='bbox 1008 4304 1115 4353; x_wconf 91' lang='lat' dir='ltr'>utram</span> <span class='ocrx_word' id='word_1_474' title='bbox 1137 4297 1194 4352; x_wconf 91' lang='lat' dir='ltr'>soli</span> <span class='ocrx_word' id='word_1_475' title='bbox 1213 4297 1360 4366; x_wconf 85' lang='lat' dir='ltr'>episcopt,</span> 
     </span>
     <span class='ocr_line' id='line_1_55' title="bbox 127 4366 1360 4438; baseline -0.006 -12"><span class='ocrx_word' id='word_1_476' title='bbox 127 4385 163 4426; x_wconf 82' lang='lat' dir='ltr'>an</span> <span class='ocrx_word' id='word_1_477' title='bbox 180 4369 265 4426; x_wconf 87' lang='lat' dir='ltr'>etiam</span> <span class='ocrx_word' id='word_1_478' title='bbox 285 4369 387 4425; x_wconf 90' lang='lat' dir='ltr'>clerus</span> <span class='ocrx_word' id='word_1_479' title='bbox 412 4369 544 4424; x_wconf 88' lang='lat' dir='ltr'>inferior</span> <span class='ocrx_word' id='word_1_480' title='bbox 562 4373 591 4423; x_wconf 90' lang='lat' dir='ltr'>et</span> <span class='ocrx_word' id='word_1_481' title='bbox 611 4367 687 4436; x_wconf 89' lang='lat' dir='ltr'>laici,</span> <span class='ocrx_word' id='word_1_482' title='bbox 712 4368 744 4423; x_wconf 92' lang='lat' dir='ltr'>id</span> <span class='ocrx_word' id='word_1_483' title='bbox 764 4367 848 4438; x_wconf 90' lang='lat' dir='ltr'>quod</span> <span class='ocrx_word' id='word_1_484' title='bbox 870 4367 970 4422; x_wconf 91' lang='lat' dir='ltr'>maior</span> <span class='ocrx_word' id='word_1_485' title='bbox 995 4382 1069 4436; x_wconf 89' lang='lat' dir='ltr'>pars</span> <span class='ocrx_word' id='word_1_486' title='bbox 1093 4366 1167 4421; x_wconf 89' lang='lat' dir='ltr'>cleri</span> <span class='ocrx_word' id='word_1_487' title='bbox 1192 4371 1223 4420; x_wconf 88' lang='lat' dir='ltr'>et</span> <span class='ocrx_word' id='word_1_488' title='bbox 1251 4380 1360 4420; x_wconf 91' lang='lat' dir='ltr'>omnes</span> 
     </span>
     <span class='ocr_line' id='line_1_56' title="bbox 128 4433 1360 4510; baseline -0.006 -15"><span class='ocrx_word' id='word_1_489' title='bbox 128 4439 185 4495; x_wconf 89' lang='lat' dir='ltr'>iere</span> <span class='ocrx_word' id='word_1_490' title='bbox 213 4440 409 4510; x_wconf 75' lang='lat' dir='ltr'>professores</span> <span class='ocrx_word' id='word_1_491' title='bbox 437 4437 664 4493; x_wconf 88' lang='lat' dir='ltr'>academiarum</span> <span class='ocrx_word' id='word_1_492' title='bbox 687 4435 874 4492; x_wconf 84' lang='lat' dir='ltr'>clericalium</span> <span class='ocrx_word' id='word_1_493' title='bbox 904 4436 1092 4501; x_wconf 89' lang='lat' dir='ltr'>desiderant,</span> <span class='ocrx_word' id='word_1_494' title='bbox 1127 4435 1221 4491; x_wconf 90' lang='lat' dir='ltr'>huius</span> <span class='ocrx_word' id='word_1_495' title='bbox 1240 4433 1360 4489; x_wconf 87' lang='lat' dir='ltr'>concilii</span> 
     </span>
     <span class='ocr_line' id='line_1_57' title="bbox 131 4503 1359 4588; baseline -0.006 -25"><span class='ocrx_word' id='word_1_496' title='bbox 131 4509 257 4565; x_wconf 89' lang='lat' dir='ltr'>membra</span> <span class='ocrx_word' id='word_1_497' title='bbox 276 4523 346 4564; x_wconf 85' lang='lat' dir='ltr'>esse</span> <span class='ocrx_word' id='word_1_498' title='bbox 359 4507 490 4577; x_wconf 89' lang='lat' dir='ltr'>possint.</span> <span class='ocrx_word' id='word_1_499' title='bbox 510 4507 542 4561; x_wconf 82' lang='lat' dir='ltr'>Si</span> <span class='ocrx_word' id='word_1_500' title='bbox 557 4521 631 4588; x_wconf 86' lang='lat' dir='ltr'>pars</span> <span class='ocrx_word' id='word_1_501' title='bbox 646 4507 864 4563; x_wconf 88' lang='lat' dir='ltr'>conservativa</span> <span class='ocrx_word' id='word_1_502' title='bbox 880 4505 997 4565; x_wconf 86' lang='lat' dir='ltr'>vicerit,</span> <span class='ocrx_word' id='word_1_503' title='bbox 1017 4505 1119 4559; x_wconf 79' lang='lat' dir='ltr'>torma</span> <span class='ocrx_word' id='word_1_504' title='bbox 1137 4503 1283 4559; x_wconf 86' lang='lat' dir='ltr'>ecclesiae</span> <span class='ocrx_word' id='word_1_505' title='bbox 1297 4517 1359 4557; x_wconf 90' lang='lat' dir='ltr'>non</span> 
     </span>
     <span class='ocr_line' id='line_1_58' title="bbox 132 4573 1359 4644; baseline -0.006 -12"><span class='ocrx_word' id='word_1_506' title='bbox 132 4580 297 4634; x_wconf 88' lang='lat' dir='ltr'>mutabitur.</span> <span class='ocrx_word' id='word_1_507' title='bbox 324 4577 428 4632; x_wconf 88' lang='lat' dir='ltr'>Factio</span> <span class='ocrx_word' id='word_1_508' title='bbox 448 4577 585 4631; x_wconf 83' lang='lat' dir='ltr'>liberalis</span> <span class='ocrx_word' id='word_1_509' title='bbox 609 4581 712 4631; x_wconf 87' lang='lat' dir='ltr'>autem</span> <span class='ocrx_word' id='word_1_510' title='bbox 733 4575 763 4630; x_wconf 92' lang='lat' dir='ltr'>in</span> <span class='ocrx_word' id='word_1_511' title='bbox 784 4575 943 4630; x_wconf 87' lang='lat' dir='ltr'>ecclesiam</span> <span class='ocrx_word' id='word_1_512' title='bbox 971 4573 1211 4644; x_wconf 88' lang='lat' dir='ltr'>protestantium</span> <span class='ocrx_word' id='word_1_513' title='bbox 1232 4587 1359 4627; x_wconf 90' lang='lat' dir='ltr'>errores</span> 
     </span>
     <span class='ocr_line' id='line_1_59' title="bbox 131 4640 1361 4716; baseline -0.005 -15"><span class='ocrx_word' id='word_1_514' title='bbox 131 4647 313 4704; x_wconf 89' lang='lat' dir='ltr'>introducere</span> <span class='ocrx_word' id='word_1_515' title='bbox 339 4646 452 4714; x_wconf 88' lang='lat' dir='ltr'>studet,</span> <span class='ocrx_word' id='word_1_516' title='bbox 478 4645 563 4716; x_wconf 90' lang='lat' dir='ltr'>quod</span> <span class='ocrx_word' id='word_1_517' title='bbox 582 4645 683 4715; x_wconf 90' lang='lat' dir='ltr'>ipsam</span> <span class='ocrx_word' id='word_1_518' title='bbox 710 4644 859 4714; x_wconf 87' lang='lat' dir='ltr'>paulatim</span> <span class='ocrx_word' id='word_1_519' title='bbox 885 4643 1019 4713; x_wconf 89' lang='lat' dir='ltr'>imperio</span> <span class='ocrx_word' id='word_1_520' title='bbox 1048 4641 1199 4699; x_wconf 87' lang='lat' dir='ltr'>saeculari</span> <span class='ocrx_word' id='word_1_521' title='bbox 1219 4640 1361 4697; x_wconf 87' lang='lat' dir='ltr'>subiciet.</span> 
     </span>
    </p>
   </div>
   <div class='ocr_carea' id='block_1_5' title="bbox 0 0 1765 5342">
    <p class='ocr_par' dir='ltr' id='par_1_14' title="bbox 0 0 1765 5342">
     <span class='ocr_line' id='line_1_60' title="bbox 0 0 1765 5342; baseline 0 0"><span class='ocrx_word' id='word_1_522' title='bbox 0 0 1765 5342; x_wconf 95' lang='lat' dir='ltr'> </span> 
     </span>
    </p>
   </div>
  </div>
 </body>
</html>
