3450 5342
760 488 804 499 -
827 460 889 513 arr
914 488 954 499 -

239 658 299 696 non
317 649 444 697 mortuos
463 643 609 706 excitare).
628 642 736 695 l'adem
755 642 933 708 comparatio
951 657 968 693 a
986 642 1164 709 Gregorio
1182 642 1259 695 Nan.
1287 640 1420 693 adbibita
1439 642 1485 693 est

238 712 276 764 de
294 713 440 779 baptismo
459 715 516 779 (tir.
535 712 579 778 tt),
603 728 629 763 n.
648 710 694 775 33)
719 718 747 764 et
766 712 982 764 sinbrosms
1006 712 1059 777 (lle
1079 726 1160 777 peren
1181 712 1197 763 l.
1217 710 1241 772 2,
1261 728 1283 763 c.
1304 710 1331 773 7)
1356 710 1396 763 ita
1423 726 1482 761 rem

236 782 368 847 exponit:
386 782 456 851 ..Qui
475 782 553 835 iaces
572 782 600 833 in
613 782 742 835 tenebris
760 782 953 833 conscientiae
972 786 999 832 et
1019 780 1188 833 delictorum
1207 784 1320 833 tuorum
1341 780 1483 833 sordibus

235 852 362 918 quodam
382 867 495 904 reorum
514 867 637 912 carcere,
655 851 700 903 exi
721 852 805 910 toras,
823 851 961 903 delictum
981 851 1127 915 proprium
1141 850 1238 915 prode,
1256 854 1288 901 ut
1302 849 1481 903 iustificeris:

233 922 307 987 „tire
325 922 403 973 enim
422 921 564 976 confessio
583 921 614 973 tit
633 921 670 974 ad
690 923 840 973 salntem‘.
863 921 892 973 si
912 918 1059 972 confessus
1079 918 1167 971 lucris
1186 935 1202 971 a
1223 920 1337 971 t'bristo
1355 927 1482 971 vocatus.

234 991 361 1043 claustra
389 997 558 1057 rumpentur
585 995 612 1043 et
641 991 738 1043 omnia
766 991 914 1041 solventur
941 990 1056 1041 vincula
1081 1031 1085 1039 .
1113 1030 1117 1040 .
1148 1030 1153 1040 .
1182 990 1384 1057 Quantuslibet
1414 1003 1484 1051 ergo

236 1059 341 1112 mortui
367 1059 458 1113 ioetor
482 1060 529 1117 sit.
553 1060 686 1113 aboletur
707 1060 811 1118 omnis,
835 1060 884 1111 ubi
911 1074 1024 1111 sacrum
1048 1058 1219 1111 redoleverit
1239 1064 1430 1139 unguentum:
1455 1062 1484 1111 et

240 1144 323 1181 resur
345 1130 367 1181 it
386 1130 538 1181 defunctus
556 1137 585 1183 et
604 1130 675 1181 solvi
696 1130 831 1183 iubentur
847 1129 910 1180 eins
928 1129 1051 1191 vincula,
1075 1130 1123 1195 qui
1143 1128 1259 1180 adbuc
1279 1144 1313 1179 ιιι
1334 1132 1484 1194 peccato

235 1206 301 1251 est.
325 1147 461 1251 {alanta
479 1214 547 1251 vero
566 1199 680 1251 llomlni
700 1198 793 1267 gratia
815 1214 879 1250 cum
899 1204 1041 1264 oporteret
1061 1198 1211 1249 universos
1230 1199 1340 1256 laetari,
1360 1212 1484 1249 comnm-

235 1268 381 1320 rebantur
404 1268 486 1335 impii
514 1275 541 1321 et
565 1269 706 1321 adversus
735 1269 881 1320 l'liristum
907 1266 1059 1319 concilium
1087 1268 1316 1335 congregabant:
1346 1268 1483 1319 lamium

234 1354 349 1405 quoque
361 1336 521 1390 interlicere.
539 1339 683 1391 volebant.
701 1338 801 1391 Nonne
817 1336 918 1390 merito
933 1352 1030 1389 eorum
1051 1352 1230 1389 successores
1243 1353 1294 1389 ros
1307 1334 1485 1403 {Novatianil

235 1406 297 1460 iore
321 1408 503 1475 cognoscitis,
528 1423 648 1473 quorum
673 1408 798 1459 duritiae
816 1408 938 1459 heredes
957 1406 1049 1458 estis?
1073 1408 1145 1458 Nam
1171 1414 1198 1457 et
1218 1422 1269 1457 vos
1289 1406 1484 1470 indignamini

235 1483 265 1529 et
284 1483 383 1529 contra
401 1478 560 1529 Ecclesiam
578 1478 763 1545 congregatis
781 1477 943 1536 concilium,
960 1476 1027 1541 quia
1046 1476 1151 1528 videtis
1171 1480 1297 1527 mortuos
1318 1477 1345 1527 in
1363 1476 1483 1528 ecclesia

235 1546 409 1597 reviviscere
427 1552 455 1598 et
475 1551 656 1611 peccatorum
675 1547 788 1599 indulta
807 1546 891 1597 venia
912 1546 1102 1597 resuscitarit
1122 1573 1154 1581 —
1174 1546 1233 1603 ...ld
1254 1547 1342 1597 rerba
1363 1546 1484 1597 Hiero·

236 1615 343 1681 nymi.
370 1631 445 1681 quae
468 1617 558 1681 aliqui
584 1618 658 1667 laisa
682 1616 860 1674 existimant,
886 1622 915 1667 ut
936 1618 1036 1667 Scirtns
1060 1616 1126 1667 dist.
1149 1616 1187 1679 lt,
1213 1634 1238 1679 q.
1258 1616 1274 1667 l
1293 1616 1330 1667 ad
1350 1616 1409 1672 ult..
1434 1615 1483 1667 alii

237 1683 364 1743 duriora,
391 1686 557 1751 responderi
583 1686 677 1737 adbuc
703 1692 806 1751 potest,
834 1686 929 1750 ipsum
956 1685 1080 1736 voluisse
1106 1686 1198 1736 solum
1227 1686 1437 1749 reprehendere
1456 1689 1484 1735 et

236 1754 393 1819 reprimere
406 1755 526 1807 nimiam
541 1756 696 1818 licentiam,
711 1771 798 1820 cruam
812 1754 976 1807 sacerdotes
990 1754 1077 1819 aliqui
1093 1754 1146 1805 sibi
1160 1761 1295 1818 arnigant
1309 1754 1483 1806 admittendi

236 1830 267 1875 et
285 1824 421 1875 reiciendi
441 1840 492 1890 pro
511 1825 593 1877 libito
611 1825 648 1877 ab
668 1825 857 1880 absolutione,
883 1831 981 1876 contra
1000 1839 1072 1889 quos
1091 1824 1172 1875 docet
1192 1839 1289 1875 ctll'tllll
1310 1832 1483 1890 potestatem

236 1908 295 1945 non
314 1910 379 1944 esse
396 1895 570 1953 absolutam,
594 1894 644 1945 sed
664 1894 750 1946 certis
769 1894 883 1956 legibus
903 1894 1032 1959 ligatam,
1056 1910 1128 1959 quas
1147 1894 1300 1945 observare
1320 1894 1434 1950 debent,
1453 1896 1485 1943 ut

237 1978 336 2015 eorum
356 1964 499 2015 sententia
519 1963 617 2015 valida
636 1965 685 2019 sit.
702 1964 880 2016 absolvendo
900 1964 991 2015 solum
1011 1979 1158 2027 eosquos
1180 1963 1254 2014 llens
1275 1963 1380 2015 liulicat
1400 1964 1485 2014 abso-

239 2032 348 2084 lutione
366 2032 479 2101 dignos,
504 2034 641 2085 nimirum
660 2049 711 2099 per
730 2034 858 2085 debitam
885 2032 1116 2098 poenitentianr“.
1156 2032 1195 2083 lle
1222 2033 1325 2099 Lupo.
1353 2032 1392 2083 lle
1412 2046 1483 2083 sacr.

238 2102 345 2169 poenit.
365 2102 438 2169 disp.
458 2102 500 2168 13,
519 2119 540 2155 s.
560 2104 585 2164 2,
604 2118 631 2154 ιι.
650 2103 691 2154 58.
729 2104 789 2162 „ild
809 2103 1011 2155 auctoritatem
1031 2120 1052 2154 s.
1073 2102 1236 2167 Hieronymi
1258 2102 1411 2153 dicendum
1431 2105 1484 2166 est,

238 2172 314 2237 quod
340 2172 369 2224 in
391 2174 512 2237 leprosis
536 2173 642 2239 duplex
668 2173 751 2224 luerit
778 2172 971 2227 immunditia.
999 2188 1055 2224 mm
1081 2172 1221 2225 naturalis
1246 2179 1273 2223 et
1299 2172 1399 2227 morbi.
1426 2170 1484 2223 alia

239 2240 344 2309 legalis
380 2258 431 2293 seu
455 2242 539 2307 legis,
566 2258 640 2307 quae
665 2242 835 2308 prohibebat
863 2244 990 2308 leprosos
1015 2242 1128 2294 admitti
1155 2242 1190 2293 ad
1218 2256 1307 2293 sacra.
1346 2242 1403 2293 lam
1429 2240 1484 2292 etsi

240 2311 405 2363 sacerdotes
423 2310 529 2363 veteris
548 2312 713 2363 testamenti
734 2313 857 2377 primam
879 2309 1092 2363 immunditiam
1113 2326 1167 2363 non
1189 2310 1365 2370 sustulerint,
1390 2316 1486 2362 sustu·

239 2380 333 2433 lerunt
358 2388 456 2433 tamen
487 2382 611 2445 legalem
636 2389 664 2432 et
691 2382 847 2433 secundam
877 2380 1090 2432 immunditiam
1117 2396 1167 2445 per
1193 2380 1331 2432 sacrilicia
1357 2388 1384 2433 et
1410 2381 1484 2431 alias

238 2448 425 2513 ceremonias,
444 2450 548 2515 quibus
568 2452 712 2517 leprosum
727 2466 783 2501 non
799 2455 911 2502 tantum
926 2450 1122 2506 declarabant.
1141 2450 1191 2501 sed
1207 2466 1305 2501 revera
1321 2450 1484 2501 efficiebant

238 2520 387 2571 mundum.
423 2520 489 2572 l'ari
509 2520 593 2571 modo
613 2520 700 2571 etiam
722 2520 750 2571 in
770 2527 919 2585 peccatore
939 2520 1082 2584 clupdicem
1103 2520 1317 2571 immunditiam
1343 2520 1483 2581 distimrui

237 2594 358 2653 oportet,
377 2603 464 2641 unam
484 2591 636 2655 actualem,
655 2605 729 2655 (pirae
742 2594 784 2641 est
798 2590 923 2641 caecitas
938 2590 1050 2647 mentis,
1070 2590 1190 2641 alteram
1206 2590 1392 2646 habitualem,
1411 2604 1485 2654 ciccae

238 2663 281 2709 est
297 2658 361 2723 ipsa
374 2660 487 2711 macula
500 2659 617 2723 peccati.
634 2659 759 2711 Primam
775 2659 848 2711 tollit
864 2659 941 2711 Dens
956 2674 1006 2723 per
1020 2676 1049 2709 se
1064 2660 1164 2723 solmn,
1178 2659 1289 2711 interne
1305 2660 1485 2714 illustrando.

239 2728 397 2779 secundam
422 2743 472 2795 per
497 2744 580 2780 suum
606 2728 770 2779 ministrnm
790 2728 819 2780 in
839 2736 1045 2780 sacramentor·
1074 2729 1126 2779 lib
1138 2730 1232 2779 erdo
1243 2730 1359 2785 viler.
1387 2730 1483 2781 ΤΙιιιιΙ.

240 2796 360 2849 llissert.
380 2798 448 2863 t'll,
466 2804 519 2851 art.
539 2798 563 2863 5,
581 2813 608 2849 n.
627 2798 670 2849 97.
689 2798 728 2849 tr.
749 2798 866 2865 Habert,
886 2798 927 2849 lle
947 2813 1017 2849 sacr.
1039 2798 1142 2863 poenit.
1163 2816 1184 2849 c.
1204 2800 1227 2849 3.

342 2867 386 2918 Ad
405 2866 429 2919 t.
449 2868 572 2919 l'oncedi
593 2873 686 2933 potest
707 2868 806 2919 l'atres
824 2882 1040 2933 nonnumquam
1065 2869 1159 2931 magis
1179 2875 1325 2933 spectasse
1347 2868 1482 2931 rerpiisitu

238 2936 268 2987 in
282 2936 448 2992 contitente:
462 2938 497 2987 de
510 2938 681 2989 certitudine
696 2938 745 2988 illa
758 2938 791 2987 ci.
812 2938 951 3003 August
962 2938 967 2987 i
977 2953 1013 2996 ιι.,
1033 2942 1119 2989 ΙΝϊιιιι.
1134 2937 1193 2996 ait.
1208 2952 1233 2988 ιι.
1251 2938 1282 2989 12
1296 2944 1393 2998 incrta:
1408 2952 1484 2988 mors

237 3012 356 3059 aetema
372 3005 506 3072 vitatur);
524 3008 723 3073 Gregorius
742 3007 807 3058 Nar.
828 3008 845 3058 l.
866 3024 887 3058 c.
908 3008 943 3057 de
963 3008 1062 3071 poenis
1082 3008 1197 3058 ridetur
1215 3008 1299 3072 loqui.

342 3076 387 3127 Ad
406 3075 430 3127 5.
450 3076 692 3128 l'irmilianus
716 3081 803 3139 negat
830 3078 922 3128 solum
950 3077 1094 3129 remittere
1115 3078 1278 3129 sacerdotes
1298 3081 1413 3142 peccata
1434 3092 1485 3141 pro

239 3144 366 3197 arbitrio.
395 3145 473 3197 idem
499 3146 615 3211 scripsit
637 3146 758 3197 ibidem:
786 3146 934 3200 ..Potestas
959 3162 1027 3210 erim
1047 3147 1282 3198 remittemlormn
1303 3154 1484 3212 peccatorum

239 3213 309 3266 data
334 3218 378 3265 est
404 3220 431 3267 et
457 3216 596 3274 ecclesiis,
621 3232 693 3281 (liras
719 3216 795 3266 illia
816 3216 929 3266 incisio
949 3217 1029 3267 missi
1050 3216 1267 3274 constituerunt,
1286 3224 1312 3267 et
1334 3216 1485 3281 episcopis.

240 3283 289 3349 qui
309 3283 351 3335 eis
370 3284 551 3336 ordinatione
570 3286 678 3337 vicaria
697 3291 920 3337 successerunt·¹
941 3314 973 3321 —
997 3286 1017 3337 A
1029 3302 1054 3337 m
1066 3286 1210 3337 brosius
1230 3287 1289 3336 rult
1311 3286 1401 3335 solum
1422 3301 1485 3349 pne

239 3354 309 3405 bare
327 3354 464 3419 spiritum
484 3370 506 3405 s.
526 3372 589 3405 esse
610 3355 709 3410 Deum.
727 3355 794 3420 ucria
814 3359 932 3419 peccata
952 3356 1071 3408 remittit
1093 3362 1121 3407 ut
1141 3372 1227 3405 cansa
1243 3355 1342 3419 prima.
1362 3355 1484 3405 'lantum

242 3422 320 3474 enim
338 3422 474 3484 affirmat,
493 3431 631 3489 quantum
652 3425 752 3489 probat
773 3440 824 3490 per
842 3440 965 3488 sequens
985 3426 1104 3481 ..enim··.

345 3492 389 3543 Ad
407 3492 432 3544 li.
454 3494 531 3545 ldenr
551 3494 791 3560 Augustinus,
810 3494 851 3545 lle
872 3495 949 3559 bapt.
970 3496 985 3545 l.
1005 3496 1030 3552 3,
1049 3512 1070 3545 c.
1092 3494 1124 3545 18
1144 3494 1225 3545 dicit:
1250 3492 1390 3548 ..llxaudit
1409 3492 1485 3542 lleus

240 3560 415 3613 homicidam
437 3578 522 3629 super
541 3578 646 3628 aqtiani
665 3563 854 3629 baptismi,
886 3566 930 3614 vel
951 3580 1036 3629 super
1054 3566 1157 3627 oleum,
1178 3564 1223 3614 rel
1242 3578 1327 3628 snper
1348 3562 1485 3612 liuclru·

240 3630 396 3699 ristiam,
414 3633 459 3683 vel
480 3647 566 3698 super
584 3632 679 3697 capita
699 3648 805 3689 eonun.
824 3633 929 3698 ‹pribus
949 3648 1051 3685 maricis
1071 3634 1235 3699 imponitur.
1255 3634 1484 3697 deprecantem··.

238 3700 381 3753 Nimirum
400 3700 473 3752 bene
492 3704 573 3753 notat
591 3703 790 3761 (iterurius
809 3703 967 3767 Nyssen..
992 3706 1067 3755 tlrat.
1088 3704 1226 3754 cateclret.
1246 3720 1268 3753 c.
1288 3702 1333 3753 ill:
1353 3703 1417 3751 iliis
1436 3704 1486 3765 pir

240 3771 372 3834 ἂχρηστῡν
398 3767 466 3820 εἶναί
492 3786 529 3833 τις
556 3773 632 3834 φήσει
658 3775 704 3833 τὴν
728 3777 778 3821 ren
803 3778 1013 3836 προςειχομὲνιιιν
1039 3776 1158 3836 σπουδήν,
1187 3776 1208 3821 εἰ
1233 3778 1290 3836 περὶ
1315 3778 1359 3821 τοῦ
1383 3775 1484 3833 naming

241 3840 364 3903 tuoptroo
382 3842 426 3890 τὸν
444 3842 507 3891 θεὸν
526 3844 680 3891 intrationem

344 3909 388 3960 sci
407 3909 431 3961 7.
452 3910 632 3963 Parianus
651 3911 776 3975 locpiitur
794 3911 829 3961 de
849 3912 1046 3963 satisfactione
1066 3914 1261 3977 propeccatis.
1282 3911 1486 3977 l'vprinnus

238 3992 296 4029 non
316 3978 398 4030 docet
419 3980 494 4031 bunc
513 3996 578 4031 esse
596 3981 781 4045 praecipuum
802 3981 1008 4033 satisfactionis
1028 3997 1120 4042 usum,
1146 3988 1176 4033 ut
1195 3981 1333 4033 ecclesiae
1353 3980 1486 4035 satisliat.

240 4048 291 4099 aed
316 4053 348 4100 ut
374 4048 433 4101 Deo
458 4050 591 4113 satisliat,
615 4049 645 4101 id
669 4051 743 4114 quod
770 4054 847 4101 totus
868 4050 915 4101 ille
935 4052 1012 4102 locus
1038 4051 1172 4116 ostendit,
1201 4052 1274 4103 sicut
1299 4055 1325 4101 et
1346 4054 1486 4102 tractatus

240 4117 303 4168 eius
328 4118 364 4168 de
388 4119 578 4185 eleemosyna.
606 4148 640 4155 —
668 4119 710 4170 lle
734 4120 869 4185 t'ypriani
895 4120 1024 4172 doctrina
1050 4120 1085 4171 de
1110 4122 1279 4173 remissione
1304 4126 1486 4185 peccatorum

240 4186 274 4238 ci.
294 4188 430 4247 Peters,
451 4188 508 4239 lier
525 4189 552 4239 b.
573 4189 695 4255 i'yprian
716 4189 740 4240 S.
763 4190 812 4241 157
830 4191 857 4241 ii.
877 4190 929 4240 212
948 4192 974 4241 li'.
994 4188 1052 4241 sto.

345 4256 389 4308 Ad
408 4256 432 4308 8.
451 4258 481 4321 a)
500 4258 545 4316 ..si
565 4259 636 4310 baec
655 4274 723 4310 vera
742 4263 818 4320 sunt,
845 4275 963 4310 necesse
983 4260 1108 4324 proiecto
1127 4258 1188 4317 suit.
1208 4265 1237 4311 nt
1259 4260 1357 4311 Patres
1377 4258 1486 4309 clarum

236 4340 274 4377 ac
298 4325 468 4379 distinctum
494 4332 663 4393 conceptum
688 4328 826 4380 haberent
853 4329 938 4380 buius
964 4328 1071 4394 peccati
1098 4344 1220 4394 enitique
1246 4329 1311 4381 aliis
1330 4328 1486 4381 traderent.

239 4409 277 4447 ne
304 4393 333 4445 in
360 4396 612 4449 administratione
639 4397 811 4449 sacramenti
839 4398 1033 4463 poenitentiae
1065 4398 1182 4449 haerere
1214 4399 1320 4463 pluries
1348 4398 1488 4449 deberent

240 4466 414 4530 sacerdotes,
439 4473 469 4517 et
487 4482 523 4518 ne
543 4466 650 4518 limites
670 4482 739 4519 suae
757 4467 937 4520 auctoritatis
958 4468 1268 4549 praetergraderentur,
1287 4474 1336 4519 aut
1356 4468 1417 4519 sine
1437 4467 1487 4517 ab·

240 4534 383 4586 solutione
407 4536 595 4595 dimitterent,
622 4552 694 4601 cruos
716 4539 827 4588 solvere
852 4540 977 4602 possent.
1003 4537 1088 4602 Atqui
1115 4541 1268 4603 conceptus
1288 4537 1381 4589 clarus
1400 4540 1487 4600 atque

241 4603 397 4657 distinctus
416 4606 501 4657 buius
520 4606 640 4671 peccati,
667 4606 715 4671 qui
735 4607 896 4658 communis
916 4607 954 4657 sit
972 4606 1114 4671 l'alribus,
1142 4622 1198 4659 non
1218 4606 1365 4671 reperitur,
1395 4620 1487 4671 neque

239 4674 300 4725 ullo
324 4674 410 4725 modo
436 4674 524 4725 iidem
551 4690 581 4725 se
601 4676 739 4726 sollicitos
764 4676 887 4741 produnt
908 4675 1064 4727 deliniendi
1090 4680 1222 4727 accurate
1243 4680 1271 4727 et
1291 4674 1436 4727 statuendi
1455 4678 1488 4725 ut

242 4756 304 4794 rem
323 4750 441 4806 certam,
460 4744 621 4796 cuiusmodi
641 4746 678 4796 sit
698 4745 751 4795 boc
770 4746 945 4810 peccatum‘.
966 4746 1071 4797 l¹alm
1084 4746 1168 4806 ieri,
1188 4746 1229 4796 lle
1248 4760 1329 4811 poen.
1349 4744 1389 4796 th.
1408 4745 1433 4800 8.
1453 4742 1485 4793 ι’.
