3450 5342
711 403 905 465 -131...

289 598 485 657 Consentiunt
509 598 603 655 critici
635 597 895 656 vetere-slavicam
926 598 1092 655 versionem
1124 598 1232 655 Sacrae
1264 598 1432 675 Scripturas

183 686 294 743 factam
325 706 389 743 esse
411 706 428 743 e
452 684 560 753 LXX,
594 704 718 761 eamquc
748 704 765 742 e
799 694 891 750 textu,
925 704 1011 762 quem
1044 684 1191 741 Lucienus
1205 678 1246 758 81)
1278 686 1432 742 recensuit.

185 772 286 829 LXX.
317 783 414 829 autem
437 774 517 829 omni
540 770 710 829 discrimine
728 772 806 829 inter
828 772 1070 849 protocanonicos
1102 782 1131 827 et
1153 768 1432 829 deuterocanonicos

184 857 277 916 libros
300 857 415 917 sublato
438 878 539 916 omnes
563 859 626 935 pari
650 860 823 916 auctoritate
845 860 986 915 continet.
1010 856 1045 916 Id
1069 855 1258 915 indicandum
1274 869 1317 915 est
1341 860 1432 915 etiam

183 944 223 1003 de
257 946 391 1003 versione
424 944 647 1003 veteroslavica.
683 944 729 1003 Ne
752 965 842 1003 unum
878 943 996 1022 quidem
1020 944 1173 1022 exemplar
1202 944 1288 1003 huius
1317 946 1432 1022 priscae

182 1033 330 1091 versionis
352 1052 444 1109 usquc
466 1030 505 1089 ad
528 1051 581 1090 nos
603 1034 758 1108 pervenit;
782 1030 1002 1090 l'entateucbus
1026 1028 1108 1089 ex'tat
1131 1051 1197 1089 cnm
1217 1029 1431 1109 subscriptione

184 1118 292 1198 cyrilli
315 1117 556 1195 Novgorodeusis
579 1117 739 1177 sacerdotis
761 1138 787 1175 a.
813 1120 904 1188 1136,
939 1139 978 1176 cx
1000 1129 1131 1197 tempore
1153 1118 1313 1195 posteriore
1337 1118 1431 1191 Iosuo,

183 1204 327 1268 Indicum.
349 1205 439 1273 Ruth,
461 1206 549 1264 Prov.
573 1205 748 1271 Salomonis,
778 1226 818 1263 ex
840 1205 897 1263 xl.
920 1226 996 1265 saec.
1020 1204 1205 1273 Psalterium,
1234 1224 1306 1282 quos
1329 1224 1431 1263 omnes

184 1291 276 1351 libros
298 1292 443 1371 philologi
458 1292 599 1370 reliquias
614 1312 678 1349 esse
695 1292 926 1351 veteroslavicae
942 1290 1269 1371 cyrillo-methodianae
1287 1292 1431 1350 versionis

182 1380 367 1438 existimant.
401 1380 529 1437 Demnm
552 1377 590 1435 ab
613 1399 640 1437 a.
672 1379 763 1436 1581.
792 1397 862 1437 cura
889 1379 1079 1437 Constantini
1113 1378 1254 1457 principis
1286 1378 1431 1454 Ostrogae

182 1465 258 1524 editi
287 1478 355 1523 sunt
377 1486 479 1524 omncs
500 1465 570 1524 lihri
593 1466 668 1525 sacri
691 1465 794 1543 lingua
817 1465 1051 1535 veteru-slavica,
1074 1466 1106 1523 in
1129 1463 1235 1543 quibus
1258 1462 1431 1541 (secundum

182 1550 256 1610 bibl.
302 1551 452 1611 Gennadii
492 1552 587 1629 1499)
624 1552 882 1630 Paralipomenon,
928 1552 1054 1629 primum
1092 1550 1213 1619 Esdrae,
1258 1551 1430 1625 Nebemiae,

181 1637 319 1709 'sobiam
364 1638 474 1711 Iudith,
519 1642 644 1717 primum
689 1651 719 1696 et
763 1636 924 1697 secundum
961 1636 1203 1696 Maccahaeorum
1242 1658 1258 1696 e
1294 1638 1431 1715 Vulgata,

184 1724 321 1783 Esthoris
343 1728 439 1803 prima
464 1727 502 1783 16
526 1746 589 1805 cap.
617 1746 633 1784 e
657 1725 795 1785 hebraico
810 1720 863 1803 θ’),
885 1724 990 1783 ultima
1014 1726 1032 1782 tt
1056 1745 1072 1781 e
1096 1724 1226 1802 Vulgata
1248 1746 1334 1783 versa
1357 1746 1430 1799 esse,

147 1858 157 1866 .
181 1832 346 1891 omnesque
369 1824 481 1871 ceteros
510 1812 601 1871 libros
624 1833 640 1871 e
664 1811 814 1871 codicibus
836 1810 938 1871 LXX.
967 1812 1110 1889 originem
1145 1810 1265 1869 duxisse
1288 1810 1430 1870 iudicant.

182 1898 244 1957 Hic
273 1897 341 1956 libri
372 1898 628 1959 deuterocanouici
664 1919 730 1957 cum
754 1900 989 1977 protocanonici‘s
1019 1896 1123 1956 eodem
1153 1897 1217 1956 loco
1247 1906 1276 1955 et
1308 1918 1428 1957 numero

183 1984 340 2045 habentur.
372 1984 422 2045 Ab
446 1986 502 2045 hac
532 1985 724 2045 celeberrima
753 1984 884 2045 editione
915 1988 1023 2043 Sacrae
1054 1986 1222 2063 Scripturas
1252 1985 1428 2061 listrogensi

181 2092 287 2131 omnes
301 2075 476 2151 posteriores
500 2072 644 2132 editiones
660 2072 819 2132 bibliorum
841 2074 1018 2131 rassicorum
1041 2090 1156 2149 semper
1178 2083 1316 2149 utrosque
1340 2070 1430 2129 libros

182 2158 221 2217 V.
237 2159 274 2217 Τ.
288 2160 442 2219 continent
455 2155 508 2238 33).
530 2160 566 2217 ln
582 2157 762 2219 editionibus
777 2159 865 2219 buius
880 2160 1020 2237 temporis
1036 2156 1094 2238 (ed.
1122 2158 1216 2230 1882)
1234 2180 1251 2215 a
1275 2178 1296 2216 s.
1314 2156 1428 2237 synodo

180 2244 354 2324 approbatis
387 2248 579 2305 inveniuntur
612 2246 644 2304 hi
678 2245 746 2304 libri
778 2246 813 2303 V.
843 2246 897 2308 T.:
933 2246 1068 2315 Genesis,
1103 2242 1232 2313 Exodns,
1268 2244 1429 2317 Leviticus,

182 2332 316 2403 Numeri,
357 2333 628 2402 Deuteronominm,
666 2334 759 2405 Iosue,
794 2331 920 2403 Iudices,
962 2332 1049 2404 Ruth,
1085 2330 1205 2391 t-1V.
1240 2332 1362 2409 Regum,
1397 2331 1429 2403 Ι.,

181 2418 223 2477 IL
245 2419 385 2498 Paralip,
416 2420 439 2477 I,
470 2420 585 2478 Esdrae
608 2419 644 2496 (Ι.
673 2419 789 2479 Esdrae
812 2418 921 2497 vulg),
945 2418 1020 2477 liber
1042 2418 1215 2488 Nehemiae‚
1244 2418 1285 2475 II.
1316 2415 1430 2476 Esdrae

181 2504 253 2582 (ΠΙ.
275 2526 372 2585 apocr.
395 2502 504 2585 vulg),
538 2506 657 2577 Tobios,
688 2505 798 2579 Iudith,
828 2506 939 2565 Esther
962 2506 1040 2583 (eum
1064 2506 1238 2583 fragmentis
1260 2500 1428 2585 deuteros),

182 2590 247 2664 Iob,
280 2592 468 2662 Psalterinm,
502 2592 665 2652 Proverbia
694 2594 868 2663 Salomonis,
899 2593 1105 2665 Ecclesiastes,
1140 2593 1296 2651 Canticum
1328 2590 1430 2649 Canti-

181 2698 283 2737 corum
318 2679 493 2748 Salomonis,
535 2680 688 2758 Sapientia
722 2680 897 2751 Salomonis,
936 2681 1090 2759 Sapientia
1123 2679 1199 2751 Iesu,
1229 2677 1283 2735 lilii
1315 2678 1427 2749 sirach,

182 2766 304 2836 lesaias,
339 2767 490 2827 Ieremias.
525 2768 767 2826 Lamentationes
801 2768 914 2839 Ierem,
949 2766 1085 2846 Epistola
1119 2766 1263 2827 Ieremias
1300 2760 1430 2843 (Baruch

183 2848 261 2933 VI),
283 2852 409 2926 Bamcb,
433 2854 583 2925 Ezechiel,
606 2854 715 2913 Daniel
739 2854 817 2931 (cum
840 2854 1015 2933 fragmentis
1038 2852 1245 2928 deuterocan.),
1276 2850 1430 2910 duodecim

182 2938 302 3018 Proph,
319 2940 352 3011 1,
364 2940 412 3013 11,
424 2940 481 2999 III.
492 2939 744 3011 Maccahaeorum,
761 2942 814 3001 IV.
826 2940 941 3001 Esdrao
954 2941 1019 3018 (lv.
1031 2960 1128 3018 apocr.
1140 2938 1254 2999 Esdrae
1270 2936 1371 3015 Vulg.)
1386 2934 1429 3017 ³⁴)

167 3024 268 3090 =Libri
290 3025 547 3087 deuterocanouici
570 3026 834 3089 commiscebantur
849 3028 1104 3106 protocanonicis3
1128 3025 1246 3085 demum
1259 3025 1362 3084 ultimo
1375 3026 1430 3083 hoc

180 3122 315 3191 tempore
337 3116 369 3172 in
391 3114 543 3173 nonnullis
564 3112 744 3175 editionibus
755 3123 825 3174 ante
838 3113 929 3174 libros
950 3114 1229 3173 deuterocenouicos
1253 3111 1429 3170 adnotatur:

185 3198 293 3272 „utiles
316 3200 354 3257 ad
376 3199 566 3279 legendum“.

287 3314 413 3392 Antiqui
442 3317 599 3393 scriptores
629 3315 787 3373 Russorum
811 3332 971 3393 numquam
1002 3312 1113 3371 faciunt
1143 3309 1301 3369 discrimen
1332 3320 1430 3368 aucto-

181 3400 281 3457 ritatis
310 3399 470 3460 divinaeve
493 3403 615 3477 originis
637 3400 777 3459 librorum
809 3402 1099 3478 protocanouicorum
1130 3410 1159 3455 ct
1189 3395 1430 3454 deuteron-anoni·

289 3586 441 3641 trabIssont
458 3598 513 3654 que
526 3585 563 3640 de
580 3585 746 3640 sentimenta
759 3548 930 3639 individuels
949 3589 978 3639 et
990 3600 1025 3639 ne
1043 3583 1198 3637 diminuerit
1216 3596 1250 3637 en
1266 3581 1325 3635 rien
1344 3581 1372 3634 la
1390 3578 1429 3637 foi

287 3656 420 3724 generale
439 3655 475 3709 de
492 3654 609 3778 l'Egiise
627 3653 683 3724 qui,
701 3654 802 3725 depuis
820 3654 847 3709 le
865 3654 919 3708 VIe
938 3654 1023 3709 siecle
1039 3654 1132 3735 jusqu·
1150 3667 1187 3706 au
1205 3651 1258 3717 Xe,
1283 3648 1372 3703 admit
1389 3650 1430 3704 in·

290 3725 477 3793 tegralomeut
493 3724 522 3778 la
563 3724 621 3779 rble
640 3729 670 3777 et
686 3728 748 3779 crut
765 3729 782 3778 i
800 3739 833 3778 sa
850 3723 947 3778 drvme
967 3723 1129 3779 auctorite“.
1167 3721 1209 3775 Ol.
1237 3720 1432 3788 Mangenot

288 3794 317 3848 in
335 3793 528 3849 Dictiousaire
547 3792 582 3847 de
601 3792 758 3863 Theologio
776 3792 947 3861 catholique.
965 3792 999 3847 Π.
1018 3792 1098 3847 Paris
1117 3791 1186 3846 1904
1202 3789 1337 3914 peston).

236 3862 275 3933 31)
295 3862 351 3919 eft.
369 3864 406 3920 Id.
424 3862 810 3945 Blagovdibenskij,
838 3864 938 3917 littura
957 3864 1061 3915 Ilnass.
1090 3862 1182 3915 Ilicet,
1310 3928 1316 3941 ι

287 3934 341 4056 33⁰
347 3933 606 4057 cistert
614 3933 701 4084 'til
710 3932 762 4057 ¹12¹*
772 3930 1102 4083 deluditis?
1112 3945 1208 4081 tt?
1218 3928 1431 4080 tellite}

287 4071 389 4154 Enete,
416 4074 463 4126 An
490 4070 686 4155 Introduction
696 4072 717 4139 ¹,
735 4089 763 4142 p.
782 4073 846 4133 121;
878 4070 942 4126 carl
966 4070 1062 4127 Herur.
1087 4068 1251 4153 Comrll,
1267 4068 1432 4190 Erulertuug

287 4156 316 4194 ιιι
335 4141 381 4195 dre
406 4140 598 4197 kanonucben
627 4140 740 4197 Btcber
765 4142 816 4197 des
844 4140 932 4197 Alter
961 4140 1151 4221 Testamenta
1179 4137 1329 4221 'itihingen
1355 4139 1432 4193 190.

286 4209 375 4277 ted,
393 4227 421 4280 p.
439 4210 499 4265 399.
523 4211 555 4266 lu
574 4209 869 4284 iiiito-Oyklopaedia
888 4239 921 4251 -
940 4209 1018 4265 astte.
1038 4208 1173 4265 Vorsrons
1191 4214 1305 4277 ponitur
1317 4214 1431 4262 veteros

287 4280 408 4334 lavicum
427 4280 586 4335 verstouom
597 4297 623 4364 'o'
640 4279 746 4363 Vetere
764 4281 838 4336 Itala
855 4278 959 4363 tactam
980 4294 1050 4335 esse.
1127 4348 1134 4359 ι

235 4347 633 4433 ³²)Al.Sobolevslr1J,
682 4348 1431 4432 rima9capitaobcaecatamauteatraus·

235 4486 274 4558 33)
286 4416 1167 4560 11111ιῄ1181ἔὶῢὲῗᾞο1οξῗ1ῃ1ιξιπιτὲἓὲι118ι11α1(1811111οέ1,)
1178 4486 1207 4540 C.
1228 4488 1430 4554 Ilerepovpra.

236 4557 492 4709 *4)1191101111111148
508 4629 680 4709 editionibus
697 4627 851 4683 adduntur:
885 4627 953 4707 Chi.
973 4626 1099 4681 Psalmus
1127 4622 1229 4679 influe
1249 4622 1379 4678 Psalterii
1403 4624 1433 4675 et

288 4695 384 4776 Oratio
403 4713 479 4767 regis
497 4698 634 4753 Manassis
652 4715 680 4753 m
698 4696 755 4753 tine
775 4698 810 4752 II.
827 4696 950 4767 Paralrp.

1219 3860 1279 3925 sse,
1297 3876 1324 3929 p.
1344 3860 1429 3914 217-
