3450 5342
884 377 1052 431 ,43-

341 567 505 624 naturalem
530 564 608 623 haud
632 564 773 622 obfuscat.
801 600 832 606 -
855 565 957 622 Posito
972 567 1031 622 iant
1047 564 1248 623 fundamento.
1260 563 1384 622 articulo
1406 563 1444 620 ll.
1468 565 1601 641 primaru

343 651 537 730 genealogiae
575 661 701 710 aetatem
741 652 808 709 stilo
850 649 978 710 biblicae
1015 653 1170 710 suavitatis
1214 661 1339 709 enarrat.
1378 648 1602 708 additamenta

345 739 538 816 (mentionem
555 739 677 799 fratrum
697 737 787 796 luciae
800 752 829 796 et
841 738 974 796 'l'hamar
985 748 1013 796 et
1026 737 1161 813 Raohab)
1185 757 1260 816 quae
1283 736 1321 794 ad
1343 737 1463 794 schema
1488 756 1602 812 genea-

344 826 480 904 logicum,
505 827 530 884 si
554 847 575 882 s.
604 835 704 882 auctor
733 845 836 902 puram
868 834 897 882 et
926 835 1026 902 putam
1061 824 1265 901 genealogiam
1296 822 1413 881 tradere
1442 823 1601 883 voluisset.

343 915 465 972 minime
504 911 690 990 quadrarent,
729 911 767 970 ad
805 914 982 970 senteutiam
1020 931 1103 970 suam
1141 909 1371 969 continuandam
1402 919 1471 988 apte
1496 910 1599 977 trahit⁴

342 997 509 1058 rabbinicas
544 997 693 1058 doctrinas
728 1001 796 1056 crisi
832 998 938 1056 subicit
962 1007 992 1056 et
1014 999 1123 1076 optime
1147 998 1186 1056 ad
1216 1017 1300 1056 snum
1333 1017 1418 1054 nsum
1452 997 1599 1054 transfert

342 1085 562 1168 philosophicas
594 1084 631 1143 de
661 1086 786 1144 historia
824 1085 923 1164 populi
963 1085 1049 1142 electi
1094 1083 1345 1143 considerationes
1381 1085 1525 1141 instituit.
1557 1117 1597 1126 -

342 1171 456 1230 Eodem
480 1173 542 1232 fere
569 1172 656 1231 mode
687 1174 783 1231 notari
806 1183 902 1251 potest
932 1172 1072 1229 articulus
1096 1172 1151 1229 lll.
1174 1172 1258 1229 alteri
1289 1170 1484 1247 genealogiae
1518 1174 1600 1248 parti

344 1259 552 1338 explanandae
576 1259 749 1318 destinatus.
772 1259 965 1318 Narrationes
989 1259 1094 1338 plenae
1110 1257 1222 1317 ardoris
1238 1273 1267 1316 et
1282 1268 1384 1334 gratae
1404 1257 1595 1327 „unctionis‘

344 1348 497 1424 excipiunt
529 1347 727 1424 scrupulorum
752 1355 834 1404 textu
859 1345 894 1404 Υ.
916 1346 952 1403 'l'.
976 1348 1109 1424 inspecto
1132 1347 1305 1403 iniectorum
1334 1346 1544 1422 exemptiones
1567 1359 1598 1402 ct

342 1432 466 1491 aliorum
491 1432 631 1492 nodorum
658 1435 876 1510 exegeticoram
900 1435 1119 1492 extricatioues.
1141 1431 1261 1510 Optime
1285 1431 1418 1488 atticinnt
1442 1441 1473 1487 et
1491 1442 1597 1488 teuent

343 1520 481 1578 lectorem
507 1539 582 1598 quae
606 1521 781 1598 explanator
803 1519 840 1578 ad
863 1541 884 1576 v
908 1521 936 1576 6.
958 1520 1108 1598 praeclare
1131 1532 1159 1576 et
1183 1521 1368 1576 ornatissime
1396 1520 1531 1595 exponit,
1555 1553 1596 1559 -

342 1607 477 1666 'l‘ortiam
502 1617 613 1684 partem
643 1606 730 1685 paulo
753 1605 951 1664 difficiliorem
974 1609 1218 1684 interpretatione
1247 1620 1351 1683 quarto
1381 1604 1509 1662 articulo
1531 1626 1598 1682 pra

344 1696 448 1771 posita,
473 1695 503 1751 iu
527 1714 584 1772 qna
608 1697 671 1752 sino
706 1693 795 1750 dubio
818 1695 887 1751 licet
911 1696 1104 1772 acquiescere.
1128 1694 1278 1770 explanat.
1301 1693 1375 1766 legis
1399 1691 1436 1749 de
1459 1692 1600 1760 leviratu,

348 1779 386 1838 de
409 1783 594 1838 successione
618 1780 745 1838 filiarum
769 1793 798 1839 et
815 1780 997 1860 dyonymiao
1018 1779 1120 1838 habita
1144 1783 1266 1837 ratione.
1356 1778 1489 1836 ‚trticnlo
1506 1779 1543 1836 V.
1559 1778 1597 1835 de

339 1869 453 1926 numeri
479 1869 599 1926 ternarii
623 1867 801 1946 epocharum
827 1881 854 1926 et
880 1867 1131 1945 quattuordeuarii
1167 1866 1390 1939 generationum
1421 1865 1593 1939 significatu

338 1963 454 2012 tractat.
485 1955 606 2012 tteieero
637 1963 802 2012 commento
844 1975 952 2021 coruus,
982 1957 1031 2031 qui
1063 1975 1127 2011 cunr
1158 1953 1407 2031 hleycr—ll'oiss
1437 1967 1597 2010 autumant

339 2040 455 2118 lapsum
485 2041 560 2113 oculi
593 2041 795 2117 evangelistae
831 2041 1020 2118 genealogias
1052 2077 1090 2093 2-
1122 2060 1196 2118 «liras
1230 2039 1354 2118 quilibet
1386 2037 1594 2097 Hebraeorum

337 2127 452 2204 puellus
476 2130 643 2186 memoriter
674 2139 795 2185 noverat
822 2163 860 2170 —-
885 2127 1088 2197 describentis,
1120 2138 1220 2187 auctor
1250 2127 1333 2184 docet
1358 2147 1380 2183 s.
1405 2125 1591 2184 llatthaeam

338 2233 442 2271 revera
473 2235 573 2272 omues
608 2217 788 2272 recensuisse
822 2235 972 2293 personas.
1003 2235 1075 2293 (quas
1105 2236 1157 2294 pro
1180 2216 1328 2292 prrqrosite
1351 2233 1403 2270 sno
1426 2214 1590 2270 theoretico

337 2299 445 2376 dignas
467 2299 579 2370 lralurit,
603 2322 677 2378 spirae
704 2314 931 2360 recenserentur.
957 2302 994 2359 lJt
1020 2305 1050 2359 in
1074 2302 1199 2376 siugulis
1229 2301 1420 2378 goriealogiae
1456 2298 1590 2376 partibus

338 2385 573 2464 quattuordecim
597 2391 804 2464 generationes
828 2392 1042 2455 contineantur,
1066 2388 1164 2446 album
1189 2388 1334 2446 calculum
1357 2387 1401 2444 illi
1422 2388 1588 2444 sententiae

339 2472 440 2545 adicit,
472 2493 546 2552 quae
582 2474 754 2534 lechouiara
789 2475 835 2534 bis
869 2474 984 2554 (liberis
1019 2489 1168 2533 carentem
1206 2487 1235 2532 et
1265 2473 1422 2531 maledicto
1452 2493 1486 2529 ac
1518 2473 1589 2530 tiliis

338 2558 491 2620 douatnml
521 2571 663 2619 numerat.
687 2562 723 2620 lu
747 2583 888 2640 suspenso
918 2563 1058 2640 relinquit
1090 2563 1264 2620 allusionem
1288 2559 1325 2617 ad
1350 2580 1455 2617 nomeu
1488 2558 1588 2616 David

338 2645 370 2724 (4
382 2647 421 2722 Js-
433 2650 450 2704 e
462 2647 500 2724 -l-
511 2651 582 2705 4:
594 2651 653 2709 lit.
678 2648 800 2706 adhibet
823 2670 859 2706 ex
876 2665 960 2726 piane
977 2671 1041 2707 cum
1058 2649 1216 2706 Ambrosio
1240 2650 1395 2727 mysticam
1418 2645 1589 2704 divinorum

337 2753 524 2792 numerorum
551 2738 576 2803 7,
602 2740 629 2802 s,
654 2738 695 2791 tt)
719 2737 983 2812 significationem:
1008 2739 1137 2793 mauiine
1168 2749 1265 2792 autem
1288 2737 1346 2812 ipsi
1377 2733 1516 2810 probatur
1539 2755 1589 2789 cx-

339 2821 468 2900 plicatie.
493 2843 514 2879 s.
538 2821 723 2880 Matthaeum
754 2843 818 2880 cum
846 2826 884 2880 14
908 2825 1114 2900 generationes
1146 2823 1310 2878 invenisset
1332 2823 1363 2878 iu
1387 2838 1469 2897 parre
1493 2823 1588 2896 prima

337 2909 494 2964 etiterum
521 2910 550 2964 in
575 2907 712 2968 secunda.
741 2911 869 2967 exclusis
901 2912 976 2967 iusto
1000 2913 1061 2966 iure
1092 2906 1284 2965 excludendis
1315 2906 1457 2983 (lezabel)
1481 2923 1508 2963 et
1535 2905 1587 2962 sub

337 3013 397 3052 una
420 2995 609 3070 generatione
634 2994 776 3054 exhibitis
801 2996 918 3072 regibus
935 2997 1030 3054 losiae
1047 2994 1269 3058 suecessoribus.
1293 2993 1418 3051 eundem
1435 3012 1589 3050 numeram

340 3083 519 3159 computatio
543 3081 694 3152 eti'ecissot‚
719 3085 749 3140 in
773 3085 860 3140 tertia
877 3083 955 3140 hirec
972 3103 1124 3140 unmetrnn
1147 3083 1302 3138 retinuisse
1319 3079 1355 3139 ad
1372 3078 1587 3157 plenitudinem

339 3169 479 3244 temporis
503 3166 727 3246 designandam.

448 3306 481 3364 ln
505 3307 699 3365 conciliandis
724 3308 868 3364 Matthaei
893 3324 920 3364 et
944 3308 1043 3366 laicae
1066 3307 1248 3384 genealogiis
1279 3316 1379 3364 auctor
1408 3308 1537 3384 praeterr
1560 3322 1590 3363 et

339 3403 437 3451 tuetur
461 3393 651 3473 hypothesim
675 3393 752 3471 apud
771 3395 819 3452 lic.
844 3394 1048 3470 genealogiam
1072 3395 1107 3451 la
1129 3396 1168 3451 hl.
1187 3393 1220 3456 V.
1238 3394 1306 3471 legi.
1328 3396 1497 3451 liatiounm.
1513 3414 1589 3470 cquae.

339 3479 401 3538 fere
438 3481 534 3538 alterii
570 3481 672 3548 solent,
708 3501 838 3558 (quasque
874 3482 1009 3540 liuretov
1043 3481 1203 3558 diligenter
1232 3488 1261 3538 et
1292 3490 1428 3538 accurrate
1457 3483 1588 3557 exponit,

339 3567 509 3624 firmitatem
533 3587 566 3624 ae
590 3570 651 3624 vim
676 3571 775 3645 erugari
801 3571 947 3626 sententia
964 3568 1016 3624 illa
1032 3569 1152 3640 Lucam,
1175 3568 1444 3646 historiographum
1471 3587 1589 3624 accura-

339 3663 409 3713 tum.
432 3654 525 3729 pluris
549 3657 722 3713 aestimasse
746 3657 950 3732 genealogiam
974 3676 1075 3712 veram
1091 3673 1121 3712 et
1136 3655 1309 3717 naturalem,
1325 3675 1413 3732 qnam
1432 3653 1587 3710 iuridicam

338 3747 368 3795 et
391 3739 601 3798 theocraticam
627 3751 714 3820 atquo
739 3743 888 3800 efficacius
911 3758 939 3800 et
956 3744 1054 3818 aptius
1068 3744 1164 3819 priore
1180 3762 1269 3819 quam
1284 3744 1444 3820 [anteriore
1459 3740 1587 3798 ethnicis

338 3833 368 3882 et
391 3825 681 3885 ethnioochristianis
714 3829 824 3886 (finisti
856 3828 944 3885 fidem
976 3828 1183 3886 commendare
1205 3842 1234 3886 ct
1258 3827 1394 3886 cordibus
1418 3828 1585 3904 imprimere

337 3913 476 3990 potuisse,
501 3913 622 3972 fortusse
647 3936 732 3972 neme
756 3929 808 3984 est,
832 3919 884 3994 qui
907 3915 1077 3972 diftiteatur.
1100 3919 1185 3990 tinae
1208 3915 1390 3994 hypothesis,
1407 3917 1432 3972 si
1448 3935 1521 3971 vera
1535 3928 1585 3980 est,

337 3999 437 4076 regale
462 4000 588 4058 liavidis
612 4022 703 4078 gertus
728 4002 906 4061 theocratiee
929 4005 1107 4060 rrressianum
1131 4019 1159 4058 et
1184 4006 1362 4060 urcissianum
1391 4000 1528 4058 idealiter
1551 4000 1585 4058 de

338 4085 493 4146 Salvator-a
523 4101 592 4146 irato
625 4091 654 4145 in
686 4092 873 4148 matrimonio
904 4091 937 4150 B.
967 4089 1004 4146 Υ.
1034 4100 1062 4146 et
1086 4111 1107 4150 s.
1130 4089 1257 4166 ‘losephi
1287 4088 1476 4163 congaudens
1508 4087 1585 4147 tacit.

336 4172 452 4230 Eadem
482 4173 680 4246 difficultates,
712 4197 785 4254 (quus
808 4177 929 4234 alterius
953 4177 1118 4235 sententiae
1142 4178 1256 4252 patroni
1287 4175 1417 4232 obiciunt
1448 4173 1587 4251 eupsedite

337 4260 547 4338 infringuntur.
580 4265 628 4321 aie
660 4265 780 4320 uomina
804 4263 875 4320 lleli
907 4277 936 4321 et
966 4263 1099 4320 louohim
1131 4283 1189 4320 nou
1220 4263 1307 4320 simrd
1337 4263 1389 4320 sed
1421 4263 1585 4319 successivo

337 4346 434 4405 eidem
471 4369 614 4426 personae
652 4349 799 4407 tribuatur
828 4359 857 4407 ot
889 4351 959 4407 lleli
990 4371 1028 4406 cu
1062 4349 1235 4408 llelelrdalr
1258 4347 1421 4424 (celsitudo,
1459 4347 1587 4405 elevatio

334 4433 455 4510 Jahwel
489 4434 648 4496 derivatur.
680 4437 719 4494 pq
756 4447 883 4498 „centiam
917 4457 1012 4514 neque
1043 4435 1178 4514 cupidius
1215 4436 1323 4493 factum
1353 4436 1581 4503 testimoninm,>t

337 4519 416 4598 qnod
439 4522 627 4601 hypothesim
652 4543 739 4601 quarn
764 4523 906 4588 delendit,
929 4523 1089 4589 confirmet,
1113 4523 1223 4598 allegat
1246 4525 1323 4579 iuter
1337 4521 1397 4580 alia
1413 4524 1504 4579 etiam
1527 4519 1591 4578 Ge·-

336 4627 436 4666 marae
454 4609 536 4666 Hier.
560 4609 608 4666 tad
635 4622 717 4670 tract.
742 4609 879 4686 Clratgiga
894 4631 956 4688 cap.
973 4613 990 4666 2
1008 4611 1025 4680 ξ
1043 4605 1074 4688 2)
1095 4611 1230 4684 „hlirjam
1247 4609 1319 4666 bath
1337 4607 1466 4683 (beruth)
1485 4609 1581 4664 lleli.a
