3450 5342
874 398 1043 452 -32-

340 582 479 641 Haruaclt
512 585 570 641 iam
601 605 643 652 eo,
678 584 756 663 «prod
780 585 932 643 historiam
956 605 1038 642 suam
1061 585 1181 640 omnino
1205 581 1288 638 falsis
1311 582 1514 640 fundamentis
1536 604 1588 640 su·

336 672 505 746 perstruxit,
528 679 620 728 totum
644 691 716 749 opus
740 691 821 729 suum
846 673 982 748 corrupit.
1005 669 1083 748 quod
1108 669 1247 726 lehetlev
1277 680 1368 726 totum
1392 691 1465 746 opus
1488 670 1588 746 perlu-

336 766 432 814 strans
476 756 656 816 demonstrat
695 760 902 830 (tta-516).
944 758 1051 815 'l'otum
1088 756 1251 815 llarnaeltii
1289 777 1360 833 opus
1394 756 1588 819 demonstrat,

339 842 503 921 „quomodo
527 843 744 921 procedendum
769 865 842 902 non
867 848 922 902 sit*
948 845 1101 902 historiam
1124 844 1268 901 eeclesiae
1291 846 1438 904 tractanti,

449 947 576 1013 „Notata
608 947 752 1025 quaedam
784 947 820 1006 tle
852 949 975 1006 historia
1008 948 1209 1005 ecelesiastica
1232 949 1262 1003 in
1284 947 1408 1004 Russia“
1435 957 1497 1023 (pag.
1523 951 1587 1003 fila

337 1036 456 1106 --esot
479 1036 578 1092 statim
603 1036 688 1092 initio
712 1037 845 1113 aperiunt
878 1037 1030 1092 lanariam
1054 1035 1283 1092 ecelesiasticam
1307 1036 1338 1090 in
1361 1033 1468 1090 Russia
1491 1035 1587 1090 multo

333 1121 502 1178 interiorem
537 1141 600 1179 csse
636 1141 722 1200 quatu
758 1125 788 1180 in
826 1123 990 1182 Occidente
1025 1124 1120 1188 1519).
1161 1121 1260 1178 l'rima
1284 1122 1418 1178 tractatio
1441 1121 1586 1177 historiae

337 1207 406 1266 ecel.
440 1209 470 1264 iu
501 1207 608 1266 Russia
638 1219 682 1266 est
717 1207 851 1278 „Liber
881 1210 1126 1266 llistorieus⁴
1161 1208 1262 1284 lingua
1286 1206 1377 1264 latina
1400 1210 1587 1284 cottscriptns

334 1293 372 1351 ah
396 1315 441 1372 ep.
464 1295 495 1351 M
504 1293 662 1352 ethodio
686 1297 874 1360 emirnov,
897 1296 993 1353 editus
1026 1297 1191 1352 lloscoviae
1214 1315 1240 1352 a.
1266 1297 1356 1350 latai.
1382 1295 1420 1350 ll.
1444 1295 1586 1351 smirnos

336 1401 445 1454 taragna
470 1380 587 1458 quidem
612 1379 777 1440 eruditione
808 1404 879 1460 opus
907 1405 989 1440 suum
1013 1384 1195 1459 cormeripsit‚
1220 1395 1317 1438 tamen
1341 1401 1413 1457 opus
1436 1380 1475 1436 ad
1499 1402 1585 1438 usum

336 1471 496 1545 practieum
521 1477 550 1526 et
573 1469 735 1526 scholarem
759 1491 817 1528 non
841 1483 884 1526 est
907 1484 1007 1548 aptum
1031 1473 1237 1543 (Ml—heti).
1261 1470 1298 1524 A.
1325 1471 1404 1525 1817
1426 1467 1526 1524 editus
1541 1487 1584 1524 est

334 1553 408 1612 liber
431 1555 577 1613 manualis
607 1555 763 1614 historicus
799 1557 1057 1617 „Naeertauie
1091 1555 1297 1628 eerkovnoj
1332 1557 1479 1611 istorii·
1517 1576 1586 1611 eton-

333 1643 458 1719 scriptus
482 1639 518 1698 ab
536 1642 768 1701 Innocentio
792 1645 864 1702 Stoi
877 1665 977 1708 rnov,
1000 1643 1165 1700 ‹lestiaatus
1184 1643 1350 1700 seminariis
1369 1652 1398 1698 et
1420 1639 1587 1698 academiis

335 1729 510 1804 theologicis
544 1729 788 1808 approbatamque,
822 1733 881 1808 qui,
915 1733 939 1787 si
974 1729 1108 1786 doctrina
1141 1731 1289 1806 exquisita
1313 1739 1467 1806 spectatur.
1492 1729 1585 1784 multo

332 1813 461 1872 deterior
495 1824 538 1872 est
574 1818 730 1894 superiore.
767 1818 787 1874 l.
821 1819 958 1874 Smirnov
993 1816 1140 1894 pleraque,
1172 1835 1259 1892 saepe
1283 1813 1320 1872 ad
1344 1815 1474 1872 verbum.
1498 1817 1583 1871 iuxta

333 1902 489 1960 historicos
520 1905 705 1978 germanicos
736 1906 833 1982 (prot.)
858 1903 1019 1981 Spaaheim
1044 1905 1131 1976 (saec.
1156 1902 1257 1958 Xl'll.
1281 1923 1307 1958 v.
1331 1903 1391 1957 lint
1415 1913 1443 1958 et
1471 1901 1585 1958 Weiss-

334 2009 423 2046 mann
458 2004 545 2064 tsaec.
580 1989 710 2054 'xviiii
741 1993 903 2068 composuit
930 1993 1138 2062 (seit-532).
1173 2025 1210 2030 —
1243 1989 1352 2046 Postea
1374 1991 1405 2045 in
1429 1988 1584 2045 academia

333 2077 530 2132 hloseouieusi
564 2076 658 2133 floruit
688 2079 759 2153 prof.
790 2079 824 2134 sl.
858 2077 892 2133 l'.
922 2077 1066 2134 (lorski
1075 2098 1088 2152 J
1115 2077 1144 2147 t†
1170 2079 1273 2141 tata),
1297 2077 1346 2152 qui
1369 2077 1447 2131 iuter
1475 2074 1585 2132 doctis-

333 2163 423 2219 simos
447 2162 601 2218 historicos
624 2163 839 2220 ecclesiasticos
862 2167 894 2221 iu
918 2165 1025 2221 llussia
1048 2176 1216 2222 numeratur
1232 2165 1438 2246 (titiis-Jiizltil.
1464 2163 1499 2218 ln
1516 2183 1583 2218 aca-

332 2247 431 2305 demia
454 2248 676 2326 l'etropolitana
700 2250 802 2307 etalem
826 2269 957 2329 tempore
987 2253 1097 2308 emittet
1120 2252 1192 2328 prof.
1217 2250 1238 2306 l.
1265 2251 1298 2305 l'.
1322 2249 1476 2311 llol‘cou
1500 2251 1583 2307 euim

331 2344 429 2393 tamen
471 2336 606 2412 .lstorija
643 2337 832 2413 hristianskoj
868 2338 996 2395 Cedrei·
1032 2337 1068 2416 (l.
1101 2349 1128 2394 et
1152 2339 1255 2394 uniens
1291 2349 1386 2393 tomus
1415 2334 1513 2392 editus
1538 2349 1583 2393 est

331 2443 356 2479 a.
382 2423 478 2495 lest)
502 2422 554 2480 suh
580 2425 670 2480 nlntio
693 2424 807 2482 influxu
841 2425 972 2483 historici
995 2427 1155 2500 ger-uranici
1186 2427 1220 2480 A.
1250 2422 1390 2482 Neander
1415 2426 1582 2500 conscripta

333 2517 378 2566 est
401 2510 607 2587 (sat-mm).
632 2545 673 2551 —
696 2509 768 2570 lude
801 2510 837 2568 ab
861 2533 886 2569 a
914 2514 994 2569 1869
1026 2512 1150 2570 historia
1180 2511 1379 2567 ecclesiastica
1404 2507 1492 2565 valde
1516 2529 1584 2587 pro-

330 2615 431 2672 gressa
462 2609 514 2660 est,
545 2615 609 2653 curn
642 2596 711 2654 inde
735 2597 771 2654 ah
795 2598 851 2655 hoc
874 2618 951 2656 anuo
975 2602 1006 2656 in
1030 2597 1190 2656 academiis
1212 2597 1387 2673 theologicis
1409 2598 1504 2671 magis
1536 2617 1579 2654 re

331 2683 487 2760 spiciatat·;
512 2703 536 2739 a.
563 2685 644 2740 tetta
669 2705 739 2741 vero
763 2685 886 2742 historia
907 2686 978 2746 ecel.
1000 2688 1088 2743 etiam
1113 2687 1144 2742 in
1167 2683 1410 2741 universitatibus
1427 2683 1472 2761 (in
1490 2683 1580 2740 facul-

331 2777 393 2827 tate
426 2769 771 2847 historico-pltilologica)
804 2771 972 2830 introducta
999 2784 1044 2830 est
1072 2773 1278 2846 isati-543).
1309 2773 1346 2828 A.
1372 2773 1454 2828 teat
1478 2771 1579 2827 laurea

334 2854 536 2928 „doctoratns‘
564 2856 704 2915 historiae
728 2858 797 2918 eccl.
822 2861 958 2918 instituta
980 2869 1032 2930 est„
1056 2858 1133 2936 quod
1153 2861 1308 2915 seientiam
1328 2857 1469 2914 historiae
1485 2857 1579 2914 eccle

333 2944 468 3000 siasticae
503 2942 590 3002 valde
625 2947 770 3022 promovit
805 2942 1012 3025 (etat—stt).
1049 2947 1129 3003 luter
1162 2945 1326 3016 historicos,
1350 2946 1399 3022 qui
1423 2944 1577 3002 historiam

332 3029 474 3088 ecelesiae
498 3032 637 3108 antiquae
654 3041 782 3090 tractant
805 3032 852 3090 vel
870 3043 1003 3110 tangunt,
1016 3044 1146 3110 ternpore
1159 3033 1320 3090 recentiore
1332 3033 1481 3088 eminent:
1496 3031 1531 3087 V.
1545 3030 1579 3090 V.

330 3116 463 3179 Boletos,
489 3117 511 3174 l.
535 3118 569 3174 E.
593 3118 736 3194 'l'roickij,
760 3119 817 3176 Th.
842 3121 878 3176 A.
901 3121 1066 3196 Karganov
1090 3116 1274 3199 (stt—ts).

443 3203 506 3276 „tte
541 3207 682 3264 scientiae
712 3207 912 3264 ecclesiastico
943 3207 1101 3264 historicae
1125 3208 1252 3264 russicae
1275 3204 1312 3262 ad
1336 3204 1578 3282 protestanticarn

329 3287 445 3372 (germ.)
469 3291 628 3350 relatione·
655 3295 804 3370 proprium
829 3305 916 3371 caput
939 3293 1109 3351 inscribitur
1132 3291 1339 3372 (ast-569).
1358 3292 1445 3348 Russi
1463 3310 1579 3367 semper

326 3380 456 3436 maxime
480 3399 497 3435 a
519 3381 644 3437 seientia
665 3382 835 3455 genuaniea
864 3379 1085 3458 dependebant;
1108 3384 1150 3437 ita
1172 3382 1261 3437 otiam
1284 3379 1464 3436 inscientia
1487 3378 1580 3434 eecle-

327 3465 602 3523 siastico-historica
625 3467 751 3524 scientia
786 3467 1013 3538 „occidentaliff
1041 3488 1128 3544 saepo
1151 3466 1229 3524 idem
1247 3465 1579 3542 signifieatacscientia

327 3553 498 3627 germanica
521 3548 628 3632 (prot).
652 3551 792 3611 Lobedev
815 3565 933 3633 propter
955 3555 1033 3613 hanc
1055 3553 1284 3631 dependentium
1305 3553 1407 3609 Russis
1430 3561 1461 3608 et
1482 3551 1576 3608 ceela-

328 3639 389 3694 siae
421 3641 548 3695 russicae
571 3657 630 3696 non
654 3659 831 3718 magnopere
867 3645 959 3710 timet,
983 3662 1049 3700 cum
1072 3640 1265 3698 fundamenta
1288 3650 1317 3697 et
1340 3640 1488 3715 principia
1515 3658 1577 3710 „or-

328 3722 504 3782 thodoxiae
540 3735 599 3782 tam
635 3725 715 3784 clara
738 3729 805 3800 sint,
838 3739 870 3786 ut
892 3731 1019 3787 russicus
1042 3730 1164 3805 scriptor
1186 3727 1404 3785 ecclesiastieae
1437 3725 1580 3782 historiae

327 3813 490 3868 sententias
518 3811 744 3884 „orthodoxiae“
772 3815 964 3874 adversantes
987 3815 1074 3872 facile
1104 3817 1270 3892 perspicere
1293 3824 1322 3869 et
1344 3813 1458 3869 evitare
1480 3813 1574 3888 possit

329 3893 527 3978 (aet-sea)

435 3985 646 4063 supplementa
677 3985 875 4066 (ete—6to)
909 3987 978 4046 libri
1001 3997 1146 4047 tractant:
1174 3991 1199 4045 1.
1222 3987 1269 4043 De
1293 3989 1414 4063 antiquo
1436 3985 1578 4045 historico

327 4072 526 4130 ecclesiastico
557 4072 650 4131 latino
681 4075 860 4152 sulpitio
892 4079 1033 4134 Severo
1066 4070 1273 4154 (ste—572).
1305 4075 1333 4130 2.
1364 4073 1410 4129 lle
1440 4091 1576 4130 romano-

325 4157 432 4216 cathol.
461 4159 607 4218 historicis
630 4160 737 4218 Pleu
750 4182 793 4241 ry
816 4173 845 4219 et
867 4163 895 4218 'l'
909 4164 919 4219 i
931 4163 985 4220 lle
998 4183 1027 4220 m
1039 4183 1056 4220 o
1066 4171 1107 4219 nt
1121 4160 1327 4241 (sta-5845).
1351 4161 1378 4217 3.
1402 4159 1449 4217 De
1474 4161 1511 4216 A.
1541 4159 1576 4215 V.

326 4242 512 4320 Gorskij
539 4243 744 4324 (eeu-elo),
1432 4276 1435 4279 -

436 4331 525 4388 Liber
549 4354 687 4410 praesens
711 4336 802 4393 multa
827 4333 945 4412 quidem
970 4334 1057 4392 valde
1080 4337 1216 4412 pretiosa,
1244 4337 1341 4391 tttiuns
1363 4342 1463 4390 tamea
1487 4351 1575 4408 quam

324 4418 427 4475 titulus
445 4419 565 4487 indicat,
590 4419 717 4498 praehet.
741 4421 894 4480 Nonnulla
916 4435 1029 4479 tantum
1054 4423 1264 4498 fragmentarie
1287 4428 1412 4477 tractata
1435 4439 1507 4489 csse,
1524 4417 1576 4474 do-

327 4503 448 4562 lendum
479 4519 531 4569 est,
562 4529 626 4565 eum
659 4509 756 4586 colligi
790 4511 881 4588 possit
913 4512 1042 4566 maximo
1069 4511 1133 4566 usui
1162 4529 1226 4566 esse
1258 4510 1353 4564 virum
1381 4507 1524 4563 scientiae
1546 4514 1575 4561 et

324 4590 498 4650 eruditionis
521 4597 649 4653 tixitniae
673 4596 791 4671 plenum
816 4598 905 4653 etiam
929 4597 996 4652 aliis
1019 4595 1055 4653 tle
1079 4595 1165 4653 rebus
1188 4614 1222 4652 ac
1238 4596 1319 4659 viris,
1338 4594 1387 4649 hie
1402 4591 1574 4662 tractandis,

324 4690 521 4756 exponentem
556 4681 665 4739 audire.
702 4684 877 4740 Praesertim
913 4681 949 4738 tle
986 4684 1086 4739 ltussis
1110 4682 1243 4744 Bolotov,
1265 4679 1398 4754 'Proickij
1424 4679 1509 4756 plura
1530 4677 1576 4734 tli-
