3450 5342
651 453 776 511 -eo1
803 487 842 525 ᾗ

127 637 325 710 vulgaris
349 635 533 694 adhiberi
558 637 809 708 permittitur
831 637 876 692 ad
900 637 1083 694 iidelium
1110 639 1369 694 commodum

124 713 165 762 et
184 706 419 790 utilitatem,
439 706 574 762 servatis
594 711 705 763 tamen.
716 706 916 778 generalibus
937 707 1076 764 Decretis
1090 705 1183 764 huius
1198 707 1229 766 S.
1245 708 1370 764 Rituum

127 775 500 971 CongrffiffQOpi
519 846 643 901 illarum
665 847 838 916 regionum,
857 845 911 902 ubi
931 847 1039 902 eadem
1065 846 1096 902 in
1116 862 1176 904 usu
1196 852 1243 902 est
1262 846 1370 918 lingua

125 921 304 984 vernacula,
325 921 375 972 stu
400 920 472 970 eant
497 915 687 970 uniformi
716 917 915 973 curandae
943 916 1124 972 versioni
1154 933 1314 988 precum
1337 921 1373 971 et

124 986 365 1066 hymnorum
380 985 503 1110 (quibus
522 984 659 1056 populus
678 983 820 1067 indulget
839 986 872 1068 in
892 986 1020 1056 propria
1039 987 1175 1054 ecclesia,
1203 987 1242 1042 ad
1263 986 1320 1042 hoc
1339 990 1373 1042 ut

124 1072 182 1125 qm
208 1071 247 1110 ex
272 1071 334 1111 una
361 1055 511 1136 naham
532 1060 698 1137 transeunt
725 1056 891 1137 dioecesrm
921 1057 971 1138 uel
997 1057 1169 1146 paroeciam
1199 1056 1231 1112 ln
1254 1055 1370 1111 nullam

125 1125 278 1250 Offendlltl
308 1126 1136 1266 lucernis}tffitlrlrminagtuiclalrltgrffiffiefflezserrtgitgrzfflgam
1155 1195 1229 1251 litur
1253 1195 1371 1250 icarum

127 1279 267 1332 precum.
293 1263 337 1319 ad
364 1279 472 1319 usum
499 1263 772 1320 tantummodo
796 1265 996 1335 privatum
1024 1265 1208 1320 christili
1247 1264 1373 1332 elium,

124 1334 166 1388 ab
189 1331 354 1402 Episcopis
374 1332 432 1388 rite
452 1333 602 1403 recogniti
624 1333 687 1390 sint
705 1340 735 1389 et
754 1333 929 1405 approbati.

235 1421 348 1476 Datum
381 1420 506 1484 Romae,
536 1436 574 1475 ex
603 1420 773 1478 secretaria
806 1422 836 1476 S.
866 1419 992 1476 Rituum
1023 1418 1295 1490 congregationis,
1324 1417 1374 1472 die

125 1493 144 1546 5
163 1490 307 1560 Augusti,
326 1505 409 1545 anno
432 1491 504 1545 1898.

338 1603 370 1660 C.
391 1603 483 1659 (lard.
502 1603 732 1673 MAZZELLA,
751 1603 782 1660 S.
802 1604 841 1660 R.
860 1603 893 1660 (l.
912 1604 1039 1659 Praei.

684 1717 719 1772 D.
739 1717 892 1785 Parum,
913 1717 941 1773 S.
963 1717 998 1772 R.
1019 1716 1050 1772 G.
1071 1715 1216 1770 Secret.

161 1910 197 1974 ll.
222 1909 452 1978 Decretum
481 1912 529 1976 de
552 1929 627 1976 usu
651 1912 819 1992 liuguae
841 1911 1101 1976 Slavonicae
1133 1911 1174 1974 in
1198 1910 1334 1974 Sacra

628 2031 869 2114 Liturgla**)

214 2185 359 2241 Acresde
373 2183 561 2254 liturgico
576 2185 825 2255 palaeoslavi
844 2201 914 2242 seu
929 2185 1156 2256 glagolitici
1174 2184 1369 2240 sermonis

127 2272 199 2311 usu
218 2255 459 2322 controversias
479 2270 559 2324 quae
578 2255 632 2311 diu
650 2256 712 2311 iam
731 2255 764 2311 in
783 2255 955 2326 provinciis
976 2255 1154 2324 Goritiensi,
1177 2253 1320 2310 ledrensi
1340 2261 1371 2308 et

129 2323 333 2394 Zagrabieusi
358 2323 516 2380 dioeceses
547 2325 653 2394 plures
679 2331 925 2394 commoverunt,
958 2327 1147 2396 mmpcsitas
1172 2330 1267 2450 algae
1292 2323 1370 2378 adeo

129 2395 270 2450 sublatas
293 2394 421 2448 omnino
445 2409 515 2449 esse
534 2396 678 2463 oportuit,
729 2402 779 2452 ost
803 2411 839 2450 ea
861 2410 941 2466 quae
961 2395 1089 2451 Sacrum
1117 2395 1174 2450 hoc
1222 2393 1367 2450 cnsilium

126 2464 262 2534 itemque
280 2463 357 2519 illud
370 2463 628 2520 extraordinariis
645 2413 798 2520 Ecclesiae
811 2463 946 2537 negotiis
962 2466 1185 2536 praepositum,
1205 2463 1367 2544 Pontificis

130 2533 255 2588 llaximi
274 2532 399 2588 nomine
423 2539 454 2588 ct
471 2533 662 2601 auctoritate,
688 2535 878 2590 decreverat.
906 2535 965 2590 Sed
988 2539 1091 2590 tamen
1117 2535 1255 2590 noudum
1282 2547 1368 2602 ipsas

127 2601 344 2672 conquievisse
357 2601 525 2659 dolendum
539 2609 597 2670 est;
617 2603 772 2674 siquidem
790 2605 840 2659 bic
852 2620 957 2661 sermo
973 2604 1151 2660 etiamnunc
1165 2603 1366 2658 multifariam

128 2678 235 2728 contra
260 2671 487 2742 praescriptum
516 2677 691 2744 usurpatur
715 2673 747 2728 in
773 2674 989 2742 perfunctione
1020 2689 1197 2739 sacrorum;
1228 2672 1258 2727 id
1284 2671 1369 2742 quod

128 2757 189 2797 non
218 2742 310 2797 modo
339 2757 483 2811 magnam
513 2742 607 2798 affert
634 2748 664 2797 et
695 2744 933 2799 admirationem
968 2749 997 2799 et
1026 2743 1232 2800 offensionem
1264 2740 1369 2820 pietati

130 2811 278 2881 publicae,
299 2826 419 2874 verum.
437 2827 507 2867 cum
549 2813 617 2867 ravi
637 2811 728 2868 etiam
747 2812 884 2868 caritatis
904 2813 1051 2884 pacisque
1071 2813 1257 2869 christianae
1277 2811 1369 2866 detri-

129 2886 241 3006 meqto,
262 2879 378 2937 Christi
397 2880 507 2938 fideles
520 2828 677 2950 fidelibus,
697 2880 745 2936 vel
765 2881 849 2937 intra
867 2883 1056 2938 domesticos
1077 2882 1219 2952 parietes.
1240 2880 1369 2936 hostiles

142 2966 209 3006 aci.

232 3020 330 3075 Tanta
353 3019 631 3090 obtemperationis
660 3020 783 3076 debitae
809 3019 926 3076 oblivio
973 3025 1085 3076 uentae
1113 3020 1153 3075 sit
1181 3018 1369 3102 aegritudini

129 3089 220 3145 Sn'iito
242 3090 275 3144 D.
289 3091 323 3146 N.
343 3089 398 3146 Pio
413 3090 472 3144 ΡΡ.
486 3089 521 3156 x,
540 3090 628 3145 facile
646 3089 807 3146 aestimari
825 3095 939 3161 potest;
951 3037 1064 3160 ε11111111,
1085 3089 1252 3160 Apostohci
1272 3087 1369 3144 oliicii

130 3160 177 3215 sui
195 3175 265 3215 esse
283 3158 468 3230 intelligens,
496 3159 677 3216 huiusmodi
702 3159 927 3216 controversiis
947 3159 988 3214 im
1014 3175 1108 3215 onere
1133 3159 1237 3226 linem,
1267 3173 1368 3226 nuper

129 3228 198 3284 huic
217 3229 328 3284 Sacrae
344 3229 587 3299 congregationi
601 3227 769 3297 mandavit,
789 3235 831 3296 ut,
845 3229 927 3286 datis
940 3229 980 3284 ad
993 3176 1083 3286 flatos
1097 3227 1365 3307 Archiepiscopos

132 3299 303 3368 Episcopus
322 3305 352 3354 et
370 3297 556 3355 Ordinerios
581 3303 701 3354 ceteros
721 3298 954 3369 provinciarum
977 3305 1220 3354 memoraturum
1247 3298 1367 3375 litteris,

129 3383 394 3438 quaecumque
426 3369 594 3423 Decreto
625 3367 703 3424 diei
730 3373 754 3423 5.
783 3368 949 3438 Augusti
971 3371 1038 3426 1888
1066 3368 1239 3438 aliisque
1267 3367 1367 3420 dern-

129 3453 217 3507 ceps
236 3437 485 3561 przrescripta
504 3438 741 3507 luissent'”)‚
765 3439 901 3506 omnia,
931 3435 1368 3519 nonnullisoppcrt'une

131 3513 230 3562 muta
256 3507 289 3562 ir
318 3515 533 3572 revocaret
561 3523 659 3578 eaque
685 3513 790 3564 sancte
818 3508 1036 3577 inviolateque,
1067 3508 1195 3564 onerata
1224 3521 1367 3576 ipsorum

134 3576 313 3633 lintistitum
334 3576 531 3639 conscientia,
554 3577 720 3634 observari
739 3578 870 3634 iuberet.

234 3646 373 3702 Primum
388 3646 493 3716 igitur,
511 3663 609 3728 quum
624 3663 660 3702 eo
673 3647 744 3717 ipso
754 3647 885 3703 Decreto
905 3653 1028 3703 cautum
1043 3647 1146 3714 luerit,
1166 3653 1200 3702 ut
1211 3643 1369 3724 Ordinarii

133 3713 245 3785 singuli
264 3714 430 3772 indicem
451 3717 641 3772 conficerent
654 3723 747 3787 atque
765 3717 951 3773 exhiberent
963 3716 1103 3772 omnium
1125 3731 1199 3772 suae
1218 3716 1369 3770 dioecesis

131 3784 396 3852 ecclesiarum,
420 3801 498 3855 quas
524 3791 642 3841 certum
668 3792 752 3841 esset
784 3785 999 3856 privilegio
1024 3785 1183 3856 liuguae
1209 3783 1369 3855 glagoli-

132 3853 228 3910 tiene
246 3854 278 3909 iu
320 3869 448 3910 raesens
467 3854 522 3921 uti;
542 3871 703 3926 quumque
725 3856 754 3911 ei
774 3854 913 3926 praescri
938 3856 1013 3911 tioni
1029 3855 1223 3910 satislactum
1238 3870 1299 3908 rron
1320 3853 1368 3921 sit,

131 3923 244 4048 quipse
262 3871 333 3979 talis
351 3924 453 3989 index,
472 3924 543 3980 lieet
561 3923 701 3981 studiose
720 3925 886 3996 expetitus,
912 3872 1111 3982 desideratur
1136 3929 1239 3980 tamen
1258 3923 1368 3988 adhuc,

131 4008 198 4048 eum
223 4009 272 4048 em
291 3993 385 4049 Sacra
404 3994 479 4050 haec
498 3993 707 4075 Congregatio
736 3994 886 4065 praecipit
905 3999 939 4050 ut
958 3993 1116 4050 Ordinarii
1136 4009 1246 4050 omues
1265 3993 1368 4049 intra

133 4077 295 4118 mensem
321 4063 466 4118 Iulium
492 4079 582 4119 anni
609 4063 778 4134 proximi
807 4065 1003 4134 Apostolicae
1023 4064 1095 4120 Sedi
1118 4063 1293 4131 exhibeant,
1321 4064 1369 4118 his

132 4131 257 4200 quidem
275 4133 400 4204 legibus
419 4132 605 4189 conlectum:

231 4207 266 4258 ut
284 4218 348 4258 eae
368 4203 575 4258 dumtaxat
592 4202 794 4270 ecclesiae,
814 4208 974 4273 tamquam
995 4204 1052 4258 hoc
1071 4202 1236 4274 privilegio
1255 4207 1370 4266 auctae,

131 4277 283 4334 notentur,
309 4271 477 4342 inquibus
503 4287 566 4327 nou
592 4273 769 4328 coniectura
789 4273 828 4328 ali
852 4289 893 4328 ua
913 4273 967 4328 sed
987 4274 1079 4328 certis
1106 4271 1317 4330 monumentis
1336 4288 1371 4328 ac

133 4340 262 4396 testibus
281 4342 463 4407 constiterit,
491 4341 668 4411 linguam
698 4290 1003 4412 glagoliticam
1035 4345 1080 4399 ab
1108 4359 1207 4399 antro
1233 4345 1300 4398 1868
1324 4342 1369 4396 ad

133 4425 318 4536 pdrlagsens
338 4411 591 4481 tempussine
610 4412 909 4468 intermissione
925 4414 961 4468 in
983 4413 1109 4468 sacris
1128 4412 1369 4484 peragendis

133 4495 149 4534 a
191 4479 300 4536 litam
321 4496 400 4536 esse:

179 4693 222 4758 ”l
240 4694 313 4748 Acta
332 4693 454 4748 8111111111
472 4693 555 4746 Sedis
574 4691 642 4746 1907
656 4707 726 4814 Γις.
739 4691 850 4746 tte-58.

164 4763 221 4831 m)
243 4763 298 4817 ctr.
317 4765 389 4817 Acte
407 4763 433 4818 S.
453 4763 544 4831 Sedis,
562 4765 618 4816 vol.
637 4761 654 4815 3
673 4803 679 4828 ‚
698 4778 764 4832 pag.
782 4761 842 4817 310.
