3450 5342
688 389 856 442 ...lsi-.-

145 568 340 639 cogitatione
360 570 538 638 particulari
559 587 616 624 erra
635 571 872 639 dependentem,
891 587 983 640 quam
1002 571 1052 624 lex
1071 572 1217 642 organica
1236 570 1397 626 crescendi

146 637 185 693 in
206 637 309 742 ''miii''
329 639 510 708 dependens·
531 640 673 696 redditur
692 641 731 694 ah
752 640 885 708 honrine,
907 641 962 711 qui
981 640 1181 709 aliquomodo
1200 655 1268 695 eam
1289 655 1400 709 regere

171 713 255 762 otest
281 713 298 770 t.

143 724 169 776 p
256 775 322 832 Hae
348 779 525 840 sententiae,
563 779 593 834 in
623 779 736 848 quihus
767 779 900 848 receptis
928 777 999 846 (nisi
1037 779 1119 848 quod
1148 780 1216 834 loco
1240 777 1393 832 orationis

146 845 271 916 aliquid
294 845 394 912 iliaris
404 847 678 904 indeterminatum
702 849 866 917 ponebant,
889 848 1008 904 »lumen
1020 848 1189 916 divinumz,
1203 847 1295 902 etiam
1310 847 1400 902 seho-

143 916 277 970 lasticae
306 915 442 970 uoiticae
468 917 516 972 vis
536 923 599 972 toto
621 918 792 985 vertiturtt,
823 917 944 972 l'latoni
964 927 1039 972 sures
1058 915 1269 982 vindicandae,
1294 922 1397 986 prout,

143 990 303 1054 quantum
326 986 374 1040 hic
393 985 485 1046 licuit,
504 1002 540 1040 ex
559 987 626 1042 eius
648 987 773 1056 scriptis
794 987 1010 1057 probavimus.
1030 987 1092 1042 Res
1113 993 1195 1043 certe
1215 985 1316 1040 tacitis
1335 1001 1398 1040 non

144 1059 209 1119 est,
238 1054 371 1126 ideoque
395 1055 541 1110 auxilium
569 1057 701 1111 aliorum
726 1063 899 1122 auctorum,
927 1057 981 1127 qni
1007 1057 1039 1112 in
1065 1056 1193 1112 Platone
1212 1056 1399 1124 exponendo

143 1123 357 1190 desudarunt,
379 1124 506 1180 mininie
526 1127 748 1196 spernendum.

259 1219 291 1274 P.
310 1221 359 1274 dr
379 1227 488 1274 evector
511 1221 583 1276 dicit
613 1221 749 1276 l’latonis
779 1222 936 1276 »trotiones
963 1221 1219 1290 ontologizantis‹
1241 1236 1397 1276 summam

143 1289 252 1343 ideam
273 1305 335 1344 nou
355 1305 424 1343 esse
450 1305 505 1344 ens
525 1289 684 1346 eleaticum
706 1291 760 1346 sed
784 1306 841 1346 ene
864 1315 875 1336 ι
900 1305 937 1344 er
954 1291 1153 1344 excellence«.
1179 1291 1224 1345 De
1242 1290 1395 1360 ontologi-

143 1359 272 1438 dadone
297 1359 457 1413 notionum
485 1359 603 1414 dixeris
630 1359 816 1416 Kantienum
844 1307 900 1414 ved
919 1359 1126 1429 Hegelianum
1155 1359 1216 1414 scri
1241 1360 1338 1426 sisee;
1370 1360 1398 1414 ei

143 1426 239 1482 ideae
260 1443 321 1482 non
342 1433 416 1484 sunt
435 1428 553 1498 aliquid
575 1429 664 1489 reale.
685 1429 776 1498 periit
795 1427 942 1498 cogitatio
962 1435 1079 1484 nostra.
1099 1461 1131 1467 —
1153 1429 1192 1484 Et
1240 1435 1397 1484 cerates

144 1498 214 1566 (ap.
235 1497 425 1566 Xenophon..
447 1498 617 1553 Metuorah.
638 1499 670 1560 1..
689 1503 713 1562 6,
735 1503 781 1554 ll:
810 1507 861 1553 adv
879 1506 937 1566 aspi
955 1507 1002 1566 τῆς
1019 1506 1070 1552 τῶν
1088 1504 1191 1552 πάνιων
1209 1505 1312 1566 poscor,
1330 1517 1398 1566 papt-

142 1571 271 1634 μνώντων
290 1576 343 1631 τοῖς
361 1573 407 1636 μὲν
425 1574 513 1622 ιωωῐν
532 1573 559 1620 's'v
578 1573 654 1635 μόνον
671 1575 701 1622 τὸ
715 1575 743 1622 ὃν
758 1569 893 1634 εἶναιτοῖς
910 1574 938 1622 δι
957 1574 1053 1635 ἄπειρα
1070 1575 1099 1622 τὸ
1118 1572 1261 1636 πλῆθος·
1281 1575 1327 1621 και
1343 1578 1400 1635 τοῖς

145 1642 199 1704 μὲν
214 1641 255 1688 det
274 1641 452 1692 κινεισθαι
471 1643 565 1697 πάντα.
583 1649 637 1702 τοῖς
651 1643 680 1692 δὲ
699 1643 795 1692 οὐδὲν
814 1643 1085 1706 &emancipati
1106 1644 1136 1693 ei
1154 1638 1399 1693 Aristoteles

146 1705 237 1770 (Met.
265 1705 324 1768 lv..
349 1709 373 1760 3.
401 1710 476 1762 1004.
503 1708 529 1770 Ι),
553 1709 597 1762 ⁶25:
624 1715 669 1760 aed
690 1713 774 1762 πάντα
793 1713 920 1777 iavet-{sm
937 1715 974 1772 αις
991 1715 1021 1762 τὸ
1040 1713 1069 1761 ὃν
1087 1715 1134 1762 και
1151 1713 1181 1761 ιιι
1199 1713 1234 1776 μὴ
1253 1713 1282 1761 ἂν
1301 1713 1348 1760 και
1365 1711 1400 1760 ἓν

144 1781 199 1826 καὶ
223 1779 364 1842 πλῆθος,
388 1775 444 1830 οιον
469 1783 582 1842 στάσις
607 1785 651 1832 τοι
677 1783 741 1844 ἐνὸς,
765 1784 895 1845 κίνησις
915 1783 944 1830 δὲ
962 1785 1007 1831 τοῦ
1025 1781 1146 1844 πλήθους
1165 1818 1197 1831 ..
1222 1786 1249 1844 .),
1268 1777 1400 1832 maxime

147 1859 230 1898 vero
256 1844 343 1899 Plato
368 1846 431 1900 duo
457 1861 605 1915 suprema
625 1853 803 1902 statuerunt
823 1863 919 1902 unum
939 1853 970 1902 et
990 1847 1132 1908 multum,
1161 1861 1255 1916 quam
1277 1853 1398 1901 contra·

145 1913 291 1968 rietatem
313 1915 352 1968 ad
372 1915 512 1970 altiorem
528 1916 719 1970 reduxerunt
732 1917 813 1972 entis
827 1923 857 1970 et
872 1920 984 1971 motus.
1005 1916 1096 1972 Unde
1110 1915 1207 1983 Plato,
1228 1921 1396 1986 postquam

145 1981 261 2038 statuit
281 1989 310 2038 et
329 1999 425 2038 unuin
447 1991 476 2038 et
498 1985 628 2040 multum
649 1991 680 2040 et
699 2001 753 2040 ens
773 1992 803 2040 et
825 1991 943 2040 motum
964 1985 1109 2040 habenda
1127 2000 1195 2040 esse
1221 1983 1315 2040 realia
1342 1989 1400 2047 (και

144 2059 177 2106 τὸ
202 2057 349 2119 κινούμενον
367 2059 398 2121 tn
417 2062 464 2108 seed
489 2061 588 2122 κίνησιν
606 2062 791 2124 συγχωρητέον
818 2059 853 2121 ὡς
873 2059 943 2108 ὂντα.
971 2055 1003 2110 P.
1021 2057 1082 2113 249.
1102 2054 1145 2121 Β),
1171 2060 1206 2109 ut
1229 2069 1327 2109 unum
1348 2055 1400 2110 ha·

148 2123 266 2177 beatur
285 2122 473 2192 principium
497 2154 525 2164 -
555 2125 619 2178 duo
638 2125 719 2179 enirn
742 2124 848 2180 ultima
869 2123 1021 2194 principia
1039 2123 1161 2178 admitti
1181 2139 1243 2178 non
1263 2130 1399 2193 possunt

146 2223 181 2230 —
207 2191 237 2245 in
259 2193 438 2248 eureranda
459 2195 514 2248 hac
533 2193 712 2248 differentia
732 2210 788 2264 per
807 2194 879 2248 dial.
898 2193 1067 2261 Sophisten
1086 2193 1255 2248 desudavit
1272 2199 1303 2248 et
1315 2193 1399 2248 laho-

147 2259 244 2316 ravit.
276 2209 362 2316 tthde
388 2269 471 2331 pretet
492 2279 553 2317 non
581 2279 673 2332 titisse
693 2263 751 2318 dici
773 2263 932 2318 Platonem
953 2263 1099 2318 docuisse
1119 2278 1274 2318 summam
1295 2262 1398 2318 ideam

146 2345 224 2384 esse
245 2346 300 2384 ens
325 2347 392 2399 -par
410 2333 609 2388 excellence«.

259 2417 396 2472 Platonis
411 2426 605 2486 argumenta,
620 2420 736 2489 quitme
752 2419 806 2474 Dei
819 2417 1015 2473 existentiam
1032 2418 1194 2486 probabat.
1215 2433 1278 2471 non
1292 2417 1397 2473 omnia

145 2501 222 2542 esse
247 2485 338 2541 firma
365 2503 474 2544 verum
501 2495 564 2554 est;
594 2489 648 2542 sed
675 2489 741 2558 ipse
766 2488 797 2542 id
825 2488 924 2543 sensit
942 2502 977 2542 ac
996 2487 1157 2556 protessus
1177 2495 1235 2542 ost.
1254 2488 1293 2541 At
1312 2487 1397 2556 quod

147 2555 292 2610 Platonis
308 2557 449 2612 doctrina
463 2557 501 2612 de
517 2559 580 2612 [teo
594 2557 891 2628 semipantheismus
905 2557 997 2627 (quod
1012 2557 1143 2612 tenuerit
1157 2563 1277 2611 mentes
1292 2556 1399 2612 linitas

148 2675 220 2684 0-
303 2675 360 2682 ...-

217 2732 240 2796 ⁴)
260 2731 288 2784 Si
301 2731 362 2799 quis
378 2731 415 2784 rei
432 2737 598 2784 nrornentum
612 2731 753 2786 declinare
767 2731 853 2785 vellet
865 2731 998 2798 opinione
1011 2730 1166 2784 orationem
1181 2729 1315 2797 paulatim
1335 2743 1398 2784 esse

258 2807 347 2856 ortam
368 2801 516 2854 activitate
537 2801 710 2864 individuali,
730 2800 770 2854 ita
784 2809 815 2854 ut
834 2807 942 2853 trintum
957 2800 1071 2854 suboles
1088 2801 1249 2853 auctoritati
1265 2797 1401 2854 orationis

260 2869 386 2924 subiecta
405 2871 449 2928 eit.
470 2870 495 2922 ci
513 2871 737 2938 respondendum
758 2875 815 2924 est:
835 2873 858 2923 t.
872 2869 1031 2938 opinionem
1050 2869 1135 2923 talem
1148 2867 1401 2936 empinadissolvi,

261 2956 320 2992 oum
341 2941 415 2992 «imni
438 2955 504 2993 vern
520 2939 700 3008 inquisitione
720 2939 963 3006 grammaticorum
983 2937 1209 3019 perveniatured
1228 2937 1400 3006 singulorum

261 3010 416 3072 linguarum
435 3025 567 3074 aeriorum
588 3007 836 3062 crudormationem
862 3025 896 3062 eo
915 3024 1005 3076 magis
1024 3009 1175 3069 evolutam,
1201 3021 1256 3075 quo
1283 3007 1399 3062 ulterius

259 3079 398 3138 retroitur,
419 3093 505 3146 usqne
524 3079 559 3130 nd
580 3077 724 3132 terminum
743 3079 891 3146 ostendam,
911 3078 957 3130 uhi
976 3077 1166 3145 compluribus
1180 3077 1292 3144 linguae
1312 3091 1397 3143 gene·

261 3147 335 3202 rilnrs
354 3149 427 3200 inter
444 3163 474 3200 se
493 3149 612 3216 derupte
631 3147 769 3216 separatis
787 3148 948 3212 occurritur,
979 3163 1096 3215 quorum
1124 3145 1205 3213 origo
1225 3147 1322 3213 nequit
1348 3161 1396 3199 ex·

259 3217 356 3285 plicari
376 3217 493 3270 transitu
512 3219 593 3270 tinius
611 3233 644 3270 ox
664 3217 763 3280 altero,
782 3223 811 3270 et
829 3233 946 3286 quorum
965 3217 1005 3270 ori
1030 3217 1082 3270 inis
1101 3231 1136 3269 er
1155 3215 1282 3268 oratione
1303 3214 1393 3282 prima

260 3286 411 3355 explicatio
430 3293 479 3340 erit
497 3287 670 3340 renuntietur
688 3293 799 3354 oportet
818 3293 868 3340 aut
885 3302 935 3355 per
952 3234 1112 3353 anahrgiam
1131 3283 1272 3338 cheminae
1289 3285 1394 3337 resolu-

261 3356 344 3410 tionis
363 3356 496 3410 deornm
514 3359 691 3423 percussione
712 3356 803 3410 hletae
823 3355 926 3410 tentari
945 3361 1047 3424 potest,
1080 3371 1108 3407 ιιι
1127 3367 1183 3421 qrio
1202 3353 1401 3406 ‹etinvenientla

261 3425 399 3479 scientiae
419 3441 478 3478 rum
499 3427 672 3480 revolutione
692 3425 840 3480 nranisesta
858 3432 916 3483 est:
935 3427 959 3478 2.
978 3423 1100 3478 eandem
1120 3423 1280 3492 opinionem
1308 3422 1401 3488 logice

262 3495 349 3547 teneri
369 3511 424 3547 ιιιιιι
444 3511 534 3563 posse,
555 3511 615 3548 cnm
636 3495 734 3550 redeat
752 3495 780 3549 in
798 3493 853 3548 fine
873 3495 909 3548 ad
933 3493 1070 3548 famosam
1090 3493 1165 3546 illam
1184 3491 1400 3559 explicationem

260 3564 376 3630 originis
396 3564 550 3629 linguarum
565 3581 599 3617 ex
619 3572 766 3630 etinvento,
786 3565 810 3618 3.
823 3565 940 3618 eandem
959 3563 1081 3632 deniqne
1090 3561 1158 3615 nihil
1172 3560 1314 3626 prodesse,
1335 3561 1402 3629 qnia

264 3634 314 3686 nisi
335 3649 438 3687 urorum
458 3649 550 3688 casum
571 3634 597 3688 in
618 3635 817 3688 conformanda
827 3633 956 3688 oratione
967 3649 999 3686 ae
1010 3633 1113 3695 linguis
1123 3647 1228 3700 ponere
1239 3631 1400 3692 nntlenmus,

265 3703 394 3772 operatio
413 3704 583 3770 singulorum
603 3703 685 3756 aliter
711 3717 857 3771 numquam
878 3703 997 3768 cogitari
1016 3707 1113 3772 potest
1139 3716 1222 3770 qnam
1240 3700 1399 3822 exprimens

264 3773 354 3841 legem
366 3771 602 3833 conformationis,
621 3787 676 3840 qvia
686 3771 894 3836 determinatur,
914 3771 1009 3840 itaque
1023 3773 1122 3826 iterum
1136 3771 1227 3824 oratio
1245 3785 1281 3824 ve
1301 3769 1401 3823 saltem

262 3843 307 3896 lex
326 3841 468 3909 cogitandi
488 3847 520 3894 ei
540 3857 675 3910 expressa
684 3841 885 3910 cogitationem
900 3841 1072 3909 singulorum
1084 3841 1213 3894 absolute
1224 3838 1399 3893 determinat.

262 3910 303 3966 (ii.
324 3911 407 3965 etiarn
432 3915 461 3965 ti.
481 3911 635 3976 Werner,
654 3911 696 3964 Fr.
717 3914 821 3966 suarez
841 3911 883 3977 11,
902 3929 928 3978 p.
946 3912 1006 3965 214.
1025 3927 1061 3966 ss.

220 3979 243 4046 5)
262 3981 314 4034 Die
333 3980 527 4035 Scholastilrer
545 3981 676 4048 meinten,
707 3980 765 4034 dail
788 3980 833 4036 die
863 3980 1020 4049 gettlichcn
1045 3980 1131 4034 Ideen
1152 3996 1207 4033 von
1237 3977 1291 4031 den
1310 3977 1398 4031 Welt-

263 4049 376 4118 (lingon,
409 4051 464 4104 und
484 4050 599 4120 speciell
620 4067 675 4104 vou
701 4049 755 4104 den
775 4049 894 4104 Formen
919 4050 969 4103 der
994 4049 1170 4104 materiellen
1189 4047 1273 4111 Welt,
1304 4045 1398 4114 gleieh

263 4119 443 4174 unmittelhar
471 4120 497 4174 in
529 4119 678 4190 doppelter
705 4119 800 4174 Weiss
830 4120 901 4174 nach
933 4120 1026 4174 antico
1054 4117 1246 4185 ausgestrahlt
1278 4115 1398 4180 werden,

262 4189 409 4244 einerseits
428 4189 514 4244 durch
533 4189 777 4258 Verwirldtchung
795 4189 871 4243 ihres
887 4187 1013 4242 Inhaltes
1031 4188 1059 4241 in
1078 4187 1127 4240 der
1145 4185 1271 4246 llaterie,
1299 4185 1398 4238 ander-

260 4259 329 4314 seits
346 4257 431 4314 durch
451 4259 648 4328 Nachhilduog
678 4257 752 4314 ihrer
781 4259 870 4314 selbat
900 4258 927 4312 in
960 4257 1010 4312 der
1027 4257 1194 4326 Intelligenz
1225 4255 1275 4310 der
1295 4255 1393 4322 llogel.

261 4327 392 4382 vtlrrend
412 4329 452 4382 sic
462 4330 512 4383 der
525 4327 730 4384 menscldichcn
739 4326 908 4396 intelligens
926 4334 984 4382 erst
1002 4325 1088 4380 durch
1107 4325 1158 4379 das
1177 4325 1355 4378 Zusammc
1368 4340 1397 4376 ιι-

262 4397 399 4452 wirken
419 4398 487 4452 des
504 4397 716 4468 gettlichen
736 4395 888 4451 Lichtes
907 4397 963 4452 und
982 4396 1033 4451 der
1052 4395 1174 4450 iiuiieren
1194 4393 1316 4463 Objekte
1337 4393 1395 4446 ein-

261 4467 389 4533 gebildet
407 4469 529 4522 witrden.
548 4467 746 4530 Scheehen,
778 4467 887 4522 llandb.
906 4465 933 4521 d.
951 4465 1028 4520 ksth.
1048 4465 1148 4534 Dogm.
1167 4469 1183 4528 ξ
1203 4463 1261 4530 tae,
1291 4479 1316 4516 n.
1342 4464 1402 4543 till.

262 4535 304 4591 Of.
323 4537 560 4606 Augustinus,
580 4537 716 4592 DeTrin.
735 4536 753 4590 l.
773 4537 812 4602 12,
832 4553 855 4591 c.
876 4535 917 4591 te.
946 4533 1208 4603 ,eredendum
1236 4535 1400 4586 estmentrs

262 4605 462 4662 intellectualis
480 4606 521 4662 ita
538 4607 679 4662 conditam
698 4619 761 4660 esse
778 4612 916 4672 naturam,
948 4611 979 4658 ut
996 4604 1080 4659 rebus
1099 4601 1326 4671 intelligibilibus
1350 4617 1398 4654 na·

260 4675 343 4731 turali
362 4677 459 4731 ordine
476 4675 644 4746 disponente
660 4675 806 4729 conditore
815 4675 973 4742 subiuncta,
991 4673 1096 4728 sicista
1113 4671 1210 4727 videat
1228 4672 1256 4726 iu
1275 4670 1396 4742 quadam
