3450 5342
924 401 1119 460 —214-

396 597 478 653 vium
494 591 532 652 ad
549 591 747 652 redactionem
771 591 913 670 periodici
930 593 1094 672 „Pncglqu
1116 595 1331 673 powszechny⁴'
1361 614 1452 652 anno
1472 595 1551 650 19υὸ
1565 596 1625 648 niso

396 690 472 741 sunt.
504 679 622 738 Thema
652 679 800 756 generalis
830 680 1034 758 inquisitionis
1056 681 1112 740 hoc
1134 681 1207 740 init:
1234 679 1418 757 „Quaenam
1454 679 1625 738 calliolo-isa.¹

396 770 428 827 in
450 769 578 826 Polonia
600 777 701 824 nostra
724 775 821 824 aetate
844 766 1024 844 praestanda
1046 767 1144 826 sint?“
1172 769 1254 826 luter
1275 778 1421 826 auctores
1452 788 1626 845 responsurus

396 856 543 914 cernimus
566 873 582 912 o
604 853 698 912 tribus
720 851 891 930 regionibus
913 853 1057 913 Poloniae
1080 854 1244 934 discerptae
1266 853 1375 913 docem
1401 857 1567 933 episcopos
1586 874 1627 930 pa·

396 941 504 1002 multos
526 940 705 1020 professores
728 940 973 1011 Universitatum‚
996 944 1153 1020 scriptores
1168 940 1302 1002 laudatos
1319 943 1469 1020 aliosque
1486 943 1626 999 mmorinrf

397 1029 579 1088 mellontos
607 1029 695 1086 viros.
726 1027 794 1086 Non
823 1025 960 1087 obstante
991 1028 1165 1088 diversitate
1192 1027 1376 1087 individuali
1400 1043 1453 1087 rot
1477 1039 1593 1086 statuum
1609 1047 1625 1077 s

396 1118 535 1176 classium
566 1116 695 1174 nationis
726 1127 849 1192 apparot
880 1117 956 1173 mira
986 1117 1085 1174 unitas
1107 1119 1140 1174 in
1158 1115 1375 1194 principalibus
1400 1113 1627 1174 conclusionihrs

398 1223 471 1284 quas
493 1201 586 1260 dictat
609 1200 717 1280 ubique
740 1203 811 1258 viva
832 1201 915 1274 lidos,
937 1206 1106 1261 reverentia
1127 1224 1199 1280 erga
1214 1203 1383 1275 ecclesiam,
1409 1206 1552 1262 sincerus
1569 1222 1626 1258 anor

397 1292 518 1369 patriae.

506 1377 589 1438 Inter
611 1376 787 1452 gravissima
817 1375 917 1433 officia
940 1375 1150 1434 catholicorum
1173 1379 1204 1434 in
1226 1377 1354 1434 Polonia
1384 1378 1539 1454 primario
1560 1375 1627 1431 elnrs

398 1465 559 1522 necessitas
572 1461 735 1520 catholicae
747 1461 874 1520 actionis
886 1463 1011 1526 socialis.
1026 1462 1064 1522 do
1076 1483 1135 1542 qua
1149 1463 1294 1542 permulta
1308 1465 1474 1541 sapienter
1485 1473 1517 1520 ot
1529 1463 1628 1541 prasio

395 1559 605 1628 proponuntur.
629 1549 704 1607 Cum
727 1550 880 1606 activitato
903 1551 1005 1607 sociali
1033 1552 1165 1627 iungitur
1186 1553 1218 1608 in
1241 1551 1366 1608 Polonia
1390 1552 1538 1628 quaestio
1558 1552 1626 1606 natis

397 1637 475 1695 nalis
504 1647 534 1694 et
564 1638 694 1694 maxime
721 1636 753 1692 in
776 1633 895 1694 Galicia
924 1639 1058 1715 quaestio
1087 1635 1218 1698 Iudaica
1247 1638 1468 1715 Emancipatio
1501 1637 1628 1694 mutiens

397 1727 518 1782 iamiam
549 1725 741 1782 attentionem
782 1721 958 1800 diligentem
992 1723 1129 1801 postulat,
1158 1745 1193 1782 eo
1224 1727 1320 1802 magis
1349 1743 1411 1802 quo
1449 1724 1627 1802 negligentis-

397 1811 547 1888 hncusque
578 1809 715 1868 catholici
739 1808 816 1868 hanc
839 1811 1013 1887 flagrantem
1045 1813 1247 1889 quaestionem
1277 1811 1465 1870 tractabant.
1498 1808 1628 1887 Qnsodsn

396 1919 537 1976 responsa
560 1899 763 1955 necessitatem
789 1898 1006 1956 reformationis
1029 1898 1195 1957 scholarum
1211 1908 1241 1956 et
1255 1899 1461 1958 institutionis
1486 1898 1626 1974 religiosae.

396 1987 460 2043 sive
483 1984 666 2062 theologicae
689 1985 721 2042 in
743 1985 919 2052 seminariis,
942 1987 1006 2042 sive
1028 1986 1177 2064 popularis
1192 1988 1224 2044 in
1239 1985 1347 2044 scholis
1370 1983 1526 2044 indicant
1546 1985 1627 2060 Neque

397 2091 432 2130 oa
466 2072 747 2150 praetermittuntur,
781 2091 856 2149 quae
895 2069 933 2128 ad
970 2071 1129 2130 fovendam
1163 2083 1193 2130 ot
1225 2070 1464 2151 promovendam
1498 2072 1626 2130 scientiam

397 2169 427 2216 et
449 2169 542 2216 artem
565 2157 720 2216 catholicis
731 2157 870 2216 facienda
881 2169 957 2216 sunt.
981 2160 1123 2218 Attamen
1135 2159 1354 2218 catholicismus
1373 2161 1526 2229 sincerus,
1547 2159 1627 2216 namsi

397 2249 449 2304 suri
472 2245 657 2324 apostolicus,
680 2244 808 2303 Polonos
831 2248 921 2303 etiam
937 2256 1023 2302 extra
1044 2246 1155 2304 limites
1176 2249 1311 2325 propriae
1334 2249 1474 2305 nationis
1497 2263 1626 2304 excursus

397 2334 527 2409 instigat.
566 2332 633 2390 Una
663 2330 782 2410 quidem
816 2353 875 2390 vox
906 2333 1027 2391 Polonis
1060 2332 1176 2392 labores
1207 2333 1245 2392 ad
1278 2335 1417 2391 unionem
1456 2333 1625 2392 oeclesisruu

397 2418 613 2478 conciliandam
643 2430 792 2496 susceptos
822 2419 1021 2497 exprobravit
1052 2421 1197 2498 simulque
1226 2420 1382 2478 adhortata
1404 2431 1464 2487 ost,
1497 2432 1529 2478 ut
1556 2417 1626 2476 tntsls'.

396 2508 514 2564 unionis
543 2507 654 2575 relicti,
688 2504 840 2582 abrogatis
875 2505 1083 2583 prohibitionis
1112 2507 1283 2565 transeundi
1314 2506 1353 2564 ad
1381 2509 1476 2565 ritum
1510 2507 1624 2565 Latinus

395 2603 605 2672 procuraretur.
640 2592 708 2670 lpse
737 2603 837 2652 auctor
867 2593 953 2652 huius
983 2593 1122 2671 postulati
1154 2597 1212 2652 iam
1246 2593 1406 2655 subiunxit.
1445 2593 1625 2652 redactionem

395 2683 497 2758 utiquo
521 2680 589 2738 huic
611 2682 776 2738 sententiae
800 2700 985 2738 assensuram
1009 2702 1069 2739 non
1083 2702 1156 2740 esso.
1178 2682 1311 2739 Mutuum
1334 2685 1587 2740 conversationem
1604 2694 1623 2732 s:

395 2769 599 2825 commercium
624 2767 702 2824 inter
716 2767 826 2825 clerum
848 2769 1000 2846 utriusque
1022 2770 1095 2826 ritus
1118 2771 1320 2846 iamtempore
1342 2766 1624 2841 studiorumeanue

396 2856 428 2911 in
459 2853 544 2912 rebus
578 2853 752 2930 theologicis
786 2855 923 2932 proponit
957 2853 1104 2913 studiosus
1136 2855 1303 2932 theologiae
1340 2857 1371 2912 in
1399 2858 1562 2913 seminario
1591 2854 1622 2908 rit.

396 2961 438 3016 gr.
467 2940 672 2998 Premisliensi
703 2952 843 3018 tanquam
879 2943 957 2999 viam
993 2941 1031 2999 ad
1065 2941 1192 2999 futuram
1226 2944 1351 3000 amicum
1385 2945 1622 3000 conversationen

397 3029 474 3085 inter
492 3040 647 3104 utrumque
671 3028 779 3086 clerum
805 3029 835 3085 in
858 3029 1006 3106 parochiis
1029 3027 1221 3088 laborantem.
1253 3029 1313 3087 Pro
1344 3031 1473 3107 imperio
1505 3029 1622 3086 Rossisro

396 3112 539 3173 incumbit
560 3113 683 3172 Polonia
713 3113 834 3192 grandis
858 3117 959 3173 missio
989 3135 1054 3173 cum
1077 3118 1109 3173 in
1132 3136 1164 3173 re
1187 3117 1495 3174 oeconomicosociali
1524 3128 1579 3173 tum
1600 3115 1620 3166 il

395 3221 427 3260 re
450 3221 529 3260 mere
551 3202 698 3278 religiosa.

504 3290 678 3346 Accusatior
700 3287 861 3346 delineatio
884 3289 988 3346 harum
1011 3289 1193 3368 singularum
1217 3292 1421 3367 quaestionum
1445 3289 1487 3348 ad
1511 3304 1617 3346 monton

395 3376 543 3452 generalis
567 3375 652 3433 huius
675 3378 878 3454 inquisitionis
900 3377 1010 3434 limites
1037 3376 1251 3449 „Litterarnm“
1279 3375 1543 3452 transgrederetur.
1563 3374 1618 3430 Le'·

395 3473 472 3522 tores
504 3483 520 3521 o
550 3471 649 3520 nostro
679 3461 854 3522 brevissimo
893 3462 1067 3541 compendio
1098 3483 1187 3541 snpra
1216 3474 1337 3522 exarato
1367 3466 1427 3522 iam
1459 3475 1616 3540 cognoscent
1659 3460 1660 3515 ἔ

395 3548 500 3607 librum
526 3549 605 3607 hunc
628 3569 692 3608 esse
715 3551 799 3628 quasi
823 3550 973 3628 quandam
996 3549 1256 3629 encyclopoodiam
1283 3552 1485 3629 praesentium
1513 3547 1617 3608 necessi·

394 3646 486 3694 tatum
511 3647 540 3693 ot
563 3635 783 3705 desideriorum,
814 3657 902 3715 quam
932 3635 1093 3714 diligenter
1114 3639 1286 3715 pervolucro
1316 3636 1431 3708 debeat,
1461 3640 1614 3716 quicumque
1659 3644 1661 3711 t

395 3725 476 3801 opori
507 3723 653 3783 catholico
683 3725 713 3781 in
744 3724 870 3782 Polonia
903 3726 982 3781 viros
1012 3744 1079 3781 suas
1111 3723 1282 3802 impendero
1310 3724 1392 3782 velit.
1424 3725 1615 3784 Faustissinno

394 3830 543 3869 successus
575 3811 660 3868 huius
683 3809 819 3890 publicae
852 3810 1051 3883 discussionis,
1075 3812 1151 3870 sicut
1172 3811 1349 3869 vitalitatem
1384 3811 1575 3870 catholicismi
1592 3809 1613 3861 in
1659 3832 1661 3871 l

394 3897 519 3958 Polonia
542 3899 721 3970 manifestat,
745 3899 787 3955 ita
810 3897 920 3956 fructus
943 3896 1052 3956 solidos
1074 3907 1246 3976 exspectare
1269 3900 1422 3976 permittit.
1546 3889 1584 3956 M.
1659 3884 1660 3935 l

493 4046 845 4147 ‘LodwtHKubotm
873 4048 1302 4119 stanistawtirrecitowaii
1326 4051 1335 4118 i
1359 4052 1480 4136 wptyw
1497 4053 1567 4138 jano
1584 4062 1614 4142 lq
1659 4014 1661 4099 l

395 4136 516 4222 rozwoj
541 4135 550 4203 Ι
575 4137 701 4220 costel
735 4134 938 4220 retornacyi
962 4154 992 4204 w
1017 4136 1145 4206 Potsoo.
1165 4135 1381 4223 i(8tenisiaus
1404 4133 1613 4206 tlrzociowsit
1659 4188 1660 4193 ,

394 4222 531 4306 eiusque
545 4223 688 4290 influxus
701 4223 733 4291 in
747 4223 968 4292 evolutionem
981 4225 1017 4292 ot
1029 4224 1157 4293 cladem
1171 4221 1424 4294 reformationis
1437 4225 1468 4292 in
1481 4221 1612 4293 Potonio

392 4313 515 4390 Leopoli
544 4315 634 4372 1900.

501 4400 716 4478 Monogrsphia
739 4399 812 4458 haec
836 4399 873 4458 do
895 4402 1007 4459 eximio
1036 4403 1177 4478 scriptore
1200 4403 1232 4459 in
1254 4421 1287 4459 re
1309 4401 1430 4480 politica
1452 4422 1527 4460 saec.
1547 4394 1611 4458 ΧΠ-

393 4486 517 4546 multum
549 4489 623 4547 lucis
655 4487 739 4544 affert
768 4486 909 4546 historiae
940 4487 1157 4546 reformationis
1187 4497 1217 4546 ot
1246 4489 1390 4547 ecclesiae
1419 4467 1573 4546 catholicae
1590 4484 1610 4537 it

391 4573 524 4649 Polonia‚
548 4578 629 4636 onius
652 4573 885 4633 studiosissimus
908 4574 1046 4633 defensor
1076 4574 1287 4635 Orzechowski
1311 4576 1374 4634 fuit.
1398 4575 1535 4634 Ceterum
1554 4573 1610 4630 bene

391 4664 512 4722 moritus
535 4673 635 4724 unctor
657 4662 852 4740 possimistice
882 4670 988 4720 tractat
1011 4661 1048 4719 de
1072 4665 1180 4720 unione
1203 4664 1281 4720 inter
1302 4663 1443 4720 ecclesias
1473 4673 1607 4740 separatas.
