3450 5342
690 471 723 480 -
753 440 813 496 aaa
838 471 880 480 -

148 629 248 702 tingit
273 629 303 685 in
327 626 498 696 individuis,
531 629 627 684 inritas
650 627 822 686 doctrinalis
845 625 968 684 difficile
991 628 1102 684 serrari
1127 626 1238 706 potest?
1262 672 1268 684 .
1292 675 1298 688 .
1323 675 1329 686 .
1353 627 1409 686 Est

149 714 278 792 quidem
309 717 406 772 unitas
438 716 467 772 iu
498 716 664 792 praecipuis
687 713 888 772 fundamentis
911 712 989 782 fidei,
1024 733 1100 791 quae
1123 733 1142 772 a
1164 714 1299 772 conciliis
1323 733 1407 793 oecu-

150 804 283 859 menicis
306 800 428 859 definita
451 813 537 859 suut:
569 799 620 858 sed
644 803 668 858 si
693 821 787 860 norae
810 802 982 859 exoriuntur
1004 803 1229 871 coutroversiae,
1260 819 1407 880 quaenam

151 898 202 946 ost
227 890 393 958 auctoritas,
429 907 503 964 quae
534 891 664 946 omnium
688 907 862 946 consensum
887 889 947 946 suis
970 887 1095 946 oraculis
1123 886 1250 946 efficiat?
1267 888 1410 967 ..Usque

151 995 237 1034 nune
267 995 433 1052 supremam
462 974 539 1033 hanc
563 977 766 1033 auctoritatem
794 973 850 1032 sibi
883 972 1056 1032 vindicabat
1079 973 1410 1054 Constantinopolitanae

152 1062 292 1120 ccclesia
338 1059 396 1118 Sed
427 1061 481 1119 hoe
513 1063 556 1120 ius
584 1064 616 1119 in
648 1065 878 1138 praesentiarum
908 1063 1036 1138 practice
1064 1062 1092 1118 ei
1114 1081 1133 1118 a
1155 1063 1261 1120 ceteris
1283 1071 1409 1139 negatur

153 1150 300 1210 ecclesiis.
337 1149 455 1206 Etenim
500 1151 704 1206 oecumenicus
735 1147 909 1207 Patriarchn
945 1148 1148 1207 schismaticos
1178 1147 1311 1206 declarat
1338 1148 1410 1210 Bul-

149 1257 258 1312 garos,
292 1255 399 1314 cosque
430 1235 619 1293 anathemate
651 1238 753 1312 punit:
778 1255 794 1292 a
821 1235 922 1292 ltussis
945 1244 1044 1292 tamen
1068 1245 1097 1292 et
1121 1255 1139 1292 a
1162 1234 1262 1294 Serbis
1285 1235 1408 1312 Balgari

153 1323 323 1380 authentici
347 1329 504 1379 censentur
534 1321 697 1392 orthodoxi,
732 1335 762 1379 et
793 1341 875 1380 suam
904 1324 935 1378 iu
958 1323 1195 1380 communionem
1218 1323 1405 1400 recipiuntur.

156 1411 336 1486 Nupcrrime
367 1409 504 1467 Melotius
543 1409 718 1467 patriarche
750 1407 962 1466 Antiochensis
1000 1409 1143 1466 ccclesiae
1183 1408 1356 1485 illegitimus
1390 1429 1408 1466 a

157 1496 491 1574 Constantinopolitano
507 1497 682 1554 l’atriarcha
706 1495 880 1556 (declaratur.
904 1495 1054 1568 legitimus
1077 1495 1155 1554 idern
1179 1515 1198 1552 a
1215 1496 1339 1554 Rossica
1360 1515 1408 1553 ec-

156 1582 259 1640 clesia.
306 1580 420 1640 Graeca
451 1581 600 1659 theologia
630 1582 769 1641 lautitiam
794 1580 941 1659 baptisma
964 1581 1130 1654 invalidum
1153 1581 1255 1641 habet:
1290 1583 1407 1641 linesici

157 1670 289 1744 theologi
308 1669 384 1727 hanc
409 1671 532 1727 reiciunt
557 1673 742 1738 serttedtiarn,
765 1689 798 1726 ae
815 1667 1002 1746 caliditatem
1027 1671 1116 1726 nostri
1138 1669 1325 1748 baptismatis
1342 1689 1406 1746 pro-

156 1757 287 1814 fitentur.
331 1756 415 1814 Haec
439 1769 469 1814 et
491 1757 550 1816 alia
573 1759 718 1833 gravioris
742 1757 883 1814 momenti
908 1755 1059 1813 censenda
1080 1767 1157 1820 suut,
1185 1759 1256 1834 quia
1279 1755 1318 1814 ad
1340 1775 1407 1832 gra-

158 1847 244 1901 viora
268 1845 365 1921 capita
388 1841 457 1902 fidei
481 1852 623 1920 spectant.
669 1841 823 1920 Quomodo
854 1841 1058 1900 conciliandae
1081 1854 1142 1900 tam
1165 1841 1316 1900 discordes
1340 1863 1407 1900 sen-

158 1933 272 1988 tcntiae
295 1933 325 1987 iu
342 1930 483 2000 ecelesiis,
506 1949 581 2008 quae
605 1933 747 1988 castitatem
772 1928 839 1986 fidei
857 1929 1040 1987 adinvicem
1057 1928 1167 1988 habere
1186 1927 1366 2006 gloriantur?
1380 1975 1406 1986 ..

160 2017 201 2074 Et
223 2017 273 2076 uhi
297 2025 340 2074 cst
364 2020 521 2075 auctoritas
546 2038 687 2094 suprema.
716 2037 791 2093 «ptrue
815 2015 894 2073 clare
916 2015 1021 2074 doceat
1042 2036 1143 2074 veram
1167 2018 1346 2075 serrantium
1369 2035 1404 2074 ac

160 2102 259 2161 dubiis
290 2103 459 2180 praecludat
490 2106 641 2161 sternitum?
665 2150 670 2160 .
695 2149 701 2160 .
725 2152 731 2163 .
758 2103 821 2160 lloc
852 2104 992 2178 aertigma
1014 2123 1164 2182 nunquam
1188 2103 1302 2161 solvere
1324 2105 1406 2181 potui

161 2191 327 2268 theologiae
350 2189 531 2250 orthodoxae
551 2211 665 2249 navans
688 2210 814 2268 operam.
846 2189 969 2248 sublata
985 2193 1158 2248 auctoritate
1174 2211 1317 2268 suprema,
1341 2209 1408 2248 mea

162 2277 282 2356 quidem
306 2280 454 2336 sordentia
476 2276 575 2336 deficit
591 2277 719 2335 inedium
737 2279 858 2334 unitatis
875 2276 946 2334 tidei
969 2276 1141 2346 servandae¹
1165 2297 1200 2336 ac
1223 2276 1407 2356 pedetentim

161 2367 219 2422 ruit
249 2365 390 2422 ecclcsiae
421 2363 596 2422 aedificium.
643 2365 720 2422 l'era
750 2365 876 2422 ecclesia
904 2384 1024 2422 necesse.
1051 2374 1096 2422 est
1123 2363 1231 2422 habeat
1261 2365 1407 2422 unitatem

163 2450 360 2510 rrriis'ersalem
382 2465 571 2530 centrumque
588 2452 722 2510 unitatis:
746 2463 815 2508 tuuc
830 2472 889 2508 uria
912 2461 956 2508 est
980 2453 1087 2509 civitae
1103 2461 1152 2510 aut
1168 2471 1291 2527 regnum
1307 2469 1407 2528 super-

163 2539 295 2596 naturale
313 2547 400 2616 atquc
425 2541 454 2595 in
478 2560 508 2596 se
526 2538 704 2596 elementum
721 2547 881 2621 perpetuae
897 2540 1130 2596 conservationis
1148 2539 1226 2594 fovet
1242 2547 1272 2594 et
1286 2537 1407 2595 evolvit.

162 2625 227 2683 Hoc
250 2627 345 2704 posito
378 2625 585 2702 inquirendum
609 2639 661 2693 rest,
695 2637 790 2682 utrum
819 2625 892 2682 haec
917 2627 1014 2682 unitas
1037 2637 1065 2680 et
1090 2624 1144 2681 lroc
1168 2639 1301 2682 centrum
1325 2645 1407 2701 repe·¹

164 2714 276 2770 riantur
305 2714 335 2770 in
366 2711 492 2771 ecclesia
529 2711 700 2773 orthodoxa,
730 2733 767 2768 au
798 2713 829 2769 in
853 2711 979 2768 ecclesia
1004 2713 1144 2775 lloruaua,
1168 2721 1197 2768 et
1220 2712 1243 2769 si
1269 2711 1342 2768 haec
1364 2713 1408 2768 eis

165 2802 279 2876 potitur,
305 2800 377 2856 haec
401 2799 560 2876 praesefert
585 2807 684 2856 uotam
708 2817 795 2855 rer-ue
819 2799 970 2856 ccclesiae.

265 2887 343 2943 'l'ota
365 2889 455 2964 igitur
482 2886 625 2964 polemius
649 2886 728 2944 liiscu
752 2883 865 2943 ‹lttobus
892 2886 1073 2962 argumentis
1102 2883 1277 2942 evolvendis
1307 2894 1408 2943 nostra

165 2983 258 3029 arctate
281 2975 452 3049 praesertim
477 2972 646 3030 incumbere
677 2971 772 3028 dehet.
818 2971 902 3046 (pirae
926 2992 995 3028 vcro
1018 2970 1210 3030 desumuntur
1231 2993 1267 3028 ex
1293 2982 1408 3048 aposto-

168 3059 276 3115 licitatc
307 3057 420 3135 (stricte
451 3055 579 3136 surnptal
611 3075 659 3116 attt
692 3058 901 3126 catholicitate,
936 3073 986 3115 aut
1016 3060 1174 3116 strictitate
1204 3058 1296 3116 veluti
1329 3059 1407 3116 notis

165 3165 249 3202 rotae
281 3145 423 3204 ‹aetesiao
447 3145 484 3203 ad
509 3145 689 3223 probandum
721 3146 876 3203 eeclesiam
901 3146 1064 3202 itomanam
1093 3147 1198 3202 ceteris
1221 3145 1406 3213 antecellere,

165 3235 193 3288 vi
210 3231 407 3290 destituuntur
423 3235 454 3290 in
470 3233 620 3308 theologia
636 3232 779 3309 polemica
794 3233 939 3290 orientali.
965 3232 1031 3289 lluo
1046 3252 1124 3292 vero.
1140 3252 1215 3309 quae
1233 3232 1408 3297 rettulimus,

165 3332 335 3396 argumenta
364 3331 455 3378 totam
480 3339 561 3377 suain
586 3314 645 3376 rim
670 3330 797 3390 serrant,
833 3320 934 3396 eisque
957 3318 1098 3376 utendum
1123 3321 1278 3396 praecipuo
1301 3330 1358 3376 est:
1382 3321 1406 3375 si

165 3407 240 3462 enirn
266 3405 403 3482 probatur
425 3427 526 3464 veram
550 3405 705 3464 ecclesiam
720 3427 784 3464 esse
803 3407 963 3464 liumanarn
988 3407 1153 3474 ecclesiam,
1176 3406 1264 3463 lircile
1287 3403 1408 3464 adeius

166 3491 324 3550 doctrinam
349 3493 559 3570 acceptandam
583 3495 723 3551 sternitur
747 3495 803 3550 via.
827 3492 1014 3568 'l'heologiae‘
1035 3495 1124 3568 igitur
1139 3492 1300 3570 polemioae
1324 3512 1408 3570 prae-

167 3583 261 3636 sertim
291 3601 363 3636 ouus
388 3577 529 3637 incumbit
553 3575 747 3639 elucidandae
779 3580 908 3638 notionis
929 3599 1017 3638 verae
1040 3579 1191 3652 ecclcsiae,
1226 3581 1408 3654 argumentis

169 3675 197 3723 ut
221 3668 261 3723 ita
285 3665 381 3724 dicant
406 3687 442 3723 cx
467 3668 529 3724 eius
553 3668 616 3724 vita
638 3665 841 3724 indesinenter
863 3668 962 3726 erutis.

272 3753 304 3810 lu
330 3753 376 3810 his
400 3765 497 3811 autina
521 3756 729 3812 controversiis
752 3752 912 3832 optandum
929 3755 1049 3810 omnino
1072 3762 1125 3823 rest,
1148 3763 1177 3810 ut
1194 3756 1301 3812 caritas
1324 3775 1407 3831 prae-

172 3836 265 3900 cellat.
296 3839 462 3900 Orthodoxi
486 3861 543 3899 nou
568 3851 634 3899 sunt
659 3841 757 3898 hostes
780 3842 881 3903 nostri,
905 3837 956 3896 sed
980 3839 1085 3897 fratres
1108 3843 1244 3917 separati.
1291 3840 1330 3898 Ur
1354 3861 1408 3899 nos

167 3925 266 3984 valida
287 3929 437 4004 potiuntur
464 3927 639 4001 hierarchia,
674 3948 778 4004 corpus
808 3943 835 3984 ct
872 3929 1045 4001 sarrguinem
1070 3927 1182 3984 Christi
1211 3936 1337 3994 sumunt,
1372 3947 1407 3985 ac

168 4012 370 4070 Beatissirnaru
389 4013 542 4091 l'irgiuern
564 4016 696 4091 impenso
719 4014 824 4075 caelarat.
850 4016 879 4069 si
906 4033 924 4070 a
947 4016 1072 4072 veritate
1087 4013 1247 4072 deflectunt
1270 4015 1301 4071 iu
1324 4015 1406 4071 theo-

169 4099 267 4178 logicis
298 4102 461 4172 sententiis,
495 4101 667 4158 cvolvaruus
702 4117 797 4158 nostra
830 4113 1005 4175 argumenta
1035 4100 1073 4159 ad
1103 4122 1153 4158 cos
1186 4099 1407 4159 convincendos

168 4189 233 4263 quin
265 4206 313 4244 eos
337 4187 500 4246 afficiamus
524 4187 639 4246 iniuriis
672 4201 721 4244 aut
751 4190 850 4244 omitia
880 4187 957 4264 apud
989 4211 1038 4245 eos
1069 4209 1186 4266 pessum
1217 4190 1259 4245 irc
1291 4209 1407 4245 asscive-

169 4293 268 4330 remus.
291 4271 380 4351 Apud
404 4295 457 4331 rios
480 4275 575 4331 terret
596 4294 697 4353 pugna
720 4276 796 4331 iuter
819 4274 996 4332 catholicam
1017 4275 1173 4333 ecclesiam
1196 4286 1225 4332 et
1248 4282 1408 4352 potestates

169 4359 391 4418 incredulitatis:
415 4359 492 4438 apud
517 4362 582 4418 illos
605 4361 730 4418 eeclesia
753 4359 831 4418 subit
863 4363 962 4433 iugum
993 4362 1180 4419 durissimum
1211 4362 1309 4419 civilis
1332 4363 1408 4436 regi-

169 4449 252 4505 iniais
275 4459 304 4503 et
326 4461 539 4525 consequenter
562 4447 693 4525 paralysi
717 4445 839 4504 laborat.
878 4447 937 4504 aad
959 4450 1019 4506 iarn
1042 4447 1181 4504 videntur
1203 4449 1290 4524 signa
1312 4468 1406 4504 resur-

168 4536 318 4592 rectionis:
349 4533 498 4612 complura
520 4535 656 4610 leguntur
679 4536 709 4590 iu
733 4533 812 4591 foliis
837 4535 966 4591 ltussicis
989 4533 1146 4610 periodicis
1169 4533 1205 4589 do
1234 4537 1409 4592 necessitate

169 4620 351 4678 renovandae
375 4621 534 4678 ecclesiae:
563 4631 592 4677 et
615 4619 794 4697 sperandum
816 4630 861 4678 est
884 4620 954 4683 fore.
977 4632 1009 4678 at
1031 4620 1101 4676 olim
1124 4620 1231 4676 ritrolis
1254 4619 1407 4697 perfractis

168 4709 270 4765 iterum
293 4706 429 4765 libertate
454 4709 483 4766 in
505 4708 623 4764 t'hristo
648 4707 720 4764 hacce
742 4717 801 4764 taur
828 4725 983 4764 nurnerosa
1005 4707 1131 4764 ecclesia
1154 4708 1273 4764 fruatur.
1297 4709 1328 4763 si
1352 4706 1408 4764 hoc
