3450 5342
879 419 920 426 —-
944 388 1006 440 :tls
1031 417 1070 425 -

460 569 504 634 Dr
530 596 565 630 os
590 575 724 630 ol'titnria
746 577 931 632 contritionis
963 577 1109 653 perl'cetse
1133 590 1201 632 aute
1226 574 1428 632 traditionem
1459 591 1610 652 pote-fiss-

354 660 521 718 reruinoiuli
543 674 672 738 pet-rata.
708 664 806 721 ‚Ante
828 683 936 719 novum
961 665 1159 720 oeconomiam
1183 663 1335 734 evangelii
1362 679 1451 720 cene
1479 681 1545 718 ora:
1571 667 1614 716 sl}-

352 748 428 825 qnorl
461 748 589 804 rinoliurn
620 747 728 805 adultis
759 769 810 825 pro
834 748 1019 826 impetranda
1051 751 1221 806 remissione
1255 765 1470 826 peccatorum:
1509 749 1612 804 anijin

351 850 447 892 utitem
464 847 528 891 erat
550 856 584 890 es
602 855 688 910 opere
712 849 831 910 opmato
853 856 919 892 tiam
935 836 1080 896 el'iicieus:
1096 857 1164 909 erno
1188 853 1249 892 erut
1266 858 1305 893 ex
1329 857 1426 913 opere
1453 839 1606 912 operarii·

352 922 475 998 iilooque
492 921 599 998 aliquis
622 937 712 990 aetio,
728 937 756 978 et
781 919 889 978 idcireo
912 936 991 979 certe
1014 935 1095 980 actus
1112 926 1387 1000 praestantissimus
1415 926 1490 980 sive
1518 929 1612 999 pteri-

350 1011 444 1065 tontia
473 1011 604 1084 prolecta
626 1029 662 1064 ex
688 1012 940 1085 praestantissimo
970 1021 1046 1075 actu,
1070 1029 1127 1087 quo
1159 1009 1245 1067 homo
1276 1009 1314 1066 nil
1340 1011 1447 1067 llenm
1477 1028 1608 1066 [suntet.

351 1098 453 1173 possit:
486 1097 566 1170 atqiri
603 1095 650 1150 liic
684 1109 766 1152 aetus
800 1097 1069 1172 praestantissimus
1102 1107 1146 1154 est
1181 1099 1367 1174 poenitentia
1404 1118 1447 1154 ex
1490 1101 1610 1153 essitas

349 1195 503 1258 conrepta:
528 1203 597 1256 eigo
627 1194 676 1238 aut
709 1181 780 1238 baec
813 1195 862 1239 aut
888 1182 1008 1239 nullum.
1040 1181 1186 1258 Quocirca
1215 1181 1251 1240 dc
1276 1183 1330 1240 bac
1366 1205 1398 1240 re
1425 1199 1516 1239 certe
1541 1207 1612 1238 ina.-

350 1269 459 1345 pieurla
482 1271 651 1324 testimonia
684 1268 798 1326 l'eteris
820 1269 1005 1327 'l'estamenti
1032 1269 1109 1326 lleut
1133 1273 1161 1336 l,
1186 1272 1238 1342 29;
1263 1270 1364 1326 Ezecli
1402 1277 1456 1333 1³⁴,
1484 1275 1525 1326 21
1569 1274 1610 1329 'Ji

351 1362 416 1432 283:
441 1360 490 1424 233,
519 1359 554 1412 112
580 1354 670 1430 {Zarlr
698 1359 723 1417 l,
748 1354 787 1430 ill.

460 1440 602 1499 Probatur
626 1444 844 1518 consequentia.
869 1445 946 1499 Sane
970 1439 1003 1518 o)
1027 1461 1102 1519 quae
1127 1442 1206 1500 Deus
1234 1463 1285 1520 per
1309 1444 1481 1519 prophetas
1508 1445 1609 1500 'liora-

350 1531 441 1586 mrnti
467 1528 582 1586 l'otoris
610 1539 734 1585 testatus
756 1540 808 1589 est.
831 1547 965 1606 ‹puaeque
996 1527 1031 1586 ad
1058 1531 1149 1587 vitam
1172 1530 1432 1606 supernaturalem
1461 1549 1607 1609 spectari:

349 1637 384 1672 ea
406 1625 435 1672 et
459 1616 527 1671 tiliis
553 1616 629 1672 Novi
653 1616 837 1672 'l'estameuti
862 1617 979 1692 repetit:
1000 1635 1069 1686 ergo
1092 1613 1130 1672 ad
1155 1636 1207 1672 nos
1230 1635 1345 1693 qitoque
1372 1630 1507 1694 spectat.
1534 1616 1605 1695 quenl

350 1723 400 1779 per
424 1703 556 1780 lloyseru
580 1721 610 1759 et
635 1703 821 1759 lizoeliieleni
847 1703 926 1760 licus
947 1703 1089 1780 promisit.
1115 1702 1152 1760 Er
1174 1703 1341 1780 tequidem
1369 1725 1455 1762 iera.
1471 1709 1605 1781 exo-pi<

348 1791 524 1846 extrinsecis
556 1789 698 1866 symbolis
729 1801 756 1846 et
787 1791 970 1855 ceremoniis,
1001 1809 1037 1846 ea
1067 1807 1142 1866 quae
1172 1787 1209 1846 ad
1242 1791 1416 1847 interiorem
1453 1791 1604 1850 hominu

349 1879 504 1952 portirnnt,
529 1895 662 1952 asiaeque
693 1878 723 1932 in
746 1876 939 1933 'l'ostamento
972 1875 1072 1933 l'eteri
1105 1876 1198 1934 locum
1230 1875 1392 1940 habebunt
1426 1899 1468 1935 ex
1504 1899 1604 1956 aequo.

349 1965 437 2019 innuo
461 1964 572 2039 potiore
590 1966 650 2019 iure
674 1973 809 2040 spectent
831 1961 869 2019 url
888 1963 1112 2020 'Postumentum
1136 1963 1265 2022 Novum:
1289 1966 1352 2022 eius
1378 1967 1465 2022 enim
1485 1971 1601 2043 pmpria

348 2063 389 2104 ost
416 2051 537 2105 interior
561 2051 673 2105 iustitia
696 2061 724 2105 et
748 2051 889 2106 sauctitas
912 2071 946 2108 uo
977 2050 1110 2106 remissio
1133 2061 1326 2126 peccatorum.
1350 2051 1399 2108 Cl'.
1423 2052 1529 2110 ierem
1556 2061 1600 2107 21⁴¹.

349 2140 397 2192 tiit.
422 2140 470 2196 st.
493 2141 526 2214 (l)
551 2136 624 2194 llum
649 2136 820 2194 Christiana
843 2135 891 2193 lex
915 2138 953 2194 sit
976 2136 1025 2192 lex
1048 2138 1187 2206 caritatis,
1218 2139 1351 2214 iniquum
1381 2155 1427 2195 est
1463 2139 1600 2196 arbitrari

348 2223 497 2279 l'liristtnn
523 2223 649 2279 voluisse
673 2225 778 2280 minori
811 2225 841 2279 in
864 2226 958 2299 pretio
982 2221 1084 2280 haberi
1108 2225 1258 2281 caritatem
1292 2225 1323 2282 in
1347 2225 1491 2286 ecclesia
1515 2248 1598 2303 «puna

347 2311 378 2366 iu
401 2330 562 2387 synogoga.
594 2322 624 2386 γ)
649 2310 731 2366 Nilril
755 2323 798 2367 est
831 2312 860 2366 in
884 2311 1056 2368 oeconomis
1079 2309 1257 2373 Christiana,
1290 2331 1347 2388 quo
1371 2310 1474 2369 videri
1510 2317 1599 2390 post-ir

346 2397 466 2472 ‹lornpta
490 2399 534 2452 vis
566 2396 638 2452 llaec
662 2399 777 2454 caritati
806 2395 985 2454 iustifieaudi
1009 2405 1185 2474 peccatores.
1209 2398 1360 2456 ¹Institutio
1391 2402 1477 2456 enim
1503 2421 1600 2456 sacra-

346 2485 438 2540 menti
462 2485 661 2560 poeintentiae
685 2504 792 2540 norum
817 2482 945 2542 medium
962 2482 1129 2561 suppeditat
1152 2505 1205 2561 pro
1220 2483 1383 2542 obtinenda
1408 2489 1597 2543 remissione:

345 2570 435 2647 idque
458 2573 560 2643 exigit,
585 2584 614 2627 ut
638 2591 739 2628 ursinos
761 2580 917 2628 teneantur
946 2570 1080 2628 confiteri
1101 2581 1223 2648 peccata
1246 2591 1298 2629 sua
1328 2574 1596 2650 remissionemque

345 2657 487 2715 directam
520 2671 618 2733 petere
649 2679 667 2714 a
689 2659 832 2714 ministris
863 2658 983 2726 Christi,
1012 2677 1077 2716 cum
1109 2657 1164 2715 hac
1193 2679 1263 2716 vero
1294 2657 1480 2733 obligatione
1512 2661 1594 2717 nullo

346 2745 431 2801 niodo
456 2756 608 2820 repugnat,
632 2758 663 2800 nt
686 2747 751 2820 quis
775 2764 826 2820 per
848 2747 1054 2802 contritionem
1078 2745 1238 2822 perfectam
1261 2748 1364 2802 statim
1387 2747 1592 2804 iustificetur·

345 2832 550 2895 l’almiori,
577 2832 620 2887 lle
644 2851 727 2908 poen.
752 2830 792 2888 tli.
817 2834 866 2903 23,
892 2832 958 2890 VII.

452 2913 499 2990 Ε)
523 2940 560 2974 ox
582 2918 698 2976 defectu
722 2920 845 2975 rationis
870 2939 921 2996 pro
944 2920 1099 2976 contrario.
1132 2917 1208 2974 Num
1236 2907 1433 2990 „institutioni
1469 2919 1592 2978 Christi.

343 3026 417 3080 (putre
441 3007 543 3061 statuit
569 3005 802 3081 irnlopendenter
824 3026 842 3061 a
859 3015 1004 3082 potestate
1027 3005 1155 3063 clavium
1178 3007 1381 3062 remissionem
1404 3023 1590 3082 peccatorum

343 3112 400 3148 non
435 3090 561 3148 obtineri
592 3095 748 3168 omniaque
783 3106 905 3169 peecata
936 3090 1114 3150 remittenda
1143 3112 1208 3150 esse
1238 3090 1357 3159 directe,
1390 3091 1454 3148 lieri
1491 3113 1585 3170 potes-r

343 3181 414 3235 satis
437 3181 527 3234 etiinn
551 3179 613 3234 sola
637 3179 818 3236 subiectione
841 3182 873 3236 in
889 3193 957 3237 voto
980 3178 1158 3257 supradicta,
1182 3199 1240 3236 non
1264 3177 1384 3256 quidem
1407 3181 1448 3236 ita
1474 3199 1504 3236 ur
1526 3201 1587 3236 nun

344 3267 469 3341 anrplius
500 3265 617 3333 (lubeas,
649 3268 672 3322 si
697 3278 778 3342 potes
808 3266 855 3323 vel
880 3277 948 3324 tuuc
979 3265 1026 3324 vel
1050 3276 1158 3338 postea
1190 3276 1218 3323 te
1246 3264 1377 3323 subicere
1401 3277 1479 3330 actu,
1511 3265 1588 3345 qntsl

342 3352 599 3411 coinratlirtorinm
623 3364 699 3408 osset
723 3397 730 3410 .
754 3398 760 3410 .
784 3398 790 3410 .
815 3357 892 3410 Sane
916 3372 951 3410 ea
967 3355 1136 3423 exsistente,
1160 3370 1226 3410 cum
1249 3355 1311 3410 eius
1335 3373 1450 3429 quoqne
1476 3355 1582 3410 iutuitu

345 3440 493 3495 coiifertnr
515 3441 613 3496 alteo
636 3439 697 3494 solo
720 3442 853 3497 remissio
870 3449 1063 3516 peccatorum,
1087 3459 1189 3497 verum
1209 3459 1311 3516 reapse
1335 3449 1453 3496 estnon
1479 3444 1586 3496 remitti

344 3536 464 3602 pieccata
496 3525 730 3601 independenter
760 3547 778 3582 a
800 3535 945 3603 potestate
974 3527 1115 3598 clavium3
1139 3528 1328 3584 remittuntur
1358 3528 1439 3583 euim
1469 3543 1586 3604 propter

346 3613 557 3670 subiectionem
589 3612 626 3670 ad
656 3613 747 3682 illam,
778 3634 902 3690 qntcum
934 3633 1011 3671 nexa
1042 3621 1086 3671 est
1117 3611 1258 3688 obligatio
1289 3632 1412 3670 manens
1443 3613 1585 3690 petendas

346 3701 464 3757 tandem
490 3702 671 3757 remissionis
695 3700 849 3757 directae*
878 3701 1080 3770 Palmieri,
1103 3699 1151 3758 De
1173 3719 1258 3776 poen.
1281 3699 1322 3756 th.
1348 3701 1396 3776 ll),
1420 3699 1460 3760 ll.

454 3782 489 3846 F
490 3804 498 3863 r)
522 3809 559 3844 ex
575 3787 715 3864 patribus.
738 3789 996 3857 Augustinus,
1020 3787 1066 3844 De
1081 3785 1181 3844 Trinit
1203 3787 1222 3843 l.
1241 3789 1288 3856 15,
1311 3806 1339 3842 n.
1357 3788 1406 3843 31.
1425 3807 1460 3843 s:
1489 3787 1584 3858 „tau-³

346 3878 471 3952 Spiritus
491 3886 616 3945 sanetus,
640 3876 690 3950 qui
708 3873 838 3950 procedit
861 3895 899 3930 ex
915 3874 988 3944 Deo,
1013 3893 1078 3932 cum
1094 3871 1179 3930 datus
1202 3873 1290 3931 fuerit
1306 3872 1429 3940 homini.¹
1452 3873 1585 3930 accendit

345 3982 410 4017 euru
442 3965 472 4017 in
505 3962 694 4018 dilectionem
725 3961 781 4017 Dei
813 3969 841 4017 et
870 3963 1003 4037 proximi,
1032 3962 1146 4037 etipse
1179 3959 1298 4017 dilectio
1329 3969 1382 4019 est.
1410 3960 1480 4018 Non
1508 3963 1583 4018 enirn

345 4047 433 4102 habet
458 4047 551 4111 borno,
576 4048 651 4104 unde
675 4049 771 4105 Deum
796 4047 910 4122 diligat,
934 4049 991 4104 nisi
1007 4068 1045 4104 ex
1068 4047 1141 4104 Deo,
1164 4048 1288 4124 Propter
1311 4045 1389 4124 quod
1411 4047 1500 4124 paulo
1525 4062 1583 4123 post

345 4131 428 4188 dir-it:
454 4134 514 4189 Nus
538 4133 695 4209 diligamus
729 4155 804 4202 enm,
827 4137 897 4211 quia
920 4137 983 4211 ipse
1006 4136 1086 4211 prius
1109 4132 1217 4192 dilexit
1240 4134 1308 4191 nos)
1332 4135 1494 4210 Apostolus
1518 4154 1584 4211 quo

343 4239 399 4295 qne
430 4220 550 4277 Paulus:
575 4222 722 4290 'llilectio
755 4224 859 4297 iuquit,
883 4221 940 4276 llei
968 4220 1074 4278 diiiirsa
1097 4230 1141 4278 est
1172 4223 1204 4278 in
1227 4219 1362 4278 cordibus
1393 4221 1502 4280 nostris
1535 4241 1583 4298 per

343 4308 484 4381 Spiritum
515 4331 545 4378 s„
578 4310 627 4384 qui
652 4307 738 4365 slatus
761 4320 804 4364 est
837 4306 938 4365 nobis‘
984 4307 1105 4365 Nullum
1130 4317 1174 4366 est
1197 4309 1253 4366 isto
1275 4305 1353 4364 dono
1383 4306 1582 4365 excellentius.

342 4394 441 4450 Solum
465 4407 518 4459 est,
541 4395 618 4471 qnod
635 4394 745 4451 dividit
769 4396 844 4451 lilios
868 4397 952 4469 regni
969 4395 1082 4452 aeterni
1105 4403 1134 4451 et
1149 4393 1227 4452 filios
1249 4391 1423 4472 perditionis
1439 4405 1583 4452 aeternae.

341 4482 458 4538 llantur
480 4495 508 4538 et
532 4483 591 4538 alia
614 4502 665 4559 per
689 4482 831 4558 Spiritum
855 4502 877 4539 s.
901 4502 1030 4551 munera,
1048 4480 1099 4538 sed
1123 4483 1187 4539 sino
1210 4483 1332 4539 caritate
1355 4481 1432 4538 nihil
1456 4499 1581 4558 prosunt.

342 4569 406 4625 Nisi
431 4590 500 4645 ergo
523 4578 635 4626 tautum
652 4570 836 4646 impertiatur
854 4571 958 4644 cuique
982 4570 1108 4645 Spiritus
1132 4587 1162 4638 s.‚
1185 4577 1217 4625 ut
1239 4587 1305 4625 eum
1329 4567 1388 4624 Dei
1411 4582 1440 4624 et
1456 4569 1579 4645 proximi

343 4656 431 4712 litt-iat
461 4666 629 4725 amatorem,
659 4677 676 4712 a
700 4657 821 4713 sinistra
850 4675 909 4711 non
933 4655 1107 4714 transfertur
1138 4653 1175 4714 ad
1199 4653 1361 4712 dextram.“
1399 4652 1456 4712 Ubi
1480 4656 1580 4713 saltem
