3450 5342
724 403 890 460 „37-„

175 609 347 669 magnoque
378 590 477 650 labore
512 591 694 668 collegerunt
717 601 746 650 et
770 589 935 650 ediderunt.
960 591 1006 648 De
1028 593 1137 648 unione
1168 590 1199 646 in
1222 590 1311 670 Syria
1342 589 1432 667 (saec

175 675 283 735 XVII.
313 689 343 736 ct
374 681 459 737 initio
490 698 566 736 saec.
596 677 718 753 XVIII)
751 679 834 736 iaxta
864 686 998 736 auctores
1029 677 1139 736 Russus
1169 685 1431 755 contemporaneos

173 782 274 839 pauca
317 760 441 834 lantum,
476 785 535 823 non
569 764 736 842 spernenda
781 777 882 824 tamen
916 773 1016 823 narrat
1058 761 1266 841 (rur-779).
1302 799 1340 806 --
1375 765 1431 842 Pg.

173 849 351 910 835-849
371 853 531 922 historiam,
547 871 676 923 munera,
691 854 822 910 actiones
842 853 1016 924 ,societatis
1031 851 1160 909 russicae
1174 849 1427 910 Palaestinensis“

171 936 327 1010 describit,
370 959 445 1018 qnae
488 941 613 997 societas
656 937 693 996 ad
728 941 883 998 scientiam
924 939 1094 998 historicam
1128 945 1208 995 certe
1239 939 1339 1014 magni
1385 945 1431 996 est

171 1027 329 1098 momenti,
353 1027 408 1084 etsi
432 1027 577 1104 imprimis
600 1045 656 1084 res.
669 1024 958 1104 religioso-politicas
980 1033 1093 1104 spectet
1115 1032 1302 1102 coneturque.

284 1114 375 1191 (lpus,
406 1111 484 1192 qnod
515 1111 756 1190 perlustravimus
785 1115 817 1170 in
848 1112 973 1172 historia
1006 1111 1210 1170 ecclesiastica
1240 1110 1358 1189 plurimi
1382 1122 1428 1170 est

167 1199 404 1269 aestimandum,
437 1219 503 1259 cum
541 1199 647 1258 similis
681 1199 737 1258 bac
771 1199 808 1258 de
843 1201 968 1258 materia
1001 1197 1077 1256 liber
1110 1197 1214 1255 nullibi
1250 1200 1428 1257 inveniatur.

172 1285 275 1343 Nemo
309 1286 404 1344 adhuc
427 1295 469 1344 tot
499 1287 677 1358 testimonia,
711 1285 896 1354 documenta,
933 1286 1037 1356 fontes,
1073 1285 1187 1342 litteras
1221 1283 1428 1358 occidentales,

171 1391 299 1448 graecas
323 1375 448 1432 russicar
471 1372 527 1431 bac
550 1371 587 1430 de
610 1375 734 1432 materia
758 1373 878 1450 collegit
893 1383 922 1432 et
938 1375 1039 1432 critice
1063 1373 1246 1451 percensuit,
1282 1373 1428 1450 imprimis

171 1457 256 1537 quod
272 1459 379 1519 litteris
394 1461 522 1523 musicis.
538 1459 771 1518 occidentalibus
789 1462 885 1518 minus
900 1461 1020 1538 perviis,
1036 1461 1153 1536 copiose
1170 1479 1239 1518 usus
1254 1467 1307 1530 est,
1326 1462 1428 1536 magni

171 1547 265 1624 pretii
288 1559 342 1605 est.
364 1549 475 1606 Fontes
497 1558 526 1604 et
549 1547 715 1606 litteratura
738 1567 796 1606 non
819 1547 914 1605 solum
936 1547 1022 1604 initio
1045 1545 1122 1617 libri,
1146 1544 1198 1604 sed
1220 1545 1288 1604 alita
1311 1565 1428 1624 quoque

172 1631 244 1690 libri
278 1633 350 1692 locis
391 1635 507 1712 saepius
539 1635 639 1692 critIce
670 1643 880 1712 percenseatur
913 1642 942 1692 et
975 1631 1182 1692 describuntur
1220 1632 1426 1708 (ras-1973

171 1719 373 1796 sur-380).
415 1721 483 1778 'Iltsi
513 1719 589 1778 liber
619 1723 702 1780 iuxta
739 1723 882 1779 scientiae
915 1740 949 1778 ac
982 1720 1133 1779 doctrinae
1166 1728 1323 1798 praecepta
1356 1739 1449 1778 con·-

170 1809 304 1885 scriptus
327 1810 372 1878 sit,
396 1815 496 1866 tamen
519 1809 608 1865 etiam
632 1808 709 1888 stylo
725 1807 814 1866 alacri
837 1828 873 1866 ac
894 1807 1028 1886 populari
1042 1806 1171 1865 excellit.
1192 1807 1309 1866 'samen
1338 1805 1429 1866 verba

171 1896 348 1972 apapistaee
385 1894 449 1973 (pro
471 1893 647 1954 Venetianis
678 1895 803 1974 aliisquo
837 1893 1006 1953 nationibus
1034 1893 1189 1954 catholicis
1228 1913 1277 1972 pg.
1307 1895 1368 1952 504
1398 1903 1430 1952 et

167 1981 298 2059 passim)
321 1991 351 2039 et
373 1981 484 2040 similia
505 2003 520 2040 e
544 1981 628 2040 libris
650 1984 791 2040 scientiae
814 2002 849 2040 ac
872 1980 1023 2040 doctriuae
1038 1980 1144 2039 dicatis
1168 1980 1289 2039 exulent
1304 1990 1427 2058 oportet.

173 2102 214 2110 -
242 2067 376 2136 Jirerek,
403 2071 452 2146 qui
481 2069 673 2146 bulgarorum
698 2069 850 2126 historiam
882 2070 1063 2146 conscripsit,
1094 2067 1243 2126 Bohomus
1280 2078 1332 2140 est,
1363 2089 1424 2126 non

170 2153 330 2232 Belgarus,
368 2165 398 2212 ut
436 2167 536 2214 auctor
578 2175 625 2234 pg.
668 2157 731 2213 elo
772 2154 853 2212 dicit.
890 2189 928 2197 —
973 2155 1137 2212 Historiam
1169 2153 1340 2225 occidentis,
1375 2153 1427 2213 ubi

170 2239 329 2300 historiam
365 2245 628 2319 graeco-turcicum
666 2244 770 2318 tangit,
805 2253 906 2300 auctor
936 2262 995 2300 non
1023 2244 1066 2298 ita
1096 2239 1192 2298 sobrie
1222 2250 1252 2298 et
1289 2250 1425 2300 accurate

172 2327 324 2386 diiudicat
355 2330 429 2387 sicut
453 2331 605 2387 materiam
630 2327 666 2386 ad
690 2331 871 2407 propositum
895 2349 979 2388 snum
1002 2330 1131 2386 strictius
1153 2330 1360 2406 pertinentem.
1384 2363 1424 2372 -

281 2415 346 2481 llos,
370 2436 445 2494 quae
469 2415 507 2474 ad
529 2417 710 2494 propositum
741 2417 869 2474 auctoris
892 2417 1049 2494 pertinent,
1073 2416 1136 2493 ipse
1159 2417 1261 2493 paucis
1291 2418 1425 2494 exceptis

170 2521 279 2560 revera
308 2501 405 2560 solute
428 2511 457 2560 et
480 2505 564 2567 iuste.
589 2506 632 2560 ira
654 2513 683 2561 et
707 2501 803 2561 studio
835 2521 944 2560 vacuus
977 2510 1085 2561 tractat
1107 2511 1137 2559 et
1159 2499 1320 2574 diiudicat3
1351 2522 1424 2581 qua·

168 2600 294 2666 propter
322 2599 351 2646 et
385 2601 416 2647 ut
450 2588 606 2648 historicus
640 2599 669 2646 et
700 2599 731 2648 ut
765 2591 811 2646 vir
845 2587 959 2648 sobrius
993 2591 1145 2666 iustusque
1182 2609 1297 2646 summa
1335 2588 1423 2653 lande

166 2675 283 2752 dignus
307 2685 360 2734 cst.
1028 2675 1082 2733 Dr.
1105 2669 1143 2736 F.
1168 2669 1210 2737 X.
1239 2669 1379 2738 Grivec.

267 2848 494 2930 IIepnoarrrra
507 2847 733 2932 Bliuolobllt,
747 2879 940 2924 capescentes
957 2879 1014 2931 npu
1027 2859 1227 2916 caurcirmen'a
1246 2879 1410 2930 npacururr,

169 2947 367 3000 crayrenrerrn
387 2937 510 2994 cruoris.
532 2933 607 2986 1905.

281 2999 566 3056 Ecclesiastica
593 3003 686 3056 acta.
717 2999 862 3054 Eduntur
888 2999 1022 3066 singulis
1047 2998 1298 3056 hebdomadibus
1325 3018 1422 3082 penes

170 3084 198 3127 s.
217 3068 376 3139 synodum
397 3069 594 3138 dirigentem.
615 3071 690 3125 1905.
711 3069 763 3127 Nr.
784 3071 858 3126 1-6.
878 3098 913 3110 -
932 3068 1139 3137 Promulgant
1163 3073 1230 3123 acta
1249 3071 1373 3140 publica
1392 3077 1423 3128 et

170 3137 403 3194 ncrrrinationes
430 3139 613 3208 personales
639 3137 669 3196 S.
694 3138 812 3208 Synodi
844 3138 1019 3208 dirigentis,
1038 3137 1272 3194 lmmntationes
1292 3139 1323 3195 in
1342 3141 1423 3196 hier·

169 3209 278 3262 eretria
308 3207 436 3272 russiae,
467 3208 632 3264 relationes
657 3223 693 3264 ex
719 3207 855 3264 ecclesiis
882 3207 1076 3270 orthodoxis,
1104 3207 1268 3276 graviores
1289 3215 1422 3266 eventus

172 3276 254 3332 vitae
275 3277 500 3332 ecclesiasticae
518 3293 554 3333 ac
574 3277 714 3347 publicae
742 3278 773 3332 in
799 3277 975 3344 Occidente,
1001 3276 1139 3332 minores
1160 3282 1311 3332 tractatus
1330 3295 1423 3349 argu·

173 3347 270 3401 menti
290 3347 464 3416 theologia,
492 3347 690 3402 recensiones
711 3345 863 3402 librorum
891 3347 1012 3416 aliaque
1032 3345 1126 3402 huius
1154 3345 1248 3404 modi.
1276 3377 1310 3388 -
1340 3348 1423 3418 Epi·

171 3429 320 3486 scopus
342 3416 707 3472 veterocatholicus
728 3417 852 3472 Beber
877 3423 912 3471 et
938 3415 1360 3472 veterocatolicismns
1383 3418 1420 3472 in

173 3483 200 3539 G
209 3501 286 3540 erm
297 3491 341 3542 an
351 3486 358 3540 i
367 3501 392 3542 a.
409 3487 599 3542 Recensetur
614 3501 718 3541 sermo
732 3484 1010 3542 veterocatholicie
1034 3484 1131 3554 iscopi
1146 3485 1258 3540 Beberi
1272 3486 1420 3542 Coloniae

170 3553 310 3624 habitae,
341 3572 403 3626 quo
443 3555 542 3610 Beber
582 3555 684 3611 renuit
720 3555 957 3610 associationem
1021 3553 1331 3610 eterocatholicornm
1366 3555 1421 3612 ulli

168 3624 318 3678 ecclesiae
349 3624 415 3678 sive
444 3625 625 3680 occidentali
657 3624 723 3680 sive
751 3624 902 3682 orientali.
934 3625 1057 3706 (Nm).
1084 3654 1118 3664 -
1148 3623 1276 3680 Evita
1304 3625 1421 3682 eccle·

171 3693 340 3748 siastica
372 3695 408 3748 in
437 3695 715 3776 patriarchatu
748 3694 1192 3763 constantrnopolitano
1239 3692 1421 3751 Patriarcha

174 3761 539 3832 Constantirropolrtanus
569 3763 742 3833 praelectos
763 3764 980 3844 parochiarum
1000 3763 1032 3818 in
1057 3762 1236 3818 residentiis
1262 3765 1422 3846 episcopa-

170 3829 257 3886 libus
281 3847 453 3903 earumque
471 3833 547 3888 locis
568 3833 676 3888 vicinis
702 3833 827 3888 ordinat
846 3832 886 3888 ad
913 3832 1078 3886 relationes
1105 3831 1328 3902 patriarchatui
1346 3833 1420 3889 drri·

171 3900 293 3969 gendes
313 3901 351 3956 de
370 3903 517 3958 omnihus
537 3904 632 3958 rebus
661 3901 1066 3972 historico-archaeologicis
1084 3901 1226 3957 cuiuvas
1244 3903 1345 3958 dictae
1362 3919 1417 4028 pa·

172 3971 430 4040 roelriae.(b'r.2.)
445 4001 477 4012 -
493 3973 676 4028 Libertas
696 3971 970 4026 conscientiae
991 3976 1029 4026 et
1047 3971 1318 4028 tolerantialr}
1338 3972 1359 4026 li
1384 3988 1421 4028 ro

177 4039 333 4110 »Boupccn
353 4059 483 4110 ananie,
504 4041 680 4096 Moscoviae
700 4043 775 4102 1904.
795 4040 946 4096 Absolute
966 4040 1095 4095 libertas
1115 4041 1320 4097 consolentiae
1339 4041 1423 4098 inter

172 4106 316 4165 homines
330 4109 434 4166 nrinus
453 4109 666 4167 cultosevadit
678 4111 814 4182 denique
827 4111 957 4166 libertas
972 4109 1136 4165 violentiae
1148 4115 1179 4164 et
1192 4111 1421 4179 persecutionis

172 4191 237 4232 non
258 4195 363 4248 pacem
376 4179 431 4234 sed
442 4179 617 4236 discordias
628 4179 796 4246 seminans,
813 4181 858 4235 uti
868 4195 884 4234 e
895 4179 1058 4234 tolerantia
1072 4177 1356 4237 indifferentisrnus
1370 4196 1423 4236 na-

172 4245 272 4303 scitur
283 4249 348 4318 rur.
359 4251 395 4314 3).
410 4281 442 4290 —
457 4249 617 4304 Iudicatur
635 4249 730 4305 editio
751 4249 890 4304 russicae
908 4247 1122 4303 translationis
1141 4248 1247 4318 operte
1267 4249 1421 4306 bohemici

178 4315 370 4374 »Eventus
390 4319 628 4389 t»Prih0dy=)
654 4318 805 4374 richilla
833 4315 989 4372 Bohemi
1017 4316 1209 4372 Vratislai
1238 4318 1422 4374 Constan-

175 4383 507 4458 tin0p‹›1ia.1591«,
539 4387 720 4458 sumptibus
746 4387 908 4458 synodalis
934 4385 1163 4468 typographiae
1182 4387 1421 4447 moscovIensis.
1485 4449 1488 4453 ,

178 4453 296 4520 (Nati.)
317 4489 348 4498 -
369 4459 560 4514 Graecus
590 4459 722 4512 codex
750 4462 1084 4525 uranuscrrptus
1116 4457 1419 4514 membraneus

171 4527 743 4598 quattuorevangeliorum,
771 4526 973 4582 detectus
1000 4525 1117 4582 iuter
1144 4525 1319 4583 litteras
1348 4543 1420 4584 ma·

177 4598 432 4671 nuscriptas
458 4595 722 4652 monasterii
750 4596 910 4666 Helaty
934 4596 973 4650 in
998 4593 1165 4653 Grnzia
1193 4595 1312 4653 Relatio
1331 4597 1420 4653 Orlo-

176 4675 244 4716 rrae
262 4666 400 4736 episcopi
426 4667 564 4722 Kirionis
590 4667 628 4721 de
647 4666 751 4721 codice
773 4666 986 4734 rnanuscripto
1009 4671 1160 4736 quattuor
1184 4667 1418 4736 evangeliorum
