3450 5342
905 357 1095 412 -220-

378 540 474 608 vill..
498 556 526 611 p.
550 543 697 596 ion-iis.
724 541 806 598 Huic
825 540 987 611 scriptioni
1006 554 1115 596 ansam
1135 541 1354 610 praebuerunt
1379 553 1538 599 censurae
1556 541 1597 608 qni

378 611 438 666 bus
468 609 589 666 Docens
617 611 652 666 Α.
674 611 705 666 Ρ.
735 610 965 682 liadlubovsliij
994 611 1026 666 in
1054 608 1176 666 Veteris
1204 609 1407 666 Testamenti
1437 609 1597 663 lectionesa

378 679 527 750 psalmos,
546 680 600 750 qui
619 679 650 736 iii
670 679 797 750 liturgia
816 679 992 735 orthodoxa
1010 679 1039 735 le
1062 685 1167 746 untur,
1186 679 1329 736 invectus
1350 684 1417 734 est.
1442 677 1598 760 lnquodan

376 749 515 816 articulo,
534 749 588 822 qui
608 749 711 805 editus
731 757 779 830 est
798 749 829 804 iii
850 751 1024 820 llepiionnan
1039 695 1154 805 fascia
1165 755 1213 830 ιιι.
1225 752 1255 831 ji)
1272 764 1361 804 anno
1376 763 1541 830 superiore
1549 761 1600 804 orta

375 817 1602 970 inutilita-tl:lliiiiii‚tlhshltffl¹iilthiktaatiiiia

374 963 543 1026 caritatem,
562 957 720 1014 lenitatem
740 958 843 1025 animi,
863 957 1050 1014 iniuriarum
1067 958 1294 1026 remissionem,
1312 973 1404 1028 qnae
1414 963 1602 1036 contineantur

373 1027 406 1084 iii
426 1026 536 1083 Vetere
564 1027 773 1094 Testamenta,
802 1027 987 1098 praesertim
1007 1027 1040 1084 iii
1059 1027 1198 1098 psalmis,
1226 1029 1349 1098 hosque
1371 1043 1417 1082 ex
1438 1026 1603 1095 liturgiiei·
1652 1079 1654 1100 ;

374 1096 562 1222 gungeniiitis
590 1096 689 1221 ἣιιιιίῐ.
717 1097 908 1154 Sententiam
938 1095 1007 1153 eius
1025 1097 1144 1168 pluries
1172 1097 1264 1168 nigro
1280 1097 1396 1168 lapillo
1415 1101 1508 1152 notat
1523 1105 1603 1150 aucei

399 1181 509 1222 uiusn
541 1181 589 1222 iou
615 1208 621 1220 .

485 1234 651 1302 &Bitiam
687 1233 714 1292 Ο
743 1235 1074 1292 narodovlastii
1103 1236 1164 1303 (De
1190 1243 1345 1308 potestate
1376 1232 1603 1306 populariilh

375 1321 403 1376 p.
413 1309 560 1362 419-444.
572 1277 744 1387 Presbyter
755 1305 929 1375 Gregorius
946 1306 1070 1373 Petrov,
1086 1307 1143 1389 qui
1158 1321 1217 1377 pro
1239 1312 1288 1388 ter
1305 1306 1403 1388 libe
1415 1303 1602 1360 ralisnnn
1651 1269 1652 1326 ¹

375 1391 467 1431 suum
501 1381 532 1430 et
556 1391 672 1446 graves
704 1391 735 1430 iii
764 1375 973 1431 orthodoxam
1007 1375 1169 1432 ooclesiiim
1203 1323 1296 1432 oetier
1337 1381 1453 1432 tiones
1487 1373 1605 1428 multas

376 1445 505 1515 Synodo
525 1459 639 1515 passus
654 1451 710 1510 est,
729 1444 761 1500 in
775 1444 975 1515 ephemeride
994 1446 1123 1515 Pycciioe
1141 1447 1236 1502 Ciioso
1255 1449 1282 1514 (1
1336 1487 1344 1514 ‚
1364 1462 1399 1502 ιι.
1420 1440 1604 1512 aepiscopi

374 1513 539 1570 articulum
563 1515 621 1570 hoc
642 1513 747 1570 titulo:
769 1513 851 1572 Gur
878 1514 1005 1570 nobis
1034 1518 1288 1573 necessaria
1313 1523 1383 1572 est
1415 1511 1603 1592 libertast

376 1584 414 1639 In
446 1599 483 1640 eo
513 1585 592 1640 hanc
627 1583 812 1640 sententiam
842 1585 989 1654 exponit:
1027 1585 1177 1656 populum
1206 1601 1277 1642 esse
1312 1600 1432 1642 verum
1466 1584 1603 1660 dominiis

376 1652 522 1724 regionis,
555 1659 585 1710 et
619 1653 782 1724 regiminis
818 1669 934 1710 munus
966 1669 1037 1710 esse
1069 1656 1185 1725 popolo
1216 1655 1381 1712 inservire.
1431 1651 1603 1721 Theologins

375 1723 570 1850 ffiumentis
589 1723 647 1778 hoe
665 1723 789 1780 axioma
813 1723 913 1780 tuitus
931 1729 980 1780 est
999 1724 1123 1792 Petrov,
1141 1724 1231 1808 eique
1249 1726 1429 1796 theologice
1459 1720 1603 1792 respondet

375 1869 405 1918 a
429 1791 927 1944 ltll0⁶3liliai¹¹lhlitlllti
954 1794 1407 1946 latitabatis?
1423 1793 1603 1918 iiiiii?

375 1934 534 1988 acerrimo
554 1931 672 1986 calamo
692 1932 801 1987 scribit
819 1938 929 1987 auctor
948 1933 1042 1988 huius
1060 1933 1191 1990 articuli.

478 2005 507 2056 A.
533 2001 719 2068 Vei-telonia,
748 2001 969 2072 Ljubov¹k
998 2003 1330 2072 Boguibliinim
1358 2020 1381 2058 v
1402 2001 1602 2068 iiznipei·

374 2075 454 2141 vyl)
480 2071 670 2140 bristian
695 2086 744 2141 po
770 2072 1078 2128 svidetelstvu
1108 2073 1261 2129 istorii
1285 2073 1437 2129 cerlivi
1463 2069 1599 2138 (amorii

374 2142 471 2196 Deum
491 2147 521 2194 et
540 2140 728 2211 proximum,
756 2141 859 2211 qualis
879 2142 974 2198 luerit
1000 2142 1112 2212 primis
1140 2143 1336 2214 temporibus
1356 2141 1524 2212 religionis
1541 2138 1601 2192 chn'·

372 2211 490 2266 stianae
504 2209 676 2266 secundum
691 2210 905 2267 testimonium
919 2212 1069 2268 historiae
1081 2212 1324 2280 ecclesiasticae),
1345 2211 1410 2274 IX„
1425 2227 1456 2282 p.
1471 2209 1597 2284 iii-¹613

373 2280 417 2346 X„
436 2281 583 2336 515-538:
606 2279 685 2342 xli..
705 2295 733 2349 p.
748 2282 894 2336 cic-sei.
915 2281 1032 2336 Probat
1050 2289 1159 2337 auctor
1175 2298 1275 2354 genus
1294 2283 1482 2348 humanum,
1499 2278 1598 2334 etiamsi
1650 2289 1652 2340 i

248 2399 255 2409 ‚
371 2348 532 2430 lastigiuiu
557 2347 657 2404 civilis
704 2365 873 2419 rogressus
899 2351 1047 2420 attigerit,
1072 2351 1140 2407 sine
1166 2353 1315 2434 reiigione
1333 2351 1516 2413 christiana,
1539 2361 1598 2417 quae

371 2418 516 2474 innititur
544 2419 643 2474 amori
699 2419 725 2474 ei
759 2429 789 2474 ei
817 2420 961 2488 proximi,
995 2436 1088 2477 verae
1113 2422 1315 2504 perfectionis
1344 2420 1478 2476 moralis
1507 2429 1598 2486 expers
1651 2458 1652 2471 i

371 2487 536 2544 mansisse.
566 2487 633 2542 Hoc
663 2488 800 2558 primum
822 2489 980 2572 perviam
1010 2492 1194 2547 remotionis
1223 2493 1429 2558 demonstrat,
1458 2499 1596 2558 exponens

371 2557 584 2612 condicionem
619 2558 774 2613 societatis
805 2558 906 2613 civilis
925 2565 997 2616 ante
1016 2559 1178 2618 Christum
1208 2569 1313 2616 natum
1345 2561 1433 2631 apud
1469 2559 1596 2638 reginos

372 2627 573 2694 Bnddhistas,
595 2626 788 2682 Pharisaeos.
809 2628 998 2684 Praesertim
1018 2631 1232 2687 miserandum
1253 2637 1367 2686 statum
1388 2629 1593 2698 mancipiorum

371 2703 402 2752 et
421 2697 607 2752 laminarum
629 2697 660 2751 iii
681 2697 825 2752 societate
840 2697 981 2754 Romana
998 2701 1097 2756 oculis
1116 2701 1238 2757 subicit.
1258 2700 1374 2756 Deinde
1393 2716 1434 2756 ex
1450 2693 1595 2766 Evangelio

371 2765 461 2834 eruit,
480 2779 634 2835 quaenam
661 2765 701 2820 sit
719 2766 861 2822 doctrina
886 2767 925 2823 de
944 2769 1079 2839 proximi
1098 2785 1214 2836 amore,
1232 2779 1263 2826 et
1280 2769 1427 2840 exquirit,
1458 2763 1594 2850 quomodo

371 2835 485 2890 caritas
504 2834 747 2891 christianorum
768 2843 868 2894 aetate
886 2839 1056 2920 apostolica
1073 2843 1106 2896 et
1122 2840 1234 2910 primis
1254 2840 1384 2896 saeculis
1408 2837 1542 2896 exhibita
1557 2843 1592 2887 sit

373 2904 560 2959 Praesertim
581 2903 710 2960 disserit
727 2905 766 2962 de
782 2905 936 2977 prodigiis
954 2907 1038 2964 illius
1051 2909 1197 2970 caritatis.
1239 2925 1296 2965 iiae
1315 2909 1527 2966 saevientibus
1542 2917 1593 2986 [ιρις

372 2973 590 3055 εειιιίοιιίὺιιε.
605 2974 687 3030 edita
707 2981 788 3044 sunt,
812 2977 983 3058 pluresque
1012 2979 1142 3062 exponit
1160 2996 1190 3034 ιιι
1235 2995 1281 3046 os,
1308 2979 1427 3049 quibus
1447 2976 1592 3036 christion

371 3043 523 3099 iratribus
544 3059 610 3100 suis
630 3049 694 3100 tum
719 3046 877 3102 materiale
896 3054 962 3102 tum
983 3048 1146 3118 spirituale
1165 3049 1316 3105 auxilium
1336 3050 1532 3118 praebebant

475 3115 503 3168 S.
520 3113 548 3168 Τ.
565 3113 837 3185 Buddijslia'a
858 3118 989 3172 moral⁴
1008 3133 1057 3188 po
1076 3119 1374 3191 buddijsliomu
1393 3113 1590 3188 kaiipiiisi

369 3181 531 3308 rotrina
562 3183 690 3264 moralis
723 3133 921 3267 buddhistica
947 3192 978 3242 et
996 3188 1205 3245 catechismus
1232 3189 1477 3258 buddhisticus),
1508 3184 1546 3249 Χ,
1568 3197 1589 3250 Ρ·

425 3284 446 3291 -
456 3254 509 3308 382
526 3259 634 3316 (sectio
648 3253 698 3320 II.‚
718 3253 952 3324 philosophica).
972 3259 1088 3314 Auctor
1101 3259 1238 3314 rationes
1250 3265 1422 3326 enumerat,
1436 3274 1493 3314 cur
1503 3258 1588 3311 nostri

369 3327 470 3403 aetate
488 3321 652 3392 diligenter
670 3322 829 3393 inquirere
848 3332 992 3394 oporteat
1016 3327 1048 3382 in
1068 3327 1250 3398 religionem
1271 3327 1512 3393 buddhisticam,
1527 3333 1587 3393 qutt

370 3397 433 3446 tam
462 3397 618 3462 ingentem
648 3397 836 3449 sectatorum
868 3411 1035 3452 numerum
1065 3398 1186 3466 habeat,
1205 3413 1240 3454 ac
1259 3405 1397 3467 systema
1430 3396 1587 3468 religiosum

370 3459 617 3542 pulchritudinis·
628 3477 690 3517 non
704 3477 818 3532 expers
832 3465 985 3522 exhibeat.
1001 3466 1079 3523 Cum
1092 3467 1201 3544 religio
1216 3468 1415 3524 buddliistiea
1426 3460 1586 3550 praesertim

369 3535 500 3600 propter
518 3531 686 3613 doctrinas,
705 3547 784 3656 (guas
806 3533 907 3602 habet,
926 3535 1057 3592 morales
1077 3553 1096 3591 a
1115 3538 1221 3594 multis
1240 3538 1392 3604 laudetur,
1414 3553 1484 3594 eius
1501 3533 1588 3606 placiti

370 3606 479 3656 auctor
506 3615 641 3655 examini
671 3617 707 3656 su
733 3605 792 3668 icit,
818 3618 896 3659 usus
916 3606 1061 3662 versione
1079 3607 1259 3664 catechismi
1286 3606 1487 3676 buddhistici,
1514 3613 1585 3679 quiin

369 3670 395 3724 A
415 3670 444 3726 S.
457 3669 666 3726 Petrunlievic
685 3685 768 3726 anno
778 3673 845 3728 1887
863 3672 896 3727 iii
915 3674 1013 3730 lucem
1031 3675 1129 3732 edidit
1147 3677 1178 3732 iii
1194 3677 1427 3734 commentariis
1487 3671 1586 3732 riodics

369 3739 527 3820 linaskaja
549 3739 640 3810 Mysl'
659 3744 700 3807 (n.
716 3739 815 3811 VIII).
835 3741 1052 3801 Fundamenta
1070 3745 1230 3803 doctrinae
1248 3747 1376 3804 moralis
1395 3748 1439 3803 bii
1463 3741 1587 3803 dhisuoe

367 3809 477 3873 innuit.
496 3815 527 3864 et
545 3809 576 3890 in
590 3825 653 3880 quo
672 3810 789 3866 ascesis
808 3811 977 3868 christiana
995 3815 1035 3869 ab
1058 3815 1158 3872 ascesi
1171 3817 1370 3873 buddhistica
1387 3816 1583 3888 distinguitur.

367 3883 509 3934 accurate
528 3879 666 3934 disserit.
1579 3944 1584 3954 ,

471 3945 511 4028 Ρ.
529 3947 681 4028 livionem,
701 3949 891 4005 Izbranie
909 3951 1131 4024 episkopov
1151 3972 1171 4010 v
1186 3955 1451 4027 vizantijslioj
1472 3951 1585 4011 ceriti

367 4015 499 4083 (Electio
512 4031 730 4098 episcoporum
751 4019 783 4074 iii
797 4020 925 4077 ecclesia
944 4021 1143 4116 Byzantina„
1164 4025 1208 4094 x.,
1227 4041 1256 4096 p.
1269 4027 1415 4081 cis-488.
1435 4022 1583 4082 Confirmat

366 4099 446 4154 qnae
460 4086 614 4166 ‘fasciculo
634 4087 676 4142 VI
696 4089 940 4147 archimandrita
958 4093 1115 4163 beorgius
1133 4094 1215 4150 dixit
1226 4095 1266 4150 de
1284 4095 1432 4151 electione
1450 4101 1583 4166 episcope

366 4169 437 4209 riim
458 4169 490 4236 iii
510 4153 637 4226 antiqua
657 4156 793 4239 ecclesia.
814 4159 961 4216 Pastores
980 4162 1126 4219 eeclesiae
1144 4164 1305 4246 eliguntur
1317 4180 1335 4220 a
1349 4165 1461 4220 ceteris
1480 4169 1584 4236 pesteris

366 4224 426 4304 bus
451 4223 590 4306 eiusdem
605 4241 801 4295 provinciae;
822 4229 958 4299 populns
971 4235 1092 4288 tantum
1107 4235 1256 4304 exprimit
1266 4235 1459 4292 desiderium
1473 4227 1582 4291 habaid

365 4294 406 4347 ali
430 4307 500 4374 uem
513 4294 573 4349 sibi
583 4302 708 4366 gratum
726 4302 760 4352 ut
773 4297 965 4368 episcopum.
974 4299 1114 4371 Inquirit
1124 4302 1244 4373 deinde,
1257 4320 1410 4375 quaenam
1421 4303 1584 4361 muniones

365 4309 598 4446 absliierarohin
618 4365 790 4436 Byzantina
809 4369 933 4449 saeculo
952 4369 1022 4424 xii.
1041 4371 1073 4426 iii
1089 4371 1172 4428 hunc
1191 4387 1283 4430 usum
1303 4374 1448 4431 ecclesiae
1466 4375 1585 4448 inducit?

367 4437 430 4514 suit
449 4439 479 4490 et
497 4433 657 4516 desiderat
683 4441 718 4492 ut
737 4451 917 4518 proximum
937 4439 1100 4496 concilium
1117 4442 1204 4514 leges
1224 4449 1348 4514 statuat,
1366 4443 1484 4515 quihus
1503 4443 1582 4500 eletio

364 4515 584 4571 episcoporum
603 4477 770 4584 inllussia
791 4506 918 4562 meliore
937 4509 1085 4566 methodo
1103 4513 1294 4582 perficiatur.

471 4573 503 4627 Α.
519 4573 657 4642 Spauta,
677 4573 831 4658 lletnody
853 4575 1160 4652 missionerskoj
1184 4597 1254 4653 pro
1290 4583 1404 4640 ovedi
1422 4581 1582 4666 immi·

365 4645 456 4696 stva
485 4657 505 4696 v
532 4657 682 4713 pervye
710 4650 761 4699 tri
791 4645 895 4701 veka
924 4647 1077 4716 (Methodi
1104 4652 1344 4720 praedicationis
1362 4669 1381 4710 a
1399 4653 1581 4708 missioniriis
