3450 5342
691 434 886 493 —197-

162 620 278 669 ἃπασαν.
298 621 364 681 Ἆρα
381 621 405 668 τί
417 620 506 669 sabroe
524 621 619 685 γένοιτ’
636 621 668 669 ἂν
685 620 895 683 μακαριώοιρον;
914 620 971 671 rit'
989 620 1224 683 εὐκολώτερον
1246 622 1309 683 πρὸς
1329 622 1412 685 ἁμαρ-

163 692 284 753 τημάτων
303 688 477 755 &callam
505 688 581 753 quod
600 694 744 741 assertum
764 690 867 755 probat
886 690 1018 755 exemplo
1036 688 1185 741 Pharisaei
1204 692 1232 742 et
1253 688 1411 742 l‘ublicani.

164 759 237 811 ltem
257 758 299 810 lle
313 773 395 823 poen.
413 757 520 811 homil
539 756 586 810 lin.
606 758 669 810 sine
687 758 746 811 alia
765 762 879 824 praeter
899 758 1042 811 internam
1063 758 1243 811 confessione
1262 774 1412 811 accessum

163 828 202 881 ad
221 842 354 881 mensam
374 826 488 879 Domini
508 830 608 893 patere
626 827 698 881 dicit
718 831 886 893 (μηδενὸς
904 830 1030 891 παρόντος
1049 862 1056 877 .
1075 866 1081 878 .
1100 867 1106 879 .
1127 828 1345 895 ἀνολογιζόιιινος
1364 830 1414 879 ὑπὸ

164 902 209 949 τοῦ
226 901 290 948 νοῦ
308 898 438 963 κριτήριον
456 900 474 949 d
524 933 556 947 ..
576 896 596 961 .)
626 896 699 949 Aliis
718 898 814 951 verbis
834 898 910 951 idem
930 896 1067 963 exprimit
1086 896 1116 949 ln
1137 898 1165 949 lo
1185 898 1259 949 hom.
1279 898 1321 959 34,
1341 914 1367 951 ιι.
1386 898 1411 951 3.

159 966 205 1021 (li.
225 967 256 1018 ln
277 966 364 1019 Hebr.
383 966 460 1019 hom.
498 966 521 1029 l,
539 981 567 1018 n.
586 965 610 1019 3.
630 966 691 1031 tiu.;
722 967 753 1018 ln
773 968 842 1020 Gen.
860 966 886 1033 4,
906 968 981 1020 hom.
1000 966 1046 1031 em
1078 966 1119 1019 De
1139 982 1230 1033 comp.
1249 968 1287 1019 ad
1307 969 1373 1019 slei.
1394 970 1412 1020 l.

163 1036 235 1101 2,n.
253 1036 284 1101 63
312 1037 343 1089 ln
363 1036 376 1088 l
397 1035 458 1089 (lor.
478 1036 553 1087 hom.
572 1034 615 1094 28.
633 1052 661 1087 n.
681 1036 709 1096 l;
737 1036 778 1089 lle
797 1052 879 1103 poen.
900 1037 975 1089 hom.
994 1036 1011 1089 2
1030 1036 1090 1101 (uhi
1110 1040 1169 1089 tres
1189 1036 1251 1090 vias
1270 1037 1412 1105 assignat,

164 1107 270 1173 quibus
288 1111 409 1172 peccata
435 1105 544 1158 remitti
563 1109 703 1172 possunt;
730 1105 840 1172 primae
859 1106 1048 1159 consessionis
1069 1107 1234 1172 exemplum
1252 1106 1337 1159 aliert
1356 1106 1413 1160 Da·

163 1177 275 1232 videm:
288 1176 433 1228 secundae
447 1173 510 1241 {ubi
522 1174 605 1229 dicit:
624 1176 765 1241 Ἠιιαροις.
782 1176 913 1241 κινῆσον
926 1180 971 1227 καὶ
990 1178 1060 1239 hiric
1073 1178 1119 1239 τὴν
1133 1172 1270 1243 ἁμαρτίαν]
1289 1176 1412 1243 .4ι·1ιιιὺ.;

164 1246 269 1299 tertiae
289 1243 348 1311 {uhi
363 1247 606 1309 ταπεινοφρὸνηοον,
624 1244 726 1310 inquit,
745 1250 792 1297 καὶ
810 1246 907 1309 ἔλυσας
925 1246 972 1307 τὰς
984 1248 1071 1311 οιιρᾰς
1089 1250 1139 1295 ruba
1158 1244 1298 1312 ἁμαρτιῶν]
1318 1246 1413 1312 publi·

163 1314 291 1377 canum.)
309 1314 456 1382 Quomodo
469 1313 689 1381 intelligendum
705 1315 741 1366 sit
756 1314 826 1367 illud
840 1315 1009 1376 „ostendere
1028 1316 1132 1367 vulnus
1150 1314 1279 1367 medico⁸⁶
1298 1320 1327 1367 et
1340 1314 1412 1369 illud

163 1389 295 1450 „tentare
312 1388 431 1449 peccata
449 1384 604 1442 occulere·‘.
623 1384 699 1449 quod
718 1384 862 1437 interdum
882 1384 960 1451 dicit,
978 1384 1140 1437 ostenditur
1162 1384 1249 1437 etiam
1268 1400 1303 1437 ex
1322 1384 1413 1437 Theo-
1501 1411 1506 1421 ι

163 1456 274 1510 doreto,
294 1454 323 1505 ln
343 1455 387 1507 l's.
406 1453 452 1519 313
470 1458 596 1507 cetenmi
616 1454 650 1506 ct.
670 1453 711 1505 lle
730 1454 866 1521 incompr.
894 1453 944 1506 llei
963 1460 1021 1506 nat.
1041 1468 1115 1519 quae
1133 1454 1247 1507 dixerat
1264 1458 1332 1507 ante
1351 1455 1368 1506 l.
1388 1472 1411 1508 c.

162 1524 236 1592 (otte
254 1524 356 1583 ἀνοῖξαι
378 1526 408 1574 τὸ
431 1526 514 1587 stopa
530 1524 639 1588 δύναμαι
660 1519 725 1588 etc.)
753 1552 785 1560 -
812 1524 875 1576 h'on
901 1524 996 1577 minus
1020 1522 1171 1577 manifeste
1196 1524 1413 1577 Ambrosius

163 1594 297 1659 loquitur.
319 1594 348 1644 ln
368 1593 432 1645 Luc,
451 1592 485 1644 a).
504 1594 521 1645 l.
542 1592 586 1645 10:
604 1593 731 1653 „lavant
750 1593 887 1646 lacrimae
906 1593 1052 1659 delictum,
1074 1593 1150 1659 quod
1169 1608 1238 1645 voce
1257 1594 1349 1660 pudor
1367 1596 1413 1647 est

159 1662 319 1717 confiteri‘¹
342 1662 372 1713 ln
393 1664 457 1715 huc.
476 1664 493 1713 l.
514 1662 538 1722 7,
556 1678 583 1715 n.
602 1662 671 1714 236:
698 1662 785 1731 „Quis
804 1662 880 1715 enim
900 1666 930 1717 tu
955 1678 995 1725 es,
1013 1662 1061 1728 qui
1082 1662 1203 1716 Domino
1221 1664 1412 1732 contradicas,

162 1748 209 1790 ne.
228 1733 272 1783 cni
292 1731 370 1790 velit,
389 1734 503 1798 culpam
521 1731 669 1785 relaxet?“
688 1730 720 1783 ln
733 1731 848 1792 l's.118,
867 1750 889 1785 c.
901 1731 946 1785 10:
965 1732 1141 1801 Quicumque
1160 1732 1229 1785 dicit
1244 1732 1412 1799 iniquitates

162 1818 233 1855 anas
253 1803 320 1858 lieo.
340 1802 518 1854 iustihcatur.
538 1802 576 1853 (Ὺ.
596 1818 619 1853 c.
638 1801 685 1862 30;
712 1802 753 1853 lle
772 1802 841 1853 t'ain
861 1806 888 1855 et
909 1802 980 1853 Abel
999 1804 1016 1854 l.
1037 1800 1060 1863 1,
1079 1818 1101 1853 c.
1121 1800 1162 1853 34.
1182 1802 1252 1855 item
1278 1803 1413 1855 Auctor

162 1887 250 1925 serm.
269 1870 327 1923 252.
347 1870 383 1923 de
405 1876 493 1937 temp.
517 1870 552 1935 (s.
572 1872 692 1937 August.
711 1870 817 1934 adscr.)
841 1887 932 1937 agens
957 1872 994 1923 de
1012 1872 1231 1937 praeparatione
1252 1872 1411 1937 peccatoris

163 1942 202 1995 ad
221 1940 433 1993 llucharistiam
453 1940 666 2007 suscipiendam
691 1956 748 1993 non
773 1941 905 1993 meminit
924 1940 1121 2004 confessionis,
1146 1941 1197 1993 sed
1216 1944 1328 1995 tanturn
1348 1956 1411 1994 ora·

163 2012 260 2069 tionis,
279 2010 377 2062 ieiunii
396 2014 424 2062 et
444 2010 507 2063 sim.
526 2038 559 2047 -
579 2010 650 2063 item
668 2010 879 2075 t'assianus,
896 2012 995 2063 t'ollat.
1009 2010 1051 2071 20,
1070 2027 1093 2063 ο.
1105 2010 1134 2063 8:
1153 2012 1326 2074 „Postrema
1345 2010 1410 2077 quis

163 2084 218 2140 est,
236 2081 285 2145 ιμιὶ
305 2095 360 2131 ιιοιι
386 2081 476 2145 possit
502 2079 669 2146 suppliciter
688 2080 795 2132 dicere:
821 2087 972 2147 peccatum
997 2096 1093 2133 meum
1112 2080 1259 2149 cognitum
1285 2080 1336 2133 tibi
1357 2080 1408 2133 leci

162 2157 193 2203 et
218 2150 389 2202 iniustitiam
419 2164 513 2201 meam
540 2164 597 2201 non
622 2149 730 2215 operui.
757 2154 788 2203 ut
814 2165 864 2216 per
890 2150 963 2203 hanc
989 2150 1197 2203 contessionem
1225 2150 1313 2203 etiam
1339 2150 1410 2203 illud

160 2219 341 2273 confidenter
366 2219 540 2283 subiungere
565 2222 721 2271 mereatur:
749 2225 776 2271 et
800 2225 830 2272 tu
849 2220 986 2273 remisisti
1013 2220 1192 2286 impietatem
1218 2220 1312 2272 cordis
1331 2218 1411 2272 mei?

161 2289 269 2358 Quodsi
290 2288 463 2341 verecundia
482 2290 654 2346 retrahente.
672 2290 801 2340 revelare
824 2304 858 2340 ea
877 2304 973 2341 coram
994 2289 1159 2343 hominihus
1183 2290 1337 2357 erubescis,
1358 2290 1411 2359 illi,

162 2375 249 2425 ‹puem
275 2360 364 2411 latere
383 2374 439 2411 non
465 2364 595 2424 possunt.
619 2358 747 2409 confiteri
773 2374 806 2410 ea
833 2358 892 2427 iugi
918 2358 1128 2425 supplicatione
1152 2374 1209 2411 non
1234 2360 1352 2411 desinas
1376 2376 1411 2412 ac

160 2428 271 2481 dicere:
290 2428 470 2495 iniquitatem
490 2444 585 2480 meum
604 2442 717 2491 ego...
742 2428 789 2493 qui
809 2433 837 2482 et
855 2430 967 2495 absque
991 2428 1077 2481 ullius
1102 2428 1292 2481 verecundiae
1318 2430 1411 2495 publi-

160 2499 276 2551 catione
300 2513 400 2549 curare
426 2504 454 2550 et
482 2497 544 2549 sine
572 2497 745 2563 improperio
773 2504 890 2563 peccata
916 2498 1023 2551 donare
1051 2499 1224 2551 consuevit‘·
1255 2498 1295 2551 tr.
1320 2498 1409 2551 etiarn

160 2568 285 2624 Hilar..
306 2568 335 2619 ln
355 2583 396 2633 ps.
416 2566 463 2624 51:
487 2566 606 2626 Basil,
626 2568 656 2619 ln
676 2582 717 2633 ps.
737 2566 784 2628 ἰῆς
804 2567 1018 2620 Timotheus
1037 2568 1126 2633 Alex,
1152 2568 1290 2634 Respons.
1310 2569 1347 2619 ad
1368 2568 1410 2621 in·

160 2642 266 2699 terroe.
285 2638 321 2689 36
338 2638 573 2705 (ἐξομολογουμένη
593 2638 701 2687 ἐνώπιον
717 2642 763 2688 τοῦ
781 2637 868 2699 θεοῦ).

269 2706 383 2758 Ι)ιι1ι.3.
404 2707 502 2758 l‘atres
522 2713 699 2771 peecatorem
725 2722 789 2759 cum
809 2708 916 2759 lazaro
940 2706 1052 2773 sepulto
1077 2710 1278 2772 comparantes
1302 2706 1408 2761 docent

159 2792 218 2829 non
238 2792 323 2841 posse
341 2792 358 2827 a
378 2792 409 2828 se
427 2776 499 2829 solvi
519 2776 573 2829 nisi
593 2775 747 2828 viventem.
767 2776 808 2829 lta
828 2776 1062 2841 Augustinus
1081 2776 1124 2841 (ln
1145 2776 1180 2827 lo.
1194 2780 1227 2827 tr.
1247 2776 1289 2843 49,
1308 2792 1334 2828 ιι,
1353 2776 1408 2845 24),

159 2846 306 2915 Gregor.
326 2846 361 2898 ll.
387 2846 430 2911 (ln
449 2862 551 2914 evang.
571 2846 647 2899 hom.
665 2845 708 2911 26,
726 2861 752 2897 n.
771 2844 808 2908 6).
834 2846 1000 2897 t'larissime
1023 2860 1091 2897 sero
1111 2843 1186 2897 idem
1214 2845 1242 2897 in
1262 2862 1410 2913 cornpara·

159 2916 241 2968 tione
266 2932 330 2968 cnm
355 2916 532 2982 leprosorum
558 2915 709 2968 sanatione
732 2914 977 2981 Hieronymus
1002 2915 1133 2981 proponit
1160 2914 1202 2979 (ln
1223 2915 1332 2973 Α41416,
1352 2915 1410 2980 19):

158 2986 269 3051 „istum
289 2987 382 3037 locum
402 2985 527 3051 episcopi
547 2990 575 3037 et
595 2984 752 3051 presbyteri
774 3000 829 3036 non
849 2984 1054 3051 intelligentes,
1079 2983 1189 3050 aliquid
1209 2984 1264 3038 sibi
1283 2986 1319 3037 de
1339 2986 1410 3051 pha·

160 3056 321 3107 risaeorum
347 3059 500 3107 assumunt
524 3055 685 3121 supercilio,
710 3058 740 3106 ut
765 3056 810 3106 rel
835 3055 974 3107 damnent
994 3054 1160 3107 innocentes
1182 3056 1226 3105 vel
1249 3054 1359 3106 solvere
1378 3071 1410 3107 se

159 3126 264 3177 noxios
283 3124 466 3180 arbitrentur,
485 3139 550 3175 cum
568 3124 646 3191 apud
666 3124 757 3177 ileum
776 3138 832 3175 non
853 3125 997 3177 sententia
1016 3124 1207 3189 sacerdotum,
1226 3123 1277 3176 sed
1297 3140 1409 3177 reorum

160 3194 223 3247 vita
242 3198 405 3259 «praeratur.
425 3194 560 3259 legimus
579 3194 608 3245 in
627 3194 753 3247 levitico
772 3194 808 3245 de
826 3194 957 3260 leprosis,
976 3194 1024 3245 uhi
1045 3194 1186 3253 iubentur,
1205 3198 1235 3247 ut
1255 3194 1411 3247 ostendant

160 3280 195 3315 se
215 3264 422 3322 sacerdotibus.
447 3271 477 3315 et
495 3264 519 3315 si
539 3264 649 3329 lepram
669 3263 831 3322 habuerint,
854 3268 922 3317 tunc
947 3279 964 3315 a
990 3263 1139 3317 sacerdote
1164 3262 1303 3315 immundi
1330 3262 1410 3331 liant,

162 3349 220 3385 non
238 3348 295 3398 quo
308 3334 472 3386 sacerdotes
485 3334 613 3399 leprosos
632 3332 737 3385 iaciant
757 3336 785 3385 et
799 3332 972 3392 immundos,
992 3332 1043 3385 sed
1062 3348 1117 3399 quo
1132 3332 1257 3385 habeant
1277 3332 1409 3385 notitiam

161 3404 268 3470 leprosi
288 3409 315 3455 et
336 3418 391 3455 non
412 3402 526 3469 leprosi.
551 3406 579 3455 et
598 3403 709 3468 possint
729 3402 893 3455 discernere
912 3402 959 3469 qui
981 3402 1113 3461 mundus,
1139 3402 1224 3467 quire
1243 3402 1410 3455 immundus

161 3472 208 3525 sit.
228 3473 376 3540 Quomodo
395 3488 464 3538 ergo
483 3472 520 3524 ibi
541 3474 685 3538 leprosum
705 3472 839 3525 sacerdos
852 3472 992 3525 mundum
1012 3473 1056 3524 rel
1072 3472 1252 3524 immundum
1272 3471 1349 3533 iacit,
1368 3472 1410 3524 sic

161 3547 190 3595 et
210 3542 256 3593 hir
275 3543 377 3607 alligat
401 3542 446 3595 vel
467 3542 553 3594 solvit
579 3542 730 3608 episcopus
755 3547 782 3594 et
801 3543 953 3607 presbyter
976 3557 1033 3595 non
1059 3558 1116 3602 eus,
1142 3540 1189 3607 qui
1211 3540 1338 3594 insontes
1363 3543 1408 3593 val

162 3612 249 3670 noxii,
275 3612 326 3664 sed
351 3628 402 3679 pro
428 3610 522 3663 cilicio
550 3626 611 3670 sno,
637 3627 701 3664 cum
730 3617 912 3678 peccatorum
940 3612 1063 3665 audierit
1088 3612 1252 3667 varietates.
1280 3610 1332 3663 scit
1361 3611 1409 3678 qui

161 3682 300 3749 ligandus
318 3682 364 3742 sit,
382 3682 466 3746 quive
485 3680 666 3733 solvendus⁸⁴.

268 3751 340 3803 llub.
358 3750 383 3805 4.
403 3750 431 3802 si
444 3766 501 3816 qua
520 3750 607 3803 estin
625 3750 745 3804 ecclesia
765 3754 896 3817 potestas
910 3749 1076 3803 remittendi
1096 3752 1210 3801 nonest
1229 3766 1262 3801 ex
1277 3748 1409 3801 doctrina

160 3824 278 3889 patrum
314 3822 370 3873 nisi
409 3836 488 3873 mera
524 3820 689 3873 declaratio.
732 3820 805 3873 Nam
837 3820 912 3885 quod
951 3822 1070 3885 peccata
1108 3818 1291 3871 remittantur
1328 3822 1409 3871 extra

161 3890 318 3956 baptisma,
337 3892 390 3943 hoc
409 3891 471 3943 sola
491 3888 625 3944 virtus
646 3890 841 3957 poenitentiae
860 3892 997 3955 praestat.
1035 3888 1077 3941 lta
1096 3888 1299 3940 l'acianus
1318 3888 1373 3955 (ep.
1393 3888 1410 3941 3

158 3960 200 4013 ad
215 3960 364 4026 Sympron.
384 3976 410 4013 n.
423 3959 465 4024 si:
485 3959 670 4026 „Baptismus
687 3961 903 4012 sacramentum
923 3962 967 4011 est
987 3957 1149 4012 dominicae
1168 3956 1324 4023 passionis;
1344 3974 1410 4023 poe-

159 4030 317 4082 nitentium
335 4030 421 4083 venia
433 4030 568 4083 meritum
582 4028 772 4083 confitentis‘·.
792 4030 871 4080 ldem
891 4029 946 4095 (ep.
962 4026 983 4079 l.
1003 4028 1040 4081 ad
1052 4026 1212 4093 Sympron.)
1231 4027 1409 4093 baptismum

158 4104 190 4152 et
210 4098 459 4153 confirmationem
479 4102 565 4165 longe
583 4099 694 4153 maiora
712 4099 889 4151 charismata
908 4100 992 4151 vocat
1011 4112 1097 4163 quam
1113 4096 1224 4163 ligandi
1244 4097 1288 4149 ius
1307 4100 1335 4150 et
1355 4098 1412 4149 sol·

161 4169 258 4221 vendi.
295 4169 519 4234 Ambrosius,
542 4170 572 4222 ln
592 4185 634 4235 ps.
653 4169 695 4227 37,
714 4184 741 4220 n.
760 4169 812 4221 bi:
839 4167 913 4219 Nam
933 4170 971 4219 ut
992 4168 1094 4231 febres,
1122 4182 1187 4219 cum
1206 4166 1235 4219 in
1255 4168 1314 4219 altu
1334 4170 1412 4233 sunt,

162 4254 222 4291 non
251 4245 360 4303 queunt
378 4238 517 4307 mitigari,
550 4254 614 4291 cum
634 4239 711 4291 ioras
730 4240 894 4304 erumpunt,
925 4252 1005 4302 spem
1025 4236 1150 4289 atterunt
1178 4236 1338 4299 desinendi,
1371 4236 1413 4289 ita

162 4317 348 4375 peccatorum
359 4310 484 4370 morbus
495 4308 565 4361 dum
575 4308 691 4377 tegitur,
703 4306 872 4371 inardescil;
892 4307 916 4359 si
930 4306 1159 4359 confessionibus
1170 4302 1238 4371 [non
1250 4321 1306 4357 una
1317 4319 1410 4358 sacra·

161 4376 295 4445 mentali]
315 4378 454 4445 proditur,
473 4381 636 4445 evaporat‘·.
673 4380 780 4431 Auctor
799 4393 843 4443 ep.
863 4377 899 4428 de
919 4376 1004 4429 laude
1023 4374 1153 4441 martyrii
1172 4374 1259 4442 (inter
1278 4374 1411 4441 Cypriam

158 4447 221 4510 tn:
240 4448 313 4504 ..Sed
332 4448 432 4515 pudor,
451 4448 503 4500 sed
522 4448 674 4511 modestia,
693 4447 745 4500 sed
763 4446 916 4513 sapientia,
936 4445 987 4497 sed
1007 4444 1170 4511 disciplina,
1189 4444 1240 4497 sed
1260 4444 1412 4497 humilitas

158 4521 250 4582 abrae
269 4517 417 4579 subiectio,
437 4518 488 4570 sed
506 4517 634 4570 alienum
654 4518 690 4569 de
709 4533 740 4569 se
752 4520 997 4582 exspectasse
1016 4514 1163 4580 iudicium,
1174 4514 1224 4566 sed
1235 4514 1361 4567 alienam
1372 4513 1410 4565 de

161 4602 216 4641 ano
234 4590 300 4639 actu
329 4588 562 4640 sustinuisse
589 4582 1035 4653 sententiam1declarantemtl:
1066 4585 1120 4636 hoc
1139 4587 1191 4646 est,
1216 4584 1291 4649 quod
1311 4582 1409 4649 poeni·

160 4656 285 4710 tantiam
305 4658 415 4723 prohat,
435 4658 504 4709 hoc
523 4661 576 4718 est.
595 4656 672 4723 quod
691 4656 832 4723 impresso
849 4654 962 4707 vulneri
982 4652 1062 4706 ducit
1079 4654 1252 4716 cicatricem,
1271 4653 1336 4704 hoc
1356 4654 1410 4719 est,

162 4726 239 4794 quod
259 4726 389 4781 deiectae
413 4728 520 4781 mentis
539 4727 638 4779 ruinas
665 4726 752 4793 erigit
770 4729 798 4779 et
817 4726 934 4783 attollit,
965 4724 1040 4789 quod
1060 4724 1209 4775 ardentem
1238 4722 1410 4776 delictorum
