3450 5342
647 360 837 415 -173-

224 546 393 618 Hominem,
416 548 442 605 si
464 546 589 605 candem
613 546 651 604 ad
674 549 795 625 stirpem
819 568 853 605 ac
884 549 988 605 simiae
1012 550 1094 625 origo
1123 551 1186 607 eius
1210 549 1364 607 referenda

115 644 170 703 est,
195 635 227 693 in
251 632 356 691 eadem
383 634 538 711 geologica
566 633 741 693 formatione
769 636 897 692 inveniri
929 655 1048 694 necesse
1072 646 1124 710 est,
1156 638 1186 694 in
1215 656 1273 715 qua
1295 637 1363 694 reli·

116 723 207 798 quiae
231 722 382 779 simiarum
412 731 492 779 sunt:
515 722 668 779 miocaena
698 732 728 780 et
748 721 912 800 pliocaena.
950 722 1012 781 Nec
1034 743 1105 780 vero
1135 722 1177 780 ibi
1201 722 1362 803 quidquam

115 810 182 865 eins
206 818 354 885 repertum
377 818 441 881 est3
465 810 555 866 immo
578 829 616 865 ne
631 808 821 887 elephantum
837 810 1046 887 primigenium
1064 808 1183 888 quidem
1207 811 1361 888 aequalem

115 895 209 952 fnisse
230 894 382 953 bominum
406 904 528 963 constat,
551 904 626 953 toste
651 895 787 953 Virchow
810 894 930 973 (l'lmae
958 896 1065 973 laem:

224 980 314 1039 Haud
337 984 433 1059 magis
455 983 546 1059 igitur
568 1003 656 1060 (quarn
672 988 771 1061 priora
794 986 859 1060 ipsa
874 983 1090 1060 geologicorum
1108 992 1270 1061 temporum
1288 990 1363 1041 ratio

113 1069 345 1127 evolationismo
367 1068 457 1127 favet.
521 1063 525 1069 ⁵

227 1156 363 1233 Denique
386 1154 423 1213 de
445 1156 506 1214 illis
520 1156 623 1213 formis
646 1158 816 1227 interiectis,
840 1176 913 1234 quas
930 1158 1018 1214 nimis
1041 1158 1131 1215 miras
1147 1169 1359 1215 monstruosas·

114 1263 174 1319 quc
197 1263 263 1300 esse
286 1241 426 1310 iudicant,
456 1243 538 1301 velut
560 1242 730 1300 Dinotberii
761 1245 838 1301 inter
861 1242 1061 1321 Elephantum
1093 1253 1122 1301 ct
1152 1244 1359 1306 Tricheclrum.

113 1330 336 1408 Amphicyonis
351 1332 429 1387 inter
441 1330 553 1389 Canem
570 1339 600 1387 et
613 1330 728 1394 Ursum,
745 1329 1051 1389 (lmitboscelidorum
1067 1340 1097 1389 et
1109 1331 1360 1389 Pterosa'uriorunr

113 1418 330 1475 exstinctorum
354 1415 432 1474 idem
457 1415 542 1475 nobis
557 1416 676 1475 videtur
698 1415 775 1495 quod
799 1438 827 1474 v.
843 1438 871 1494 g.
894 1416 931 1475 de
951 1417 1122 1497 Cynailuro,
1145 1420 1226 1476 cuius
1249 1438 1362 1495 ungues

112 1518 143 1560 et
168 1502 261 1582 pedes
283 1513 313 1561 et
336 1505 430 1582 ipsum
462 1523 566 1581 corpus
588 1517 752 1581 porrectum
779 1505 911 1580 regulam
942 1503 1076 1563 indicant
1099 1518 1128 1562 et
1154 1517 1258 1584 typum
1281 1508 1362 1564 caui-

113 1611 222 1648 norum
246 1588 354 1671 (Natat
375 1589 437 1649 und
460 1590 577 1649 (lflenb.
600 1592 656 1653 Ill.
679 1592 768 1665 aaut:
792 1592 988 1669 perfectiones
1011 1594 1173 1669 speciemm
1198 1594 1306 1651 mixtas
1330 1594 1361 1651 in

112 1698 146 1735 se
169 1680 286 1735 uniunt.
336 1692 340 1695 ’

226 1764 290 1822 lam
313 1784 367 1821 nec
390 1764 573 1842 geographia
594 1763 753 1842 improbari
770 1767 933 1842 specierum
953 1768 1151 1824 constantiam
1176 1768 1265 1824 otiam
1289 1766 1360 1823 faci-

111 1852 173 1910 lius
198 1851 370 1910 ostenditur.
408 1852 485 1909 Nam
516 1853 629 1929 species
652 1854 730 1909 inter
752 1874 783 1910 se
814 1854 995 1931 propinquas
1026 1854 1198 1931 propinqua,
1233 1866 1360 1911 remotas

112 1948 229 1997 remota
251 1939 316 1995 loca
338 1956 480 2016 occupare
503 1959 558 1997 nec
581 1941 702 1997 omnino
723 1959 825 1997 verum
848 1948 901 2001 est.
926 1959 979 1997 nec
1003 1940 1147 2013 siveram
1170 1950 1255 2019 essct.
1280 1942 1360 2018 quic-

54 2079 59 2089 ,
111 2046 206 2105 quam
229 2024 373 2103 probaret.
397 2026 503 2102 Aquae
525 2024 621 2083 dulcis
643 2026 759 2083 incolae
782 2026 931 2096 Estlreria‚
957 2026 1125 2097 Limnadia,
1149 2028 1242 2105 Apus,
1266 2028 1360 2085 Bran·

111 2114 222 2191 cbipus
244 2122 306 2170 toto
321 2110 391 2170 orbe
414 2111 511 2170 diffusi
527 2111 712 2190 dispersique
734 2123 809 2173 sunt.
835 2114 926 2171 Alces
942 2114 1088 2191 palmatus
1105 2114 1161 2192 (E,
1187 2114 1246 2185 As,
1269 2116 1359 2191 Ans),

110 2201 212 2277 Pyxis
235 2198 430 2257 arachnoides
453 2195 529 2278 (As,
551 2198 743 2277 bladagasc.),
768 2201 923 2259 llanouria
947 2200 1027 2259 fusca
1051 2202 1127 2278 (As,
1145 2200 1222 2279 Au),
1246 2201 1359 2279 Iguana

108 2286 300 2344 tuberculata
327 2286 401 2362 (As,
423 2283 513 2363 Am),
544 2286 691 2365 Botbrops
717 2286 898 2346 lanceolatus
929 2288 939 2348 l
942 2292 1002 2359 As,
1027 2289 1116 2367 Am),
1139 2288 1245 2347 Lusius
1277 2291 1361 2365 niger

110 2370 174 2454 (E,
197 2372 289 2450 Am),
320 2373 491 2431 Coccinella
520 2372 800 2452 undecimpunctata
822 2372 878 2455 (E,
909 2375 966 2445 Af,
996 2377 1057 2445 As,
1088 2376 1177 2450 Am),
1208 2374 1360 2433 Achatina

109 2460 231 2519 lubrica
260 2457 317 2531 (E,
347 2461 407 2531 Af,
438 2462 500 2529 As,
529 2459 610 2536 Am.)
644 2471 698 2520 etc.
728 2463 761 2519 in
789 2460 902 2519 dissitis
936 2460 1015 2519 orbis
1049 2461 1180 2540 partibus
1216 2462 1360 2521 habitant,
1414 2504 1416 2509 -

108 2550 141 2606 Ε
165 2546 267 2605 herbis
289 2548 320 2605 in
344 2546 469 2605 dirersis
489 2545 622 2625 partibus
644 2546 845 2606 disseminatis
868 2548 916 2607 hic
932 2551 1132 2607 nominentur:
1156 2548 1359 2628 Lycopodium

110 2636 233 2711 selago,
267 2633 465 2713 Menyanthes
498 2634 649 2703 trifoliata,
684 2634 920 2693 Nothoscordum
951 2636 1093 2712 fragrans,
1126 2636 1240 2714 Myrice
1274 2634 1358 2707 Gale,

111 2720 389 2799 Amorphophallus
411 2721 534 2791 Rivis-ri,
565 2721 758 2801 Lysimachia
785 2722 963 2801 thyrsillora,
996 2722 1187 2781 Andromeda
1217 2722 1358 2801 polifolia,

110 2808 363 2887 Arctostaphylos
386 2828 445 2867 uva
466 2810 536 2866 ursi.
569 2808 632 2866 Nec
655 2809 773 2867 illarum
795 2812 959 2887 specierum
983 2808 1100 2881 herbae,
1133 2829 1207 2888 quae
1232 2812 1358 2887 spatium

111 2898 214 2954 minus
237 2895 368 2972 amplum
391 2905 544 2973 occupant,
567 2915 601 2953 eo
623 2898 666 2953 ita
688 2898 884 2967 continentur,
916 2907 947 2955 ut
975 2899 1006 2955 in
1030 2899 1165 2974 regiones
1193 2896 1358 2955 intervallis

110 2983 280 3041 disiunctas
302 2983 538 3060 interruptasque
554 2980 728 3041 distributae
752 3003 811 3040 non
826 2984 894 3041 sint.
919 2984 959 3041 Ut
982 2982 1089 3041 herbas
1108 2986 1250 3042 montium
1265 2985 1359 3064 Pyre·

110 3090 255 3128 nasorum
279 3078 309 3126 ct
332 3068 453 3146 Alpium
476 3079 506 3127 et
528 3070 681 3146 regionum
700 3070 984 3147 septemtrionalium
1008 3090 1177 3129 communes
1200 3080 1358 3141 taceamus,

111 3156 246 3234 exempli
281 3176 324 3232 gr.
354 3176 430 3234 quae
463 3158 494 3213 in
527 3156 676 3225 Helvetia,
711 3157 848 3226 Bavaria,
882 3158 1013 3226 Austris,
1047 3158 1157 3215 Tirolis
1192 3158 1357 3217 meridiana

112 3245 239 3322 Alpium
273 3243 447 3301 neutralium
481 3244 602 3319 regione
634 3244 844 3316 inveniuntnrt,
873 3242 1081 3323 Hydrocbaris
1115 3265 1227 3303 morsus
1258 3264 1356 3309 ranae,

110 3329 272 3390 Gladiolus
302 3329 449 3408 palustris,
481 3330 683 3388 Centunculus
714 3332 862 3403 minimus,
895 3330 1058 3411 Cyclamen
1089 3352 1273 3408 europaeum,
1305 3334 1357 3389 Sa-

109 3419 209 3477 molus
233 3415 396 3474 Valerandi
419 3426 482 3485 etc,
513 3418 544 3474 in
567 3416 727 3475 earundem
750 3418 874 3496 Alpium
897 3419 1096 3477 Tirolensium
1126 3428 1207 3496 parte
1231 3430 1356 3495 septem-

110 3504 234 3564 trionali
262 3503 389 3577 desunt;
419 3514 449 3561 et
476 3523 551 3581 quae
582 3506 613 3561 in
635 3504 746 3563 'l‘irolis
775 3515 859 3583 parte
891 3506 1063 3577 meridiana,
1094 3525 1182 3583 quarn
1215 3504 1356 3562 Germani

110 3593 258 3661 obtinent,
281 3590 400 3663 desunt3
423 3592 517 3648 Arum
540 3590 727 3662 maculatum,
751 3591 954 3651 Corallorbiza
970 3596 1081 3661 innata,
1107 3592 1234 3649 blei-larris
1258 3611 1357 3649 mono-

111 3679 242 3759 pbyllos,
266 3677 363 3736 Carex
387 3676 546 3748 baldeusis,
569 3677 687 3757 Orcbys
709 3678 824 3756 pallens
847 3688 912 3757 etc,
935 3682 966 3737 in
989 3681 1112 3737 circuitu
1136 3679 1247 3737 florent.

224 3762 284 3823 aed
305 3762 500 3822 concedamus
523 3762 628 3823 avibus
651 3765 699 3822 vel
722 3768 820 3824 ventis
844 3767 949 3825 aliisve
973 3765 1067 3825 modis
1091 3786 1192 3823 omncs
1215 3766 1282 3825 illas
1304 3786 1355 3823 ex-

111 3856 265 3932 ceptiones
287 3851 407 3909 effectas
429 3871 513 3924 esse3
545 3850 616 3928 quid
645 3851 776 3930 impedit,
800 3873 837 3910 ne
866 3854 989 3911 l'rcator
1019 3854 1149 3911 universi
1180 3852 1281 3910 bestiis
1305 3863 1354 3910 aut

112 3939 215 3999 herbis
248 3937 375 3997 diversis
409 3936 529 3996 diversa
562 3940 721 4015 assignarit
755 3939 829 4010 loca,
863 3960 929 3998 curn
960 3938 1164 3998 diversitatem
1199 3939 1357 3997 formarum

111 4024 298 4086 intenderit?
319 4026 371 4083 An
393 4026 573 4102 praestiterit
595 4026 738 4083 animalia
757 4028 876 4103 rapacia
898 4029 998 4084 omnia
1020 4030 1052 4085 iu
1072 4046 1131 4084 una
1147 4026 1244 4084 insula
1267 4026 1355 4083 collo·

111 4118 182 4185 cari,
205 4132 295 4191 quam
317 4111 396 4169 leoni
418 4112 561 4183 Africam,
583 4112 685 4189 tigridi
708 4111 826 4171 indiam
849 4114 1033 4190 provinciam
1058 4112 1197 4171 decerni?
1221 4112 1267 4171 Cl'.
1290 4114 1357 4170 Nat.

108 4224 137 4262 u.
162 4204 199 4263 (i.
226 4200 317 4268 1902,
342 4201 403 4256 174

221 4286 327 4364 Itaque
350 4286 532 4362 argumentis
554 4285 686 4366 physicis
709 4288 816 4365 opinio.
839 4285 876 4344 ilc
900 4307 958 4365 qua
981 4288 1104 4363 agimus,
1127 4306 1185 4345 non
1209 4284 1356 4363 probatur.

225 4367 254 4455 f)
278 4370 338 4430 Sed
361 4371 440 4430 dicat
462 4373 610 4450 quispiam
641 4375 823 4452 potuisse
853 4374 983 4451 profecto
1007 4393 1025 4431 a
1046 4373 1111 4431 Deo
1134 4392 1241 4451 pancos
1263 4374 1355 4430 creari

109 4462 307 4541 organismos,
337 4457 444 4537 quibus
466 4460 644 4537 principium
666 4460 825 4518 evolvendi
848 4480 913 4518 sese
943 4463 975 4517 in
1006 4460 1080 4519 alios
1103 4471 1191 4537 atque
1215 4458 1288 4517 alios
1312 4461 1356 4516 in-

110 4551 209 4610 ditum
232 4546 328 4609 fuerit.
352 4545 419 4622 Quo
441 4548 536 4623 posito
559 4567 625 4605 cum
648 4546 753 4605 divina
774 4548 921 4625 sapientia
944 4566 1084 4625 pugnare,
1106 4555 1138 4605 ut
1161 4548 1273 4624 species
1296 4548 1356 4603 sin·

109 4637 199 4718 gulae
222 4636 285 4713 ipse
309 4631 484 4694 condiderit.
513 4634 609 4691 Deum
641 4655 747 4713 nempe
771 4637 865 4712 ipsum
889 4655 925 4693 ca
947 4643 1061 4692 tantum
1085 4634 1190 4705 facere,
1215 4652 1289 4710 quae
1311 4634 1356 4688 ri-
