3450 5342
678 489 707 496 -
741 457 800 512 33ῖ
828 489 865 496 -

133 647 225 702 orris:
250 664 332 702 amor
353 645 442 713 enim,
472 665 529 721 quo
552 655 636 723 pater
658 643 757 721 diligit
780 645 881 714 filiurn,
910 645 1045 721 quamvis
1075 663 1139 700 cnm
1164 664 1223 702 ison
1246 643 1393 720 praeferat

136 733 222 800 lien,
252 742 346 809 potest
370 733 401 788 in
425 733 518 808 ipsum
543 729 675 810 pluribus
698 730 838 807 gradibus
863 731 1068 788 tehementiae
1092 729 1170 800 ferri,
1199 748 1286 807 (luam
1310 739 1392 787 actus

133 821 257 876 amoris
280 820 310 876 in
333 818 460 875 Denm“.
484 817 681 891 l‘almieri,
703 819 751 876 De
775 839 858 896 poen.
881 818 922 880 rh,
948 819 996 886 23,
1022 817 1059 874 ll.

253 908 281 964 l.
314 906 478 978 ¹‚Contritio
506 925 544 962 ex
571 908 679 964 amoris
701 904 824 982 perfecti
852 907 963 962 motivo
990 913 1131 981 concepta
1158 912 1202 960 est
1233 902 1391 960 detestatio

137 994 262 1069 peceati
295 991 415 1068 lgrarisl
448 1011 535 1080 supra
568 995 668 1052 omnia
696 990 891 1059 detestabilia,
926 1009 1013 1068 supra
1044 993 1143 1048 omnia
1176 1009 1282 1068 nempe
1315 989 1393 1048 mala

139 1082 301 1155 ipsamque
326 1099 449 1155 poenam
473 1089 631 1140 aeternam.
664 1081 746 1136 nient
769 1080 847 1136 enim
874 1077 953 1135 lleus
977 1075 1101 1136 dilectus
1125 1075 1260 1134 omnibns
1283 1087 1312 1134 et
1336 1075 1392 1134 sihi

135 1187 263 1244 qnoque
287 1164 323 1222 ab
347 1175 465 1222 amante
481 1166 651 1242 praefertur,
676 1168 717 1223 ita
740 1165 848 1222 malum
867 1163 931 1222 Deo
955 1166 1120 1242 oppositum
1145 1161 1280 1220 omnibns
1304 1163 1391 1220 malis

139 1253 311 1330 praefertur
334 1254 396 1309 sire
420 1254 515 1327 magis
538 1251 605 1310 odio
628 1251 760 1312 habetur.
797 1252 870 1309 Cum
895 1253 985 1328 igitur
1008 1249 1164 1308 detestatio
1193 1251 1231 1306 sit
1255 1249 1392 1308 voluntas

136 1338 354 1396 condicianata
376 1359 446 1415 erga
469 1342 672 1416 praeteritum:
703 1338 810 1396 vollem
839 1359 897 1396 non
921 1355 1066 1415 peccasse,
1096 1335 1253 1393 detestatio
1277 1339 1389 1413 peccati

139 1447 235 1503 snper
261 1427 360 1482 omnia
391 1436 434 1482 est
466 1426 602 1484 voluntas
631 1424 836 1485 conditionata
864 1424 918 1482 hoc
949 1423 1052 1482 modo:
1087 1425 1110 1480 si
1140 1421 1291 1480 subeundo
1319 1423 1392 1480 haec

141 1514 226 1570 niella
241 1533 354 1589 possem
368 1511 470 1568 tollere
490 1516 678 1589 praeteritam
693 1514 842 1579 offensam,
866 1509 895 1568 id
913 1511 1052 1582 facerem,
1077 1511 1153 1568 sive:
1178 1511 1202 1566 si
1216 1507 1340 1566 redirem
1355 1508 1392 1566 ad

140 1611 255 1656 statum
277 1600 475 1676 praeteritum,
500 1601 595 1676 potins
619 1600 725 1656 vellem
750 1597 802 1656 illa
825 1599 894 1676 pati,
917 1617 1005 1676 <luam
1030 1615 1158 1675 peccare.
1198 1594 1302 1671 Quoad
1316 1595 1390 1672 'pro-

139 1689 273 1764 positum
297 1707 367 1742 reru
394 1697 438 1742 ost
465 1686 602 1744 voluntas
630 1686 763 1744 absoluta
790 1683 966 1742 admittendi
998 1686 1094 1762 potins
1126 1681 1251 1760 quodvis
1282 1682 1390 1740 malum

138 1794 235 1850 qurnn
259 1785 418 1849 peccatam,
442 1773 484 1829 ita
506 1788 538 1830 nt
561 1776 676 1830 animus
699 1781 818 1850 paratus
841 1774 879 1828 sit
908 1772 1011 1848 potius,
1046 1773 1069 1828 si
1095 1789 1213 1828 necesse
1239 1769 1320 1840 foret,
1345 1768 1392 1825 vel

142 1880 257 1937 poerras
280 1860 396 1919 inferni,
428 1861 502 1916 citra
532 1859 656 1938 culpam,
688 1859 793 1927 subire,
824 1879 912 1936 quam
936 1862 1088 1936 peccar·e“.
1123 1857 1319 1923 Palmieri,
1344 1855 1390 1912 lle

142 1967 231 2023 poen.
257 1946 299 2002 th.
324 1949 373 2017 255,
403 1945 457 2005 ΙΙΙ.
489 1948 633 2004 Attamen
666 1949 824 2020 ,corrtritns
847 1943 934 2004 debet
960 1939 1101 2026 [quideml
1135 1946 1176 2000 ita
1207 1962 1269 2000 esse
1293 1941 1391 2020 dispo-

138 2035 225 2101 situs,
254 2044 284 2090 ut
308 2033 380 2089 velit
408 2035 504 2110 potius
532 2035 631 2091 omnia
654 2031 732 2091 mala
758 2033 880 2110 perpeti,
916 2051 990 2109 elnac
1021 2051 1038 2089 a
1062 2031 1126 2088 Deo
1158 2033 1232 2088 iuste
1256 2047 1290 2087 ac
1314 2031 1391 2107 sapi-

138 2135 228 2176 enter
251 2132 279 2176 et
302 2132 423 2196 paterne
448 2121 566 2178 immitti
590 2132 719 2197 possunt,
743 2139 829 2196 (luam
861 2138 992 2196 peccare,
1024 2138 1083 2176 nun
1107 2137 1176 2174 vero
1200 2127 1318 2174 tenetur
1340 2135 1390 2193 po-

139 2209 201 2264 tins
221 2207 298 2263 velle
321 2207 420 2264 omnia
443 2207 522 2264 mala
553 2206 759 2285 [impossibilia
781 2205 862 2283 sanc]
888 2205 1006 2282 eligere,
1037 2223 1112 2282 quae
1136 2225 1154 2261 a
1177 2203 1241 2260 Deo
1271 2204 1390 2260 immitti

141 2315 203 2351 non
226 2305 347 2370 possunt
370 2295 454 2359 iuste,
477 2296 627 2371 sapienter
648 2315 682 2351 ac
706 2301 836 2372 paterne,
860 2313 910 2352 seu
935 2291 1014 2362 talia,
1046 2309 1121 2370 quae
1146 2310 1205 2348 non
1228 2299 1350 2368 possunt
1373 2309 1390 2347 a

142 2381 209 2437 lieo
232 2382 351 2438 immitti
376 2382 440 2438 sine
467 2378 665 2439 destructione
688 2401 804 2439 strarum
836 2379 1076 2457 perl'eetionnrn.“
1118 2378 1151 2438 li.
1177 2377 1313 2446 Aruort,
1345 2375 1391 2433 lle
1473 2415 1474 2418 =

142 2488 216 2525 sacr.
240 2488 324 2544 poen.
348 2466 423 2543 disp.
448 2469 475 2541 tt,
498 2487 597 2544 (pauor.
624 2472 672 2524 iti.

232 2555 369 2611 Ceterum
397 2552 571 2624 ,advertunt
589 2553 748 2631 prudenter
762 2553 892 2628 theologi
911 2553 1104 2610 communiter
1128 2548 1297 2608 huiusmodi
1313 2568 1391 2606 cnm-

143 2643 328 2718 parationem
351 2640 522 2718 explicitam
547 2643 623 2698 inter
646 2650 768 2718 peccata
795 2650 824 2696 et
848 2650 947 2696 cetera
971 2637 1049 2695 rrrala
1080 2657 1176 2714 neque
1200 2657 1264 2694 esse
1290 2655 1391 2692 ncces-

144 2731 261 2796 snriam,
284 2748 380 2804 neque
403 2725 550 2784 interdum
573 2727 675 2785 utilem
699 2725 737 2784 ad
760 2723 927 2783 hahendam
945 2726 1163 2794 contritionem:¹
1189 2743 1247 2780 non
1271 2721 1389 2799 quidem

146 2817 350 2881 necessariam,
380 2817 450 2892 quia
477 2815 584 2872 suflicit
615 2813 750 2872 virtualis
780 2823 810 2869 ot
838 2811 1002 2890 implicita:
1038 2831 1096 2867 non
1128 2819 1172 2867 cst
1205 2829 1273 2866 vero
1301 2807 1391 2877 utilis,

145 2905 215 2978 (pria
239 2923 297 2959 uon
320 2921 384 2958 raro
408 2912 485 2958 esset
508 2901 679 2978 periculosa,
703 2903 728 2957 si
751 2897 961 2956 infirmioribus
986 2906 1195 2974 proponeretur
1217 2895 1269 2952 illa
1291 2893 1392 2954 condi-

145 2989 269 3046 cionalis
292 2988 445 3066 explicita:
469 2989 493 3044 si
516 2998 680 3046 occurreret
703 2986 772 3044 talis
795 2985 844 3043 vel
867 2985 935 3042 talis
958 3003 1042 3042 casus
1059 2983 1199 3040 infamiae
1222 2982 1271 3039 vel
1288 2983 1389 3040 mortis

147 3073 324 3137 strlreundao,
348 3073 385 3132 ad
401 3073 556 3132 vitandum
572 3083 732 3150 peccatum,
756 3071 828 3151 quid
844 3071 975 3130 faceres?
1000 3068 1086 3145 Quod
1103 3079 1202 3126 tamen
1226 3069 1388 3146 periculum

148 3174 250 3222 cessat.
289 3161 406 3240 quando
439 3161 532 3219 solnm
571 3161 714 3239 implicite
751 3161 924 3237 proponitur
961 3155 1117 3214 detestatio
1158 3158 1271 3233 peccati
1305 3175 1392 3233 super

148 3251 272 3307 omniaf'
300 3249 346 3305 lle
370 3249 481 3324 Lnga,
507 3249 550 3304 lte
575 3268 657 3324 poen.
682 3246 757 3324 disp.
781 3248 809 3312 ἴ),
832 3267 853 3308 s.
879 3247 906 3316 2,
930 3265 957 3302 n.
983 3245 1031 3302 20.
1056 3241 1103 3302 Cf.
1125 3241 1295 3300 Thomas
1320 3243 1391 3319 aq,

148 3335 254 3411 Qitodl.
277 3336 309 3407 1,
336 3357 363 3395 a.
386 3337 414 3391 9.
448 3319 553 3411 f'asop.
581 3333 670 3395 katol.
701 3331 826 3391 duchov.
860 3333 952 3400 1906,
982 3351 1009 3408 p.
1033 3331 1171 3389 401---3.
1209 3325 1268 3386 sed
1300 3338 1390 3406 petes,

149 3422 218 3500 qnid
241 3424 279 3480 sit
302 3421 444 3499 implicite
475 3421 614 3479 detestari
647 3441 733 3497 super
760 3419 876 3476 omnis?
910 3418 970 3475 Hic
999 3435 1137 3474 excessus
1169 3435 1255 3493 super
1283 3416 1390 3486 omnia,

149 3509 313 3566 virtualiter
344 3511 374 3565 in
402 3507 597 3566 detestatione
630 3516 792 3576 contentae,
827 3507 961 3563 consistit
992 3503 1233 3560 efficienter
1269 3503 1317 3574 ,in
1341 3521 1392 3558 ex-

149 3597 287 3654 cellentia
318 3597 419 3652 metiri
452 3615 502 3653 sen
533 3597 655 3652 rationis
686 3592 835 3671 operandi,
871 3611 945 3670 quae
977 3591 1044 3648 talis
1074 3599 1125 3660 est,
1164 3597 1193 3646 ut
1225 3587 1261 3646 de
1292 3609 1322 3646 se
1354 3589 1391 3644 sit

151 3696 251 3760 potens
279 3682 317 3739 ad
344 3681 518 3738 firmandam
554 3681 735 3738 voluntatem
764 3682 794 3737 in
823 3679 876 3736 tali
904 3679 1027 3735 allectu“
1059 3679 1227 3756 (Sinaros,
1258 3674 1333 3752 disp.
1364 3676 1391 3741 3,

151 3791 172 3831 s,
195 3771 233 3838 ul,
258 3768 480 3826 formaliter
510 3770 541 3825 in
565 3770 629 3848 ipsa
659 3767 796 3824 firmitate
824 3765 994 3835 voluntatis,
1033 3783 1109 3840 ,qua
1140 3762 1275 3819 voluntas
1299 3761 1391 3818 l'ertut·

153 3859 181 3913 in
202 3877 284 3914 sitnm
316 3854 479 3913 obiectum*
516 3857 601 3932 eique
632 3852 782 3919 adhaeret,
816 3871 891 3930 qnae
919 3859 1002 3909 tanta
1033 3859 1085 3918 est,
1120 3859 1152 3906 ut
1184 3847 1307 3906 durante
1340 3847 1392 3904 illa

153 3943 284 4000 rolnntas
308 3963 366 4000 non
386 3945 477 4019 possit
493 3952 645 4019 peccatum
661 3940 771 4017 eligere
794 3941 994 4018 potiusquam
1018 3935 1099 3993 aliud
1123 3934 1248 4013 quodvis
1272 3935 1391 3993 malum.

157 4031 208 4101 ,Et
233 4029 304 4086 haec
328 4029 436 4086 dicitur·
458 4027 599 4086 adhaesio
622 4029 838 4104 superomnia,
870 4027 940 4103 quia
967 4025 1056 4082 etiam
1085 4025 1149 4080 sine
1173 4023 1391 4100 comparatione

152 4116 289 4193 explicita
318 4115 407 4173 habet
436 4136 499 4172 eam
533 4113 715 4192 implicitam,
750 4122 895 4191 qnatenus
922 4121 966 4169 est
996 4129 1132 4188 suprema
1162 4118 1192 4166 et
1224 4109 1392 4166 firmissima

152 4202 296 4269 adhaesio,
319 4223 377 4280 qua
394 4203 529 4259 voluntas
551 4201 678 4278 positive
695 4211 790 4277 potest
813 4199 975 4258 adhaerere
991 4195 1114 4256 obiecto.
1138 4197 1186 4252 Ex
1209 4217 1266 4274 quo
1284 4196 1389 4253 firmis·

154 4293 222 4351 simo
245 4289 330 4347 modo
354 4287 535 4347 adhaerendi
559 4290 657 4356 oritur,
689 4285 774 4364 (parad,
802 4289 827 4343 si
851 4295 920 4344 tune
947 4283 1069 4342 haberet
1093 4283 1229 4341 voluntas
1254 4283 1392 4341 allectum

154 4379 237 4434 etiam
261 4375 426 4434 absolutum
455 4377 533 4432 circa
560 4373 641 4431 alind
668 4372 814 4430 obiectum
838 4371 997 4440 diversum,
1026 4389 1112 4448 cluam
1137 4371 1262 4447 primum
1288 4368 1392 4428 adver-

154 4477 224 4520 teret.
246 4462 319 4520 illud
343 4464 450 4540 opponi
475 4482 539 4519 cnm
569 4461 623 4518 hoc
651 4460 709 4518 alio
733 4460 861 4516 firmiore
888 4459 1001 4526 affectu,
1031 4455 1150 4514 deberet
1176 4454 1213 4512 ab
1238 4457 1288 4513 rllo
1312 4454 1393 4512 infir-

156 4552 240 4607 miore
264 4549 419 4607 desistere:
443 4551 525 4616 sicut,
556 4550 582 4604 si
609 4546 776 4604 intellectus
804 4547 982 4604 assentiatur
1014 4555 1122 4600 certo
1152 4544 1203 4600 uni
1227 4542 1340 4600 obiecto
1364 4551 1393 4596 et

157 4636 424 4714 probabiliter
454 4635 537 4692 alteri
570 4636 723 4701 contrario,
758 4635 827 4710 quia
854 4652 914 4690 non
945 4629 1074 4687 advertit
1110 4649 1173 4686 esse
1205 4630 1392 4696 contrarium,

156 4723 203 4781 sed
233 4735 341 4787 tamen,
376 4743 462 4800 quam
495 4723 621 4799 primum
653 4719 781 4777 advertit
811 4719 1034 4796 oppositionem,
1069 4713 1157 4772 dehet
1187 4717 1327 4776 desistere
1355 4712 1392 4769 ab
