3450 5342
226 627 563 792 §lusorem
622 630 853 791 litterae
907 632 1309 832 theologicae.

389 850 764 987 eonspectus
806 855 1142 990 periodieus

142 1123 197 1179 Dr.
215 1124 298 1182 Jos·
318 1123 528 1195 'rumperem
554 1124 607 1181 ur.
628 1042 927 1187 ssdzngtdtlllba.
959 1125 1032 1186 Ad.
1053 1116 1240 1200 &pultium
1269 1129 1392 1199 Pragae.

141 1210 166 1269 J
169 1249 179 1268 .
194 1209 341 1276 Urbem,
360 1212 524 1267 cracoviae.
543 1214 591 1267 Dr.
604 1213 645 1271 F.
660 1211 820 1279 (hivae,
838 1215 954 1269 Labeci.
973 1215 1021 1270 Dr.
1035 1214 1126 1272 Luc.
1139 1214 1163 1273 J
1167 1213 1254 1281 elic,
1273 1217 1390 1272 Jadrae.

142 1330 1393 1458 MT?

620 1595 911 1685 BOHEMICA.

253 1749 288 1816 P.
315 1751 512 1818 &anteat
543 1735 624 1818 ΖάΙε
644 1757 680 1818 Τ.
702 1757 734 1816 J.
757 1754 780 1821 o
803 1753 961 1823 reuoluti
993 1752 1168 1838 proesius.
1192 1751 1254 1838 (be
1271 1769 1387 1838 precs·

140 1836 258 1921 tloes.)
281 1841 384 1902 videl.
407 1842 562 1902 knihovna
584 1842 736 1902 katoliclxl
758 1863 800 1904 sv.
816 1843 916 1902 XLII.
940 1843 1077 1902 VPraae
1102 1845 1193 1902 1907.
1219 1843 1280 1902 100
1302 1864 1330 1924 p.

255 1929 460 2001 „Bibliotheca
481 1929 655 1989 eruditionis
670 1929 853 1989 catholieae“
876 1929 1073 2008 dirigentibus
1092 1929 1145 1990 Dr.
1161 1929 1218 1988 los.
1233 1929 1388 2008 Tumpach

143 2025 173 2072 et
185 2015 237 2073 Dr.
248 2017 320 2076 Ant
332 2015 469 2076 Podlaba
490 2018 654 2096 complures
669 2019 729 2076 inm
746 2017 943 2096 apologeticos
958 2016 1050 2076 libros
1065 2018 1165 2096 magni
1182 2017 1269 2095 pretii
1285 2015 1388 2076 edidit.

142 2099 192 2160 Ad
215 2123 287 2182 quos
302 2104 471 2182 opusculum
488 2106 618 2176 citatum,
641 2105 751 2163 fructus
769 2107 838 2164 serii
855 2103 944 2163 studii
961 2113 1049 2183 atque
1065 2106 1272 2163 commentatio
1287 2105 1387 2181 gravis

143 2192 284 2248 momenti
307 2190 429 2250 aceedit.
452 2191 530 2250 Nam
552 2201 583 2250 et
603 2189 785 2270 possibilitas
807 2194 1024 2272 impetrationis
1047 2193 1090 2250 rei
1113 2209 1131 2250 a
1153 2191 1217 2250 Deo
1240 2192 1351 2269 petitae
1369 2212 1388 2249 a

141 2276 242 2334 multis
264 2275 417 2356 doctisque
439 2280 513 2337 viris
536 2289 667 2355 negatur,
695 2299 853 2358 eommque
876 2279 986 2358 placita
1008 2281 1126 2358 scriptis
1148 2287 1178 2337 et
1201 2276 1384 2337 sermonibus

141 2361 341 2440 divulgantur,
364 2373 394 2424 et
407 2368 569 2442 gratiarum
592 2367 724 2424 actiones
745 2387 799 2444 pro
813 2369 1029 2445 impetratione,
1044 2387 1120 2446 quae
1136 2369 1168 2426 iu
1185 2365 1264 2426 loliis
1286 2365 1386 2424 catho-

141 2450 208 2509 licis
230 2450 290 2529 legi
313 2462 536 2525 consueverunt,
559 2454 649 2511 etiam
672 2473 691 2511 a
712 2453 863 2512 nonnullis
894 2452 1047 2512 catholicis
1070 2473 1164 2531 aegre,
1188 2451 1320 2511 seruntur
1343 2461 1386 2511 st-

141 2557 198 2615 que
220 2539 440 2616 impugnantur.

246 2623 335 2684 Hanc
363 2628 455 2704 igitur
483 2625 632 2707 duplicem
662 2629 866 2705 quaestionem
892 2631 918 2685 1.
946 2625 1000 2700 ,de
1023 2629 1052 2686 vi
1076 2646 1196 2706 precum
1227 2636 1257 2686 et
1292 2627 1385 2704 possi-

140 2709 257 2770 bilitate
287 2715 520 2792 impetrationis“
547 2724 577 2773 et
600 2716 628 2776 2.
659 2712 714 2787 ,de
736 2713 913 2772 certitudine
936 2715 1151 2792 impetrationis
1174 2721 1203 2772 et
1224 2715 1384 2792 gratimum

141 2800 257 2857 actione
294 2821 346 2878 pro
376 2804 429 2859 ea“
467 2802 592 2878 scriptor
629 2801 679 2858 hic
708 2803 818 2879 optime
848 2803 969 2859 meritus
1000 2799 1086 2860 modo
1119 2819 1174 2858 nec
1203 2820 1222 2858 s
1251 2799 1387 2860 doctrina

141 2885 239 2944 alieno
268 2897 298 2944 et
327 2887 460 2966 populari
490 2896 606 2958 tractat,
635 2888 774 2966 explicat,
803 2887 987 2948 demonstret
1024 2887 1166 2965 singulari
1196 2886 1383 2946 dexteritate.

243 2973 420 3034 Praemissis
449 2994 568 3054 precum
597 2977 630 3034 in
658 2995 767 3052 genere
796 2977 881 3034 etin
904 2977 1001 3054 specie
1031 2976 1183 3054 petitionis
1213 2971 1382 3033 notionibus

142 3079 200 3118 non
230 3060 324 3120 solum
355 3081 417 3120 es.
440 3063 510 3136 Ser,
533 3061 585 3121 sed
608 3064 697 3121 etiem
720 3083 758 3121 ex
780 3061 933 3121 hominum
965 3081 1053 3121 sensu
1076 3063 1222 3120 communi
1246 3063 1385 3140 impetra-

141 3148 231 3206 tionis
258 3147 486 3225 possibilitatem
512 3147 650 3208 ostendit
672 3147 775 3208 Genus
797 3149 960 3208 humanum
982 3149 1061 3206 enim
1084 3167 1201 3226 semper
1223 3157 1253 3206 et
1274 3145 1383 3226 ubique

140 3242 291 3311 precatum
314 3244 359 3294 est
380 3245 410 3294 et
432 3246 576 3315 precatur.
605 3237 695 3295 Ratio
724 3235 812 3295 huius
834 3237 877 3294 rei
901 3234 1059 3294 manilesto
1081 3244 1111 3294 et
1133 3236 1165 3293 in
1189 3235 1255 3314 ipsa
1277 3243 1382 3294 natura

141 3320 271 3380 bumana
301 3333 346 3381 est
382 3323 560 3402 quaerenda,
598 3343 673 3402 qnae
706 3333 738 3382 ut
771 3321 808 3381 de
842 3342 895 3382 sua
927 3324 1030 3402 iuopia
1058 3323 1101 3380 ita
1134 3321 1171 3380 de
1200 3321 1258 3380 Dei
1293 3323 1386 3382 omni·

142 3409 274 3486 potentis
295 3413 484 3487 persuasione
506 3420 639 3484 tenetur3
662 3418 692 3468 et
714 3411 746 3469 in
769 3412 835 3489 ipsa
856 3413 1049 3488 experientia,
1072 3429 1174 3488 preces
1202 3428 1291 3487 saepe
1321 3427 1386 3467 esse

140 3492 264 3554 auditas.
287 3496 349 3554 Vix
371 3499 460 3570 enim,
482 3499 526 3557 ita
546 3500 609 3556 iure
631 3498 737 3556 merito
759 3504 859 3556 auctor
886 3505 995 3570 censet,
1019 3515 1112 3574 genus
1134 3494 1295 3554 humanum
1318 3496 1384 3553 nni·

139 3601 257 3640 versum
286 3593 390 3655 oraret,
420 3587 445 3643 si
475 3604 635 3664 numquam
666 3583 835 3662 petentibus
866 3583 1049 3642 satisfactum
1083 3590 1169 3642 esset.
1207 3579 1384 3656 ,Medicina

140 3687 214 3747 qnae
238 3689 398 3749 numquam
420 3671 567 3750 probatur,
590 3671 742 3730 abicitur.“

248 3755 397 3816 Potiorem
419 3767 533 3837 partem
555 3758 687 3837 opusculi
703 3759 763 3838 (pg.
781 3756 921 3834 18-68)
945 3735 981 3818 Z
1005 3754 1220 3815 obiectionibus
1243 3751 1383 3812 radicitus

143 3852 171 3901 et
192 3862 258 3902 cum
280 3844 415 3923 populari
438 3846 637 3924 explicatione
652 3845 802 3906 solvendis
825 3846 935 3924 explet.
956 3845 1089 3903 Primam
1108 3843 1196 3903 sumit
1212 3861 1229 3900 e
1244 3849 1387 3920 conceptu

140 3929 389 3991 immutabilitatis
411 3932 479 3991 Dei.
502 3931 601 4009 Quam
631 3933 749 3992 solvens
779 3932 867 3992 simul
891 3930 978 3992 modo
999 3930 1134 4009 populari
1158 3926 1297 4000 ostendit,
1319 3947 1386 4007 pre—

142 4019 287 4076 cationem
321 4038 359 4078 ex
393 4019 452 4078 Dei
486 4020 609 4079 consilio
642 4039 732 4078 unam
763 4041 780 4079 e
809 4021 907 4079 causis
938 4037 1002 4078 esse
1033 4019 1064 4076 in
1095 4015 1198 4076 ordine
1227 4016 1386 4095 praesenti,

142 4104 344 4164 causalitatem
366 4127 467 4166 veram
484 4106 636 4185 (moralem
660 4103 792 4188 quidem)
814 4127 831 4166 e
853 4107 1048 4186 promissione
1063 4104 1122 4164 Dei
1140 4102 1307 4173 habentem,
1331 4121 1386 4161 neo

141 4190 275 4270 precibus
309 4191 446 4254 admissis
477 4193 626 4253 decretum
657 4194 715 4252 Dei
746 4196 862 4268 mutari,
894 4192 946 4252 sed
976 4191 1050 4251 illud
1080 4192 1173 4252 solum
1203 4190 1277 4262 lieri,
1306 4186 1385 4268 quod

141 4278 220 4338 Deus
249 4279 314 4338 fieri
336 4281 409 4354 vult,
442 4284 466 4341 si
499 4281 634 4340 homines
663 4283 724 4340 sint
751 4282 908 4360 precaturi.
938 4313 981 4323 -—
1011 4279 1091 4360 Apte
1121 4277 1257 4354 adiungit
1285 4285 1387 4334 auctor

141 4365 375 4444 explicationem,
399 4387 451 4427 cur
472 4365 577 4427 modus
608 4366 730 4446 petendi
752 4367 791 4441 id,
820 4365 899 4447 quod
929 4367 1012 4426 Deus
1041 4364 1113 4438 vult,
1136 4365 1175 4424 sit
1197 4363 1332 4443 optimus,
1355 4370 1386 4420 et

141 4470 196 4529 qna
229 4454 344 4512 ratione
375 4475 435 4514 non
469 4455 509 4514 sit
544 4456 643 4514 inanis
673 4457 778 4534 petitio
807 4473 913 4528 rernm,
952 4473 1028 4533 quae
1058 4451 1141 4511 Deus
1177 4448 1310 4508 absolute
1345 4483 1386 4491 -

141 4547 207 4597 ante
237 4543 404 4618 praevisam
433 4543 634 4622 precationem
664 4575 705 4584 —-
728 4543 838 4600 statuit
869 4575 908 4586 -
932 4537 1051 4600 Deinde
1082 4545 1277 4616 exponuntur,
1308 4554 1386 4614 quae

142 4644 157 4682 e
178 4635 300 4686 naturae
321 4627 437 4706 legibus
459 4628 538 4688 obici
561 4638 784 4687 consueverunt.
805 4628 909 4687 Posita
931 4646 1003 4686 vera
1017 4625 1076 4682 Dei
1100 4623 1258 4694 Creatoris,
1280 4641 1386 4680 causae

140 4712 258 4788 primae,
281 4733 297 4772 e
320 4735 379 4793 qua
407 4736 509 4775 omnes
538 4715 617 4774 alise
648 4713 788 4796 pendent,
819 4715 939 4774 notione
961 4709 1125 4772 ostenditur
1147 4710 1229 4788 leges
1262 4717 1386 4768 naturae

187 4843 383 4890 mesenes
1195 4827 1228 4881 ll
