3450 5342
663 437 701 445 -
729 406 789 460 153
814 437 851 445 --

246 591 312 648 Etsi
335 593 414 648 enim
438 591 512 649 forte
535 611 624 650 unum
648 601 764 650 tantum
793 591 946 670 exemplar
969 591 1170 650 authenticum
1204 592 1290 650 luerit
1322 591 1382 650 fac-

137 694 207 748 ιιιιιι,
231 678 365 756 plures
397 677 576 736 eiusdem
606 680 747 756 copias
768 681 800 736 in
822 678 927 736 charta
957 677 1107 738 ordinaria
1136 679 1284 738 confectas
1308 699 1381 750 osse,

136 784 260 841 magnus
283 785 421 822 uumerus
452 765 666 843 exemplarium
699 766 797 844 quinti
827 766 946 824 concilii
981 769 1012 824 in
1045 767 1171 824 coneilio
1202 775 1286 826 sexto
1316 787 1382 844 pro·

137 851 270 923 latorum,
293 851 442 913 ostendit:
465 871 504 909 ex
520 872 554 910 eo
569 853 650 910 enim
665 860 755 929 patet,
778 851 969 911 conciliorum
992 862 1058 912 acta
1080 855 1244 930 generatim
1262 855 1294 910 in
1309 852 1383 910 mul·
1403 869 1407 875 '

135 949 231 996 torum
254 937 391 997 menibus
415 939 529 996 fuissse.
552 939 713 996 Praeterea
734 958 800 996 cum
823 939 930 997 saltem
956 941 1064 1018 singuli
1089 939 1275 1018 patriarchae
1298 959 1381 998 suum

136 1027 262 1102 quisque
294 1028 441 1084 notarium
472 1027 504 1083 in
536 1025 660 1083 coneilio
691 1023 919 1093 haberentur
948 1025 1083 1085 horum
1115 1028 1231 1096 notis,
1262 1028 1287 1084 si
1311 1046 1382 1104 opus

137 1124 208 1175 erat
239 1111 380 1170 facillime
410 1114 478 1170 sciri
509 1115 611 1188 potuit,
635 1111 737 1190 quid
730 1133 761 1170 ιιι
785 1113 911 1171 concilio
935 1112 1091 1172 accidisset
1121 1113 1260 1200 quidve
1254 1134 1285 1171 ιιι
1308 1114 1382 1170 actis

138 1199 302 1264 haberetur
326 1199 397 1278 quid
420 1221 488 1257 nou

245 1285 325 1361 Quid
348 1285 428 1364 quod
450 1297 587 1344 auctor
609 1287 720 1343 vitae
744 1286 890 1345 Leonis
915 1287 945 1344 ΙΙ
969 1287 1029 1346 fere
1047 1287 1179 1365 aequalis
1194 1287 1293 1344 hanc
1287 1307 1382 1364 ipsam

137 1384 252 1430 sextam
274 1373 421 1452 synodum
441 1372 673 1431 .studiosissime
689 1375 720 1430 in
735 1373 874 1432 Latinum
890 1373 1081 1432 translatam“
1109 1394 1174 1432 esse
1185 1373 1317 1432 declarat
1332 1368 1383 1452 Π),

137 1458 214 1537 qood
239 1461 315 1518 Leo
345 1461 385 1520 ΙΙ.
418 1462 426 1515 i
436 1480 502 1538 pse
525 1461 671 1537 episcopis
702 1459 845 1538 Hispanis
869 1460 980 1527 scribit,
1004 1481 1034 1518 se
1058 1463 1224 1520 versionem
1257 1461 1382 1518 latinam

137 1545 267 1604 nondum
291 1548 407 1604 mittere
437 1567 521 1624 posse
553 1555 653 1624 utpote
683 1546 814 1606 nondum
848 1549 1036 1606 terminatam
1054 1543 1103 1622 ¹⁸),
1127 1546 1220 1626 qood
1243 1557 1384 1604 auctor

138 1635 249 1690 vitae
280 1633 444 1692 Ioannis
479 1633 511 1691 V.
543 1644 650 1701 narrat,
682 1633 760 1692 huno
790 1635 968 1712 pontificem,
993 1655 1059 1692 curn
1084 1637 1114 1692 in
1139 1635 1263 1693 concilio
1298 1643 1383 1691 sexto

138 1720 306 1791 Agathonis
329 1720 444 1797 legatus
467 1721 570 1778 luisset
596 1721 708 1797 „ipsam
738 1732 873 1780 sanctam
896 1731 1011 1780 sextam
1034 1720 1179 1800 synodum
1209 1741 1306 1778 seeum
1332 1719 1383 1777 de-

140 1807 261 1864 tulisse*
281 1803 329 1872 ¹9).
359 1807 438 1886 qood
465 1806 583 1865 demum
607 1809 671 1885 ipsa
694 1809 790 1866 versio
825 1809 956 1885 vulgaris
979 1829 1017 1866 en
1041 1808 1141 1866 codiee
1175 1807 1383 1866 Bellovacensi

139 1893 245 1952 hausta
275 1907 327 1962 est,
351 1897 402 1972 qui
430 1904 480 1952 aut
504 1897 566 1973 ipse
598 1906 728 1971 ternpore
762 1898 858 1972 Sergii
892 1893 1091 1976 (est-701)
1123 1897 1257 1974 scriptus,
1292 1903 1344 1952 aut
1369 1914 1384 1950 e

139 1979 240 2038 codice
261 1981 314 2038 illo
336 1991 466 2058 tempore
490 1981 568 2038 facto
591 1980 754 2057 descriptus
776 1985 833 2040 sit!

253 2070 300 2125 10.
324 2068 424 2145 Atque
447 2068 521 2125 haec
543 2066 580 2124 de
603 2070 776 2127 auctoritate
798 2069 923 2127 fontium
948 2079 1111 2127 nostrorum
1135 2071 1206 2126 satis
1230 2089 1294 2126 esse
1318 2089 1384 2146 pos-

142 2163 217 2212 sunt.
250 2154 467 2232 inquirendum
502 2157 561 2212 iarn
585 2175 622 2211 ex
646 2157 719 2232 ipsis
753 2155 834 2214 hisce
872 2155 1011 2226 fontibus,
1036 2154 1107 2233 quid
1137 2153 1256 2213 tandem
1281 2155 1383 2213 Hono·

141 2243 208 2300 rius
231 2240 303 2340 quid
326 2240 483 2300 concilium
513 2251 629 2300 sextum
651 2243 746 2318 egerit
768 2253 800 2300 ut
822 2243 900 2302 clare
924 2255 1072 2320 appareat
1104 2254 1199 2301 utrum
1232 2243 1382 2300 Honorius

144 2328 208 2400 „his
210 2331 334 2386 torieus
360 2339 511 2406 tamquam
535 2336 739 2404 argumentum
765 2340 867 2388 eontra
884 2329 1127 2388 infallibilitatem
1147 2330 1271 2388 llomani
1289 2331 1385 2407 ponti-

140 2394 233 2472 licis
227 2436 287 2472 rure
311 2418 342 2473 ιιι
366 2415 496 2473 medium
519 2375 689 2493 proderetur.

141 2599 191 2665 II.
215 2600 410 2666 Honorius
434 2600 687 2667 definitionem
710 2620 755 2667 eu
778 2600 960 2667 cathedra
985 2600 1128 2666 falsam
1152 2619 1229 2666 non
1253 2600 1386 2666 edidit.

252 2747 476 2822 luitprant
500 2748 695 2802 attentionem
725 2754 818 2805 totam
850 2747 951 2802 statim
976 2765 1010 2805 eo
1033 2745 1225 2810 conferamus,
1250 2743 1299 2802 ubi
1324 2742 1388 2800 vul·

142 2834 204 2888 neri
227 2831 309 2889 locus
332 2852 396 2889 esse
419 2831 535 2903 dieitur,
559 2853 628 2890 uum
652 2831 769 2889 ostendi
785 2841 889 2909 potest,
911 2832 1075 2889 Honorium
1098 2831 1386 2889 delinitionem

142 2939 158 2974 ι
168 2939 186 2974 ι
221 2918 338 2975 eathe
348 2917 419 2976 dra
441 2919 583 2976 falsam
607 2917 757 2976 edidisse?
781 2918 921 2976 Αιιιιιιιιιι
936 2895 1005 2976 ιιι
982 2927 1059 2976 inter
1074 2917 1176 2977 alios
1160 2919 1283 2995 explicit
1272 2917 1387 2976 tGrse·

143 3020 199 3064 ιιι.
235 3005 324 3083 tapud
348 3006 376 3062 (l
385 3005 614 3074 rauderath‚
646 3004 825 3063 Geschichte
856 3004 909 3063 des
942 3005 1173 3062 Vaticanischeu
1197 3005 1317 3063 (onoils
1346 3003 1387 3062 ΙΙ.

142 3113 194 3168 p..
188 3095 247 3149 521
253 3095 274 3167 ,ι
298 3093 387 3150 tlara
401 3091 439 3150 ad
452 3092 529 3150 hanc
552 3095 754 3170 quaestionem
771 3094 810 3150 sit
825 3095 993 3170 responsio:
1019 3092 1167 3150 Honorius
1184 3090 1397 3150 definitionem

143 3178 276 3236 nullam
313 3178 415 3238 edidit
449 3200 531 3252 ergo
564 3199 617 3237 nec
647 3178 684 3236 de
716 3179 816 3237 falsa
842 3178 1016 3238 definitione
1055 3199 1150 3236 sermo
1184 3198 1248 3236 esse
1283 3187 1387 3256 potest.

145 3268 253 3323 Omnia
277 3286 315 3323 ex
337 3269 536 3344 propositione
559 3269 670 3324 maiore
697 3286 748 3325 seu
782 3266 975 3325 antecedente
998 3265 1137 3344 pendent
1161 3267 1184 3322 si
1210 3266 1288 3322 enim
1313 3265 1389 3322 nihil

143 3351 286 3422 delinivit,
309 3373 379 3428 ergo
403 3374 456 3411 nec
480 3353 586 3412 falsum
610 3353 682 3432 quid
706 3353 849 3422 definivit,
873 3353 951 3432 quod
974 3363 1074 3411 tamen
1105 3350 1284 3410 antecedens
1308 3351 1389 3408 nullo

143 3442 261 3516 negotio
284 3441 393 3497 invicte
417 3439 563 3517 probatur.

252 3529 300 3584 12.
326 3526 484 3604 llisputant
508 3527 626 3604 quidem
651 3539 792 3598 auctores,
815 3524 887 3605 quid
908 3526 1163 3585 addetinitionem
1186 3545 1223 3582 ex
1248 3521 1389 3582 cathedra

144 3616 322 3692 requiratur3
346 3615 459 3690 sigua
481 3616 613 3679 allerunt,
654 3613 760 3692 quibus
794 3613 988 3688 defiuitioex
1013 3612 1156 3672 cathedra
1191 3611 1389 3688 dignoscatur.

144 3701 218 3767 lluo,
241 3701 298 3772 vel,
323 3703 348 3758 si
372 3703 467 3758 maris
490 3703 562 3758 tria
585 3704 616 3759 iu
639 3701 695 3758 hac
719 3721 749 3759 re
772 3710 853 3759 corta
876 3709 959 3760 suut:
998 3703 1122 3777 primum
1147 3698 1224 3777 quod
1248 3696 1389 3770 absolute,

147 3790 265 3846 nemine
301 3788 470 3864 refragante
494 3787 531 3844 ad
556 3787 726 3846 habendam
762 3787 965 3846 definitionem
989 3809 1026 3845 eu
1050 3785 1191 3844 cathedra
1224 3786 1389 3862 requiritur,

143 3883 236 3932 estut
263 3876 410 3932 Romanus
434 3875 568 3953 pontifex
597 3874 800 3932 definitionem
823 3896 860 3933 ex
897 3873 1038 3932 cathedra
1071 3873 1158 3931 edere
1193 3873 1309 3939 velit:
1345 3893 1390 3930 se-

146 3959 273 4017 cundum
298 3973 329 4018 ut
352 3960 429 4019 hanc
453 3982 534 4018 suam
569 3962 754 4019 voluntatem
777 3963 907 4038 signis
930 3983 967 4019 ex
992 3971 1096 4020 natura
1119 3979 1172 4020 sua
1195 3959 1233 4018 ad
1256 3958 1288 4017 id
1311 3961 1388 4037 aptis

143 4049 324 4107 manifestet:
364 4051 481 4119 tortium
514 4059 553 4118 ut,
587 4048 691 4106 saltem
729 4047 886 4118 ordinarie,
910 4052 947 4107 iis
970 4047 1031 4106 fere
1055 4050 1148 4124 signis
1182 4057 1288 4118 utatur,
1312 4066 1389 4123 (quae

143 4134 196 4190 tali
220 4146 350 4212 tempore
374 4146 405 4192 ιιι
428 4137 514 4211 sigua
529 4135 615 4192 huius
630 4136 792 4194 voluntatis
819 4138 1056 4194 communiter
1079 4138 1169 4193 satis
1193 4143 1276 4192 nota
1299 4144 1390 4192 suut.

249 4221 407 4279 Possemus
430 4224 530 4280 statim
554 4242 685 4300 (quarere,
714 4231 810 4280 utrum
833 4223 984 4282 Honorius
1013 4223 1196 4281 voluntatem
1228 4219 1390 4299 quidquam

142 4306 304 4364 deliniendi
328 4308 480 4375 habuerit;
505 4311 680 4387 incipiamus
703 4319 803 4368 tamen
827 4313 923 4388 potius
947 4331 965 4366 a
988 4311 1104 4386 siguis
1133 4329 1185 4368 seu
1211 4310 1306 4366 notis
1334 4326 1392 4364 eu·

141 4396 256 4452 ternis
284 4394 474 4453 delinitionis
508 4396 569 4454 lam
603 4417 673 4454 vero
705 4399 838 4474 quisquis
872 4399 996 4474 primam
1028 4395 1076 4453 vel
1104 4399 1193 4453 etiam
1228 4392 1389 4451 secundam

197 4581 325 4651 ¹)blig
333 4598 382 4641 ue
402 4583 447 4635 Ph
466 4581 525 4645 128,
543 4581 603 4634 Sil.

198 4600 379 4719 ¹tyltlunsl
398 4653 456 4716 XL,
475 4623 552 4704 1052

199 4721 232 4780 1ι)
251 4723 381 4788 iligna,
401 4723 445 4775 l’il
464 4721 523 4786 128,
541 4721 602 4774 8ῑ5.
