3450 5342
746 431 941 485 -251-

217 617 377 674 siasticam.
400 614 517 673 Deinde
539 615 718 674 exhibentur
739 617 886 694 postulata
908 638 1006 675 eorum
1043 616 1243 691 ,liberalinm“
1271 619 1466 677 recentiorum

220 705 270 781 qui
295 701 398 760 foedus
419 703 585 761 Ecclesiam
609 706 687 761 iuter
709 716 738 761 et
761 706 915 763 scientiam
939 705 1108 782 cultumque
1128 708 1219 763 nostri
1235 706 1375 783 temporis
1398 706 1468 763 iniri

218 788 332 847 uolunt.
369 789 405 847 111
435 792 539 847 critica
568 801 650 866 parts
680 789 773 847 libelli
804 790 968 848 ostenditur
1008 792 1151 849 rationem
1189 794 1384 871 praecipuam,
1419 812 1470 849 cur

218 875 359 934 Ecclesia
380 896 444 933 cum
472 878 594 953 ,spiritu
617 875 775 935 moderuo‘
802 898 861 935 non
884 880 976 955 possit
999 880 1159 935 amicitiam
1182 878 1341 936 conciliare
1364 898 1379 937 e
1403 898 1469 936 sen-

219 964 314 1021 tentia
341 961 554 1034 ,liberalium⁴,
588 964 619 1021 in
650 963 704 1021 hoc
727 966 894 1029 consistere,
926 963 1004 1041 (laod
1040 966 1177 1043 ,spiritus
1210 964 1258 1023 hic
1289 964 1464 1023 modernus“

220 1051 309 1107 nimis
333 1048 486 1126 deprimat,
509 1050 557 1107 rel
581 1053 669 1108 etiam
694 1052 814 1109 omniuo
836 1051 970 1127 negligat
993 1053 1023 1109 in
1047 1053 1110 1109 vita
1132 1050 1262 1109 humana
1291 1052 1469 1109 elementum

221 1136 444 1214 supernaturale
467 1147 495 1194 et
518 1136 661 1200 divinum,
692 1136 769 1215 quod
801 1138 936 1195 Ecclesia
966 1158 1018 1215 pro
1049 1138 1145 1195 officio
1176 1159 1227 1197 suo
1259 1138 1405 1196 custodire
1440 1146 1469 1197 et

219 1243 392 1301 promovere
414 1233 539 1281 tenetur.
1393 1226 1424 1304 β.

722 1331 964 1411 RUSSICA.

324 1487 500 1555 scatentia
523 1486 765 1556 ecelesiastica
785 1488 1000 1571 ttazanmsts,
1025 1488 1059 1555 et
1083 1488 1245 1572 potentes
1268 1488 1469 1558 christiano·

220 1574 382 1641 talamtca.
776 1626 782 1637 .

326 1663 490 1721 Academia
522 1664 709 1722 Kazaneusis
743 1684 818 1741 quae
849 1664 1054 1741 chronologice
1088 1664 1222 1723 ultimum
1258 1674 1338 1723 tenet
1372 1664 1469 1723 locum

218 1752 297 1808 iuter
320 1760 456 1829 quattuor
468 1752 594 1808 russicus
617 1750 793 1821 academias,
816 1750 983 1829 disciplinis
1007 1751 1181 1829 theologicis
1197 1750 1400 1809 indesinenter
1416 1772 1469 1809 ro·

218 1847 321 1895 cantes
340 1851 480 1915 tauquam
504 1837 560 1894 sibi
584 1840 732 1916 propriam
749 1837 932 1895 tractandam
956 1840 1140 1917 provinciam
1157 1840 1284 1915 suscepit
1301 1838 1468 1916 apologiam

220 1925 373 2001 religionis
395 1924 575 1982 christianae
598 1939 700 1983 contra
722 1924 959 1985 Mahumetanos.
983 1926 1049 1983 lloc
1072 1924 1129 1982 sihi
1154 1944 1258 1982 munus
1274 1923 1467 1981 demandavit

219 2012 290 2088 qma
313 2010 500 2069 Kazauensis
526 2012 666 2089 eparchia
697 2033 764 2069 suos
794 2012 872 2069 inter
905 2013 1016 2070 incolas
1049 2014 1066 2069 3
1091 2010 1188 2069 decies
1219 2021 1344 2069 centena
1372 2011 1468 2068 millia

218 2099 334 2155 circiter
357 2107 488 2156 recenset
506 2098 606 2156 lslami
631 2108 797 2157 sectatores.
821 2098 879 2155 Pro
903 2098 1014 2157 viribus
1038 2100 1141 2157 russici
1166 2099 1344 2155 missionarii
1368 2098 1468 2155 conati

218 2192 285 2241 scrut
306 2186 458 2261 ingentem
482 2184 560 2243 hunc
577 2185 738 2242 blahumeti
752 2186 915 2243 exercitum
939 2184 976 2243 ad
993 2185 1184 2243 christianam
1208 2184 1296 2243 iidem
1313 2183 1467 2247 adducere,

219 2270 271 2328 scd
292 2273 441 2329 incassum
467 2270 645 2331 laborarunt.
691 2272 726 2329 ln
751 2272 865 2340 llussia,
890 2284 972 2349 prout
996 2271 1112 2350 ubique,
1137 2273 1240 2349 religio
1264 2270 1469 2329 mohamedica

217 2357 409 2415 christianam
441 2360 596 2416 veritatem
626 2360 746 2417 omniuo
769 2357 916 2415 abhorret.
962 2358 1126 2417 Academia
1157 2360 1351 2427 Kazancnsis,
1386 2360 1468 2416 cuius

219 2446 301 2519 origo
331 2444 491 2522 repetenda
513 2456 557 2503 est
586 2444 623 2503 ab
647 2465 725 2503 auno
750 2447 841 2510 lttts,
876 2448 1039 2522 imperante
1063 2446 1156 2504 Paulo
1181 2446 1211 2513 l.,
1247 2456 1276 2503 ut
1301 2444 1469 2503 huiusmodi

218 2532 419 2589 missionarios
441 2532 575 2589 fortiores
598 2530 734 2589 redderet
757 2532 787 2589 in
811 2534 972 2589 certamino
997 2533 1202 2591 antiislamico.
1237 2531 1293 2589 sibi
1318 2534 1468 2610 proposuit

218 2618 397 2694 peculiarem
419 2618 549 2677 scholam
565 2618 699 2687 condere,
724 2638 799 2696 quae
823 2619 973 2677 islanticae
996 2618 1065 2676 fidei
1089 2618 1218 2677 studium
1235 2634 1467 2697 prosequeretur.

217 2702 355 2781 Optimus
378 2705 523 2782 professor
546 2706 581 2762 hl.
595 2708 631 2762 Α.
648 2706 748 2762 hlalov
771 2727 872 2763 meuse
896 2708 1000 2763 martio
1027 2708 1107 2763 lata
1133 2706 1265 2763 Consilio
1284 2706 1465 2763 ,academiae

218 2792 355 2868 exposuit
385 2794 522 2849 miseram
551 2791 751 2849 conditionem
773 2792 973 2865 'l'artarorum
1004 2796 1054 2869 qui
1079 2812 1096 2849 a
1118 2794 1250 2849 llussicis
1271 2794 1466 2850 missionatiis

217 2875 396 2954 baptismum
412 2890 594 2955 acceperant,
616 2892 646 2937 ct
661 2878 763 2946 doluit,
779 2879 857 2956 quod
871 2882 1021 2955 panciores
1034 2889 1132 2937 essent
1148 2878 1224 2955 litui,
1241 2878 1347 2956 quibus
1364 2893 1466 2935 contra

217 2974 374 3023 sectatores
407 2966 505 3023 islami
536 2966 639 3041 religio
670 2966 833 3023 christiana
863 2963 1119 3047 defenderetur¹).
1165 2966 1337 3033 Consilium,
1373 2964 1465 3022 disse·

220 3053 312 3108 tentis
335 3051 498 3110 rationibus
520 3064 677 3130 permotus,
705 3055 823 3110 statuim
848 3055 879 3109 in
903 3053 996 3110 lucem
1020 3050 1107 3111 edero
1131 3054 1235 3111 seriem
1259 3072 1386 3130 operum,
1418 3053 1466 3109 cui

217 3138 320 3195 titulus
342 3141 504 3197 communis
528 3140 762 3197 Collcctio
792 3141 1106 3197 antiislomica
1136 3136 1465 3225 (111111111111110111)-

216 3223 358 3284 aanoldis
383 3221 586 3308 (16οΡ111111),
613 3246 770 3303 curamque
792 3230 937 3285 commisit
961 3226 1057 3283 cidem
1081 3246 1115 3283 ae
1145 3225 1324 3283 docenti
1360 3231 1462 3285 listro·

216 3331 313 3379 umor,
336 3323 366 3369 ut
389 3324 527 3390 pararent
549 3324 579 3371 et
601 3314 773 3389 colligerent
796 3316 950 3371 materiam
974 3324 1071 3391 aptum
1096 3314 1175 3391 typis
1198 3310 1351 3369 edendam.
1382 3314 1461 3369 llinc

215 3397 325 3456 factum
349 3410 401 3470 est,
434 3402 477 3458 uti
501 3421 578 3459 auno
604 3403 685 3459 ists
710 3402 740 3457 in
764 3400 858 3457 lucem
882 3400 993 3457 editum
1021 3402 1058 3457 sit
1081 3402 1208 3477 primum
1232 3398 1368 3455 volumen
1395 3420 1461 3475 ‘pire-

216 3486 284 3543 tiosi
308 3485 425 3563 quidem
451 3486 652 3559 Sborniki,
675 3491 731 3564 quei
755 3486 792 3544 de
816 3489 899 3557 serie,
923 3508 987 3544 curu
1012 3497 1073 3544 tota
1094 3488 1209 3563 penitus
1233 3493 1346 3541 nostros
1370 3484 1460 3543 lateat

217 3570 254 3629 de
277 3571 362 3629 rebus
386 3572 527 3631 islamicis
550 3576 713 3651 scriptores.
741 3576 913 3651 pracsertim
939 3576 969 3630 in
992 3575 1035 3631 eis
1059 3592 1133 3651 quae
1156 3572 1348 3629 christianam
1371 3570 1460 3629 tidem

217 3659 374 3735 attingunt,
409 3660 505 3717 visum
528 3670 572 3717 est
606 3660 680 3717 mihi
712 3659 790 3718 haud
825 3660 877 3717 ahs
901 3681 931 3717 re
966 3659 1109 3738 quaedam
1133 3658 1282 3717 adnotare.
1328 3658 1459 3716 Primum

216 3744 355 3803 volumen
379 3741 490 3825 (1873)
513 3755 572 3805 tres
596 3750 727 3804 continet
749 3747 869 3824 opellas.
906 3746 1002 3804 'Ponet
1026 3748 1188 3823 principem
1214 3745 1307 3803 locum
1331 3748 1461 3803 narratio

216 3832 252 3889 E.
265 3832 302 3892 A.
326 3833 438 3889 ilalo
451 3835 491 3890 vi
515 3833 552 3891 de
575 3836 704 3892 sectione
728 3832 766 3891 ad
789 3835 989 3891 missionarios
1012 3831 1179 3890 educandos
1203 3832 1341 3890 adiuncta
1362 3832 1461 3891 Kaza-

216 3921 301 3975 neusi
324 3916 493 3977 academiae
527 3917 718 3998 (Cababum
741 3942 760 3978 o
783 3918 1074 4002 rtrreeiompcuosrs
1097 3918 1284 3991 o'rahuenin
1308 3938 1374 4001 ripn
1398 3917 1461 3979 lia-

216 4006 360 4065 311110κοῐί
375 4008 549 4089 ,uyxosnoir
566 4005 758 4084 Ascanimia).
782 4008 977 4065 Doctissinms
994 4005 1112 4084 (pridem
1129 4026 1224 4063 rerum
1237 4006 1460 4063 islamitioarum

216 4093 347 4169 scriptor,
380 4102 412 4149 ut
434 4092 518 4170 lapsu
548 4096 687 4171 temporis
718 4113 796 4151 nora
818 4104 845 4151 et
870 4093 1016 4151 laboriosa
1048 4113 1136 4170 opera
1167 4112 1233 4149 eum
1261 4092 1460 4169 prodiderunt,

216 4189 303 4237 natus
325 4187 371 4236 est
393 4180 424 4236 in
447 4182 602 4257 provincia
624 4179 834 4248 Simhirslr,
858 4192 887 4239 et
911 4182 1043 4257 magistri
1067 4179 1233 4256 theologiae
1257 4178 1387 4255 diploma
1410 4179 1461 4237 ob·

216 4266 306 4323 tinuit
336 4267 368 4323 in
392 4265 544 4324 academia
566 4267 737 4326 Kazaneusi
771 4267 819 4324 oio
845 4271 862 4323 '2
888 4266 1062 4345 septembris
1085 4286 1163 4324 anno
1190 4267 1280 4323 laos.
1325 4266 1460 4343 Longum

218 4350 337 4428 quidem
361 4363 439 4411 esset
462 4356 652 4431 scriptionum
675 4357 737 4411 eins
755 4356 858 4411 seriem
883 4356 1001 4413 imuoro.
1025 4354 1116 4411 l’lura
1139 4354 1262 4411 inseruit
1286 4354 1316 4409 in
1335 4350 1462 4435 1111111111-

215 4439 375 4499 cuaatrsrii
398 4434 644 4512 Cotiecbrnrum,
666 4443 744 4498 circa
766 4451 873 4499 statum
898 4441 1066 4517 religiosum
1089 4440 1287 4508 'Partarorum
1316 4442 1366 4517 qui
1391 4439 1462 4518 hap-

282 4624 303 4691 1)
321 4622 574 4695 Ternovslsij,
602 4624 826 4693 llcropnsecsau
852 4642 980 4678 attnnesa
1005 4642 1021 4678 o
1043 4624 1198 4677 cocrouuin
1226 4624 1391 4679 attsaucrsoii
1413 4642 1462 4693 ay·

320 4692 433 4748 xosnoii
453 4695 598 4757 ,laeserim
618 4699 712 4747 uocrls
731 4714 765 4747 eu
785 4694 1045 4763 upeoopasosauiu.
1071 4692 1189 4759 Kazani,
1208 4694 1283 4761 1892,
1303 4711 1330 4762 p.
1347 4698 1390 4751 bl.
