3450 5342
734 438 775 447 -
798 407 861 463 205
885 438 928 448 -

206 590 309 642 verti.“
336 618 370 627 -
399 591 441 643 lo.
461 590 644 655 chrysost.
672 591 772 643 eodem
798 592 859 643 loco
885 592 973 643 citato
997 591 1085 643 dicit:
1113 590 1165 640 liat
1184 594 1235 657 qap
1261 590 1324 655 αὕτη
1356 593 1454 655 darien,

205 665 366 725 μιτανοοῦσι.
385 660 486 711 Πολλοὶ
503 664 566 726 γοῦν
578 665 629 711 τῶν
646 665 729 711 ταῦτα
741 664 883 725 ιίρηιιόιων
902 664 1052 712 intonamus
1066 663 1176 723 ϋστιρον,
1198 664 1244 711 καὶ
1262 663 1347 711 πάντα
1366 663 1458 720 αὐτοῖς

206 730 315 794 dxertbq.
334 730 364 779 Τί
381 726 427 781 οὖν
444 732 497 780 ἐστι
515 730 529 778 ὅ
548 745 637 793 aqum
655 732 713 780 'On
730 732 794 794 ὑπὲρ
806 732 892 781 πάνια
912 732 976 796 adt-q
995 732 1011 795 ἡ
1031 733 1143 795 ἁμαρτία
1156 731 1344 797 ἀοὺγγνωσιος.
1364 729 1403 782 t‘f.
1424 731 1455 781 ln

209 799 297 851 liebr.
317 800 392 851 bom.
412 798 454 864 31,
473 813 500 851 n.
519 798 544 851 2.
569 827 602 835 -
629 802 761 851 t'eterum
780 805 895 865 praeter
913 815 970 865 eos,
997 814 1069 866 quos
1095 798 1122 851 in
1142 799 1334 865 explicatione
1359 802 1456 851 lentus

205 868 286 920 illius
305 868 602 929 commemoravimus,
627 870 750 935 positive
774 870 930 921 excludunt
956 868 1078 937 intelligi
1099 868 1139 920 ibi
1161 873 1309 934 peccatum
1329 868 1457 935 aliquod,

204 938 244 991 ad
258 938 335 1003 quod
347 938 487 990 ecclesiae
504 940 633 1003 potestas
652 955 684 991 se
702 954 758 990 non
772 939 923 992 extendat:
941 938 1180 1007 Augustinus,
1200 939 1229 991 ln
1244 938 1316 991 Rom
1331 938 1454 991 inchoat

204 1022 303 1129 ἔμοι.
322 1023 349 1128 nb·
367 1007 526 1129 2234Serm.
546 1007 588 1074 71,
606 1024 633 1059 n.
652 1008 676 1062 8.
695 1008 742 1072 2ος
765 1006 880 1061 Euchir.
900 1024 921 1060 c.
941 1008 983 1061 83.
1010 1010 1058 1075 Ep.
1078 1008 1137 1073 tib,
1156 1022 1182 1059 n.
1201 1006 1236 1060 48
1255 1022 1292 1060 ss.
1320 1008 1385 1061 beo
1404 1008 1455 1061 lt:

243 1092 296 1129 rm.
314 1078 330 1129 'i
349 1118 357 1141 ,
375 1094 397 1129 c.
434 1116 441 1131 .

312 1148 356 1199 Ad
374 1146 399 1199 9.
418 1147 464 1198 Ad
481 1146 681 1199 testimonium
705 1146 856 1201 Paciani
877 1146 1102 1212 „respondemus
1127 1144 1157 1213 ιι)
1184 1146 1353 1198 incredibile
1378 1161 1452 1211 esse,

203 1216 282 1280 quod
301 1216 460 1268 catholicus
478 1216 631 1281 episcopus
649 1218 766 1268 labente
785 1217 900 1269 saeculo
919 1224 1021 1281 quarto
1034 1222 1098 1283 post
1112 1216 1301 1281 proscriptam
1321 1216 1452 1269 1111111111-

204 1300 275 1337 nam
294 1286 438 1338 haeresim
457 1286 587 1337 docuerit
605 1286 676 1337 baec
689 1286 745 1339 tria
758 1286 865 1339 delicta
878 1292 943 1353 post
955 1286 1133 1353 baptismum
1153 1302 1216 1337 esse
1231 1286 1451 1351 irremissibilia,

204 1355 371 1419 etquidem
389 1370 446 1407 non
466 1357 560 1407 solnm
587 1356 624 1407 ab
650 1355 782 1418 ecclesia,
810 1356 861 1408 sed
886 1356 974 1407 etiam
994 1372 1011 1407 a
1033 1357 1097 1407 lieo.
1126 1356 1199 1407 Nam
1228 1356 1273 1407 bic
1299 1370 1355 1406 non
1384 1355 1454 1407 lacit

204 1424 382 1477 mentionem
407 1424 555 1490 ecclesiae,
574 1425 626 1477 sed
654 1425 824 1491 simpliciter
848 1426 919 1477 dicit
946 1425 1017 1477 haec
1042 1424 1163 1477 crimina
1187 1424 1367 1491 compensari
1393 1440 1450 1477 non

203 1506 291 1559 posse
310 1534 316 1545 .
336 1534 342 1546 .
362 1534 368 1545 .
387 1494 499 1546 Rursus
523 1494 692 1547 incredibile
710 1499 756 1547 est
773 1495 940 1562 episcopum
960 1496 988 1547 in
1009 1509 1148 1551 sermone.
1168 1494 1196 1545 in
1222 1510 1278 1560 quo
1302 1510 1370 1545 oves
1395 1495 1449 1547 sibi

203 1563 332 1615 creditas
349 1564 387 1615 ad
413 1564 621 1629 poenitentiam
649 1564 789 1624 hortatur,
816 1567 857 1617 tot
878 1566 952 1616 velle
976 1580 992 1616 e
1017 1564 1160 1617 contrario
1185 1564 1213 1615 in
1239 1564 1452 1629 desperationis

202 1632 374 1685 barathrum
393 1633 530 1685 conicere.
546 1634 582 1685 Et
595 1648 665 1685 sane
679 1631 706 1697 b)
718 1634 776 1687 alia
790 1639 835 1686 est
846 1650 964 1700 prorsus
984 1634 1127 1687 sententia
1147 1633 1271 1685 Paciaui.
1293 1634 1451 1701 llistinguit

203 1701 315 1754 scilicet
333 1703 455 1755 crimina
474 1703 503 1754 in
523 1703 596 1755 duas
609 1704 726 1761 classes,
740 1704 871 1769 „nequis
885 1703 926 1767 (ut
941 1703 1003 1770 ipse
1016 1703 1057 1756 ait
1070 1718 1096 1755 n.
1109 1703 1137 1767 2)
1151 1703 1296 1755 existimet
1316 1702 1451 1754 omnibus

202 1772 321 1823 omnino
341 1773 467 1837 peccatis
486 1786 631 1825 summum
650 1772 806 1825 discrimen
823 1774 1009 1839 impositum·
1029 1774 1055 1825 b.
1075 1790 1098 1825 e.
1114 1772 1142 1824 in
1156 1788 1198 1830 ea,
1212 1788 1285 1837 quae
1298 1772 1448 1824 meliorum

202 1855 322 1906 operum
341 1842 575 1908 compensatione
594 1848 738 1907 curantur,
757 1843 826 1907 quin
845 1858 917 1909 opus
937 1842 1044 1894 scilicet
1065 1843 1101 1894 sit
1122 1842 1248 1893 remedio
1269 1842 1401 1907 publicae
1420 1846 1449 1893 et

203 1911 353 1964 sollemnis
371 1912 585 1977 poenitentiam
603 1918 634 1964 et
651 1912 680 1963 in
699 1928 743 1975 ea,
761 1927 836 1977 quae
849 1912 1044 1978 poenitentiae
1064 1912 1196 1977 indigent
1214 1909 1350 1963 remedio.
1371 1912 1448 1963 Haec

202 1980 321 2045 quidem
339 1982 462 2033 oratorie
481 1985 686 2048 exaggerat
703 1982 741 2033 ad
760 1997 859 2033 eorum
879 1982 1020 2034 malitiam
1041 1981 1289 2046 patefaciendam
1308 1986 1337 2032 at
1351 1980 1450 2045 poeni-

203 2050 296 2101 tentia
314 2050 425 2117 expiari
453 2066 538 2116 posse
565 2056 594 2102 et
622 2051 727 2103 debere
755 2052 831 2103 clare
859 2051 943 2103 docet
972 2051 1166 2117 sequentibus.
1195 2050 1241 2102 Ait
1271 2050 1347 2102 enim
1368 2066 1395 2101 n.
1412 2050 1448 2101 6:

202 2118 306 2186 „Erga
334 2120 444 2185 inquiet
475 2120 591 2186 aliquis,
625 2120 744 2186 perituri
773 2136 873 2173 sumus
893 2161 898 2172 .
918 2162 923 2172 .
945 2120 990 2172 .‘?“
1019 2122 1183 2186 Respondet
1216 2120 1261 2171 bis
1289 2120 1450 2172 Parianus:

201 2189 342 2255 „accipite
371 2190 541 2252 remedium,
561 2190 584 2241 si
604 2190 758 2255 desperare
786 2190 930 2256 coepistis,
958 2190 981 2241 si
1012 2190 1131 2243 miseros
1159 2206 1210 2241 vos
1237 2188 1403 2257 agnoscitis,
1423 2190 1446 2241 si

201 2258 321 2310 timetis.
339 2260 399 2311 Vos
417 2274 486 2327 ergo
504 2259 630 2325 primum
652 2261 767 2325 appello
785 2260 897 2327 iratres,
922 2260 971 2325 qni
996 2260 1164 2312 criminibus
1188 2258 1326 2312 admissis
1351 2260 1449 2324 poeni-

201 2329 325 2380 tentiam
350 2329 507 2381 recusatis“
532 2333 603 2381 etc:
629 2344 753 2397 pergens
779 2330 887 2382 hortari
906 2330 943 2381 ad
964 2330 1179 2395 poenitentiam.
1201 2329 1259 2380 lam
1285 2344 1351 2381 vero
1376 2329 1447 2381 baec

202 2397 337 2449 dicuntur
349 2397 395 2462 iis,
413 2405 443 2451 ut
457 2414 492 2451 ex
506 2398 674 2451 immediato
693 2404 826 2451 contextu
840 2402 929 2466 patet.
943 2400 989 2465 qui
1006 2400 1261 2467 interrogaverant.
1277 2412 1313 2450 an
1329 2398 1447 2463 perituri

201 2471 309 2530 essent,
328 2467 404 2534 iique
423 2473 499 2527 sunt.
518 2468 567 2533 qui
585 2468 703 2533 aliquod
722 2484 757 2520 es
777 2468 834 2520 illis
854 2469 946 2522 tribus
971 2468 1140 2520 criminibus
1165 2467 1361 2526 admiserant:
1381 2484 1445 2519 curn

201 2538 373 2603 praesertim
393 2553 444 2604 pro
462 2538 528 2589 aliis
553 2537 723 2590 criminibus
750 2538 886 2590 curandis
906 2554 962 2591 non
987 2538 1204 2603 poenitentiam,
1224 2538 1275 2589 sed
1295 2538 1445 2589 meliorum

200 2621 319 2671 operum
339 2608 603 2673 compensationem
621 2606 764 2660 Pacianus
783 2608 988 2674 proposuerit.“
1008 2607 1191 2666 Palrnieri,
1212 2607 1252 2657 lle
1272 2622 1352 2672 proeli.
1367 2608 1406 2659 tb.
1420 2606 1447 2673 9,

200 2676 257 2738 lli,
275 2676 302 2727 b.
321 2692 347 2743 p.
366 2676 401 2729 92
414 2694 436 2728 s.
456 2705 489 2713 -
508 2678 644 2729 Auctor
662 2677 739 2729 illius
751 2678 856 2743 operis.
870 2677 894 2729 si
904 2678 1041 2743 explicari
1055 2682 1187 2743 nequeat,
1201 2676 1254 2729 luit
1266 2676 1445 2729 Novatianus

200 2760 254 2798 nec
272 2761 325 2798 nos
342 2746 480 2799 turbabit.
500 2746 631 2799 Ceterum
651 2747 715 2800 Chr.
734 2748 834 2805 Pescb,
853 2749 944 2800 Praei.
963 2751 982 2801 t.
1002 2748 1027 2808 7,
1046 2762 1072 2798 n.
1091 2746 1125 2799 44
1138 2752 1236 2798 censet
1250 2746 1321 2797 illud
1335 2746 1444 2799 dictum

200 2830 266 2866 esse
284 2832 336 2882 per
359 2816 614 2885 exaggerationem
639 2817 830 2882 rhetoricam3
854 2816 904 2869 alii
931 2818 1032 2883 culpae
1057 2816 1248 2884 gravissimae
1273 2816 1444 2867 solutionem

201 2900 252 2950 pro
271 2885 318 2937 die
337 2886 454 2937 demum
473 2885 575 2938 mortis
593 2886 766 2951 promissam
786 2886 910 2955 intelligi
929 2886 1080 2939 coniciunt.

302 2972 348 3025 Ad
367 2971 407 3024 10.
427 2973 469 3024 lis
488 2972 589 3024 eodem
609 2973 670 3023 loco
689 2978 856 3037 sequeretur
875 2972 911 3037 (si
931 2974 971 3025 ita
991 2972 1198 3037 intelligendus
1218 2969 1306 3037 esset)
1327 2987 1377 3023 uec
1392 2987 1443 3037 per

196 3040 376 3106 baptismum
404 3046 522 3107 peccata
550 3042 666 3094 reutitti.
695 3043 739 3106 „Si
769 3044 985 3094 Ambrosius
1015 3043 1138 3107 loquitur
1165 3041 1201 3092 de
1227 3040 1442 3106 poenitentibus

197 3110 332 3177 publicis,
351 3112 420 3163 dum
439 3112 518 3173 dicit,
536 3126 586 3163 eos
601 3126 714 3163 sumere
727 3117 949 3179 sacramentum,
969 3112 1038 3163 dum
1053 3112 1249 3167 absolvuntur,
1270 3112 1395 3175 loquitur
1407 3112 1443 3161 de

197 3180 302 3233 ultima
324 3182 514 3244 absolutione,
533 3196 607 3245 quae
625 3196 643 3233 a
664 3181 795 3233 l'atribus
820 3186 939 3233 ineatur
962 3182 1094 3234 absolute
1120 3180 1291 3232 coridouatio
1310 3188 1337 3231 et
1357 3182 1441 3233 abso-

197 3249 288 3316 lutio;
308 3250 376 3316 quia
393 3265 429 3303 aa
452 3255 513 3303 erat
539 3252 626 3317 plena
644 3255 673 3302 et
691 3250 789 3303 totalis
809 3255 835 3303 et
856 3256 920 3317 post
947 3250 1040 3316 ipsam
1066 3266 1121 3301 nou
1147 3251 1288 3314 agebatur
1314 3250 1441 3314 amplius

196 3335 263 3371 cum
280 3320 450 3384 poenitente
468 3322 625 3384 tamquam
646 3336 710 3372 cum
730 3336 785 3371 reo.
806 3322 832 3371 Si
854 3320 979 3385 loquitur
1006 3320 1042 3371 (le
1070 3318 1284 3385 poenitentibus
1313 3320 1440 3384 secretis,

196 3388 226 3439 bi
238 3392 316 3441 certe
326 3389 424 3442 statim
435 3395 501 3455 post
510 3389 721 3442 absolutionem
736 3395 876 3443 secretam
890 3390 1166 3443 communicabant.“
1188 3388 1276 3439 l'ran
1285 3404 1298 3439 c
1307 3390 1338 3438 ol
1349 3389 1355 3437 1
1365 3404 1382 3439 u
1391 3404 1407 3439 u
1417 3406 1439 3441 s.

196 3458 325 3510 Clericus
342 3474 413 3512 rom.
433 3459 505 3525 disp,
526 3459 567 3522 11,
586 3474 613 3511 n.
631 3459 673 3510 at.

301 3528 346 3579 Ad
365 3527 406 3580 11.
425 3530 524 3596 Qualis
543 3529 764 3595 impossibilitas
784 3529 829 3581 bic
848 3529 939 3581 asseri
957 3529 1079 3595 potuerit
1094 3526 1243 3593 colligens
1259 3527 1308 3581 eis.
1323 3541 1395 3590 quae
1409 3526 1438 3577 in

195 3597 423 3651 demonstranda
450 3604 553 3663 quarta
580 3604 662 3663 parte
681 3616 716 3649 ex
734 3599 857 3666 (trigone
886 3600 1039 3649 atleremus
1067 3604 1094 3649 et
1120 3613 1154 3647 ex
1179 3612 1220 3660 eo,
1245 3596 1320 3660 ‹prrod
1347 3596 1377 3647 lu
1397 3597 1438 3647 llt

195 3670 264 3719 lom.
284 3666 317 3719 15
335 3683 436 3721 versus
455 3668 502 3719 lin.
522 3668 623 3720 docet:
642 3668 694 3718 Καὶ
711 3670 740 3719 οὗ
760 3670 844 3733 φαμὲν
867 3673 956 3730 ταῦτα,
981 3668 1183 3730 ἀποτρεπόμενοι
1208 3667 1360 3715 ἀνίστασθαι
1379 3668 1438 3725 τοὺς

195 3740 367 3797 πεπτωκότας
391 3738 408 3801 ἡ
427 3740 630 3801 crasso-„pepon
647 3740 707 3798 τοὺς
725 3739 974 3803 πιπλανημὲνουςή
997 3738 1178 3799 παλινδρομεῖν
1199 3738 1239 3785 ἐπὶ
1257 3738 1300 3785 :is
1320 3741 1440 3800 πατρῷον

195 3803 269 3857 οἶκον
287 3808 349 3867 τοὺς
360 3810 654 3872 καταστωτιυσαμὲνους
666 3810 712 3872 τὴν
730 3813 776 3872 τῆς
789 3809 968 3875 εὒαγγελικής
985 3808 1155 3864 διδασκαλίας
1173 3806 1268 3856 οὐσίαν.
1288 3805 1327 3855 t'l.
1348 3804 1437 3857 eliam

194 3875 278 3927 Hom.
297 3876 321 3927 2.
341 3876 371 3927 in
388 3877 488 3938 benit,
506 3892 532 3929 n.
552 3876 587 3941 43
607 3878 658 3929 llst
675 3877 770 3929 adhuc
789 3881 816 3928 et
831 3876 954 3943 septima
973 3915 979 3927 .
1000 3916 1005 3927 .
1026 3916 1031 3927 .
1051 3876 1183 3927 tenerum
1203 3875 1380 3926 Athanasius
1399 3890 1437 3927 un

195 3944 358 3999 doctrinam
377 3946 490 3999 illorum
509 3953 660 3999 assecutus
679 3962 735 3999 uon
754 3951 832 3999 essct
854 3945 1015 4006 dubitabat,
1034 3944 1256 4011 ambiguitatem
1276 3945 1404 3996 tollebat.

223 4072 228 4079 ,
298 4016 343 4067 Ad
356 4015 397 4067 12.
417 4016 648 4083 Augustinus
660 4020 774 4068 tacitum
787 4016 923 4081 ultimant,
936 4020 1075 4079 quantum
1088 4014 1190 4080 probat
1202 4014 1337 4065 adiuncta
1353 4014 1440 4065 ratio·

193 4098 250 4135 ne:
275 4085 366 4152 „Quia
390 4085 467 4137 enim
488 4086 638 4152 prodesset
662 4086 707 4137 vel
727 4090 794 4137 ante
808 4085 985 4150 baptismum
1004 4084 1190 4150 poenitentia.
1205 4083 1260 4135 nisi
1275 4083 1437 4148 baptismus

193 4158 370 4221 sequeretur,
389 4156 436 4207 vel
450 4160 551 4221 postea
564 4154 621 4207 nisi
634 4156 818 4220 praecederet
826 4155 858 4205 ‘?“
878 4155 955 4207 idern
970 4154 1019 4220 lip.
1034 4153 1069 4205 98
1082 4155 1128 4217 tal.
1142 4153 1185 4203 231
1199 4153 1237 4205 acl
1250 4153 1441 4212 Bonilacium,

190 4237 219 4274 n.
238 4222 263 4273 2.
282 4223 372 4277 dicit:
391 4226 501 4289 „Semel
520 4228 686 4290 perceptam
712 4224 817 4276 (bristi
846 4224 970 4293 gratiam
997 4225 1133 4289 paruulus
1158 4237 1213 4273 non
1239 4222 1355 4277 amittit.
1380 4222 1434 4273 nisi

190 4292 308 4358 propria
326 4294 476 4360 impietate
496 4336 501 4346 .
522 4334 528 4346 .
548 4336 553 4345 .
572 4293 650 4346 Tunc
669 4294 746 4346 enim
766 4294 881 4359 propria
901 4293 1016 4359 incipiet
1031 4294 1137 4344 babere
1151 4296 1277 4357 peccata.
1292 4308 1365 4356 quae
1379 4306 1435 4343 non

189 4363 409 4430 regeneratione
426 4364 602 4430 auferantur,
621 4365 673 4415 sed
685 4364 744 4416 alia
757 4364 904 4415 curatione
923 4364 1086 4415 sanentur.“
1105 4362 1145 4415 et.
1159 4362 1209 4426 lip.
1223 4360 1292 4425 228;
1312 4360 1435 4420 Euchir,

190 4447 214 4483 o.
233 4432 285 4498 463
305 4434 393 4485 Serm.
413 4433 472 4485 361.
492 4450 515 4485 c.
529 4433 553 4484 b.
566 4461 600 4470 —
619 4434 841 4501 Fulgentius
860 4432 986 4498 loquitur
999 4433 1034 4484 de
1048 4431 1220 4483 necessitate
1239 4431 1435 4496 poenitentiae

189 4502 376 4566 baptismalis
394 4518 446 4569 pro
469 4502 662 4568 „maioribns“
681 4503 698 4555 i.
721 4519 744 4555 e.
763 4503 872 4555 adultis
892 4508 918 4553 et
939 4502 1003 4554 ideo
1028 4502 1205 4566 baptismum
1230 4504 1314 4551 vocnt
1339 4515 1437 4551 sacra-

188 4576 320 4624 mentum
339 4572 407 4625 fidei
425 4578 453 4625 et
472 4572 675 4638 poenitentiae.

296 4670 350 4729 lll.
372 4692 399 4749 p.
425 4672 567 4729 lloctrinn
589 4670 730 4728 damnata
753 4671 986 4728 Novatianornm
1011 4669 1051 4745 (et
1075 4668 1342 4734 Montanistaruml.
