3450 5342
667 518 709 528 -
732 488 797 543 265·
818 518 859 527 —

161 668 454 738 sychopathologia¹
470 671 495 724 2.
510 670 648 725 Labores
660 668 758 727 critici
773 686 792 725 o
815 684 904 725 erum
915 668 1204 739 philosophicorum
1216 670 1389 739 etpsycho·

138 684 315 807 fligicornm
339 737 482 808 Europae
501 738 712 794 occidentalis.
744 741 769 793 3.
791 684 986 808 gonspectus
1005 738 1199 794 litteraturae
1218 739 1278 795 huc
1296 740 1390 809 perti-

139 808 254 871 nentis.
293 806 420 873 Eorum,
447 808 502 878 qui
532 808 811 863 commentationes
838 810 869 863 in
896 810 953 863 hoc
977 808 1136 878 periodico
1163 824 1258 879 opere
1283 809 1389 876 edunt,

139 874 315 933 sententiae
340 892 402 931 non
427 876 458 933 in
479 892 576 933 unum
605 883 784 947 congruunt
809 878 866 933 sed
885 877 976 947 plura
995 892 1111 948 genera
1135 878 1388 934 dissentientium

137 946 403 1016 philosophorum
429 946 489 1002 alia
513 946 553 1001 ab
581 946 650 1001 aliis
675 946 890 1003 defenduntur
917 946 968 1015 (ci.
993 962 1063 1017 pag.
1086 949 1146 1015 335,
1175 947 1227 1003 ubi
1258 948 1390 1018 Lopatin

139 1016 332 1141 &collegam
353 1015 425 1071 lacit
445 1031 519 1072 suae
538 1016 763 1085 disputationis
783 1032 852 1072 cum
874 1016 1055 1085 proiessore
1083 1016 1270 1087 Vernadskij
1291 1016 1322 1073 iu
1343 1018 1390 1073 No

177 1092 234 1141 .el
290 1128 296 1140 .

247 1089 425 1211 Att)entione
439 1169 562 1209 summa
575 1152 691 1225 dignus
707 1162 763 1211 est·
774 1154 841 1224 ipsc
856 1154 910 1237 qui
923 1154 1051 1211 editioni
1065 1160 1190 1225 praeest
1205 1156 1236 1211 L.
1249 1154 1390 1225 Lopatih,

139 1224 196 1295 qui
216 1240 242 1277 a.
263 1226 337 1279 1905.
363 1230 426 1278 tres
452 1224 729 1279 commentationes
756 1222 901 1293 scripsit:
930 1224 977 1279 No
995 1227 1037 1280 76.
1062 1226 1169 1279 l'uenie
1189 1227 1288 1279 Kanna
1306 1243 1323 1280 o
1342 1242 1392 1280 no·

140 1296 255 1361 enahin,
275 1293 435 1360 (Doctrina
451 1293 531 1348 liant
544 1294 583 1348 de
596 1292 792 1363 cognitionet.
814 1294 861 1348 No
874 1295 916 1361 79,
931 1296 1053 1349 ssannra
1067 1314 1160 1349 erinna
1174 1296 1203 1349 C.
1217 1296 1248 1349 ll.
1262 1296 1283 1348 Τ
1304 1297 1391 1365 yocn·

138 1380 222 1421 soro.
243 1362 290 1417 No
308 1365 350 1430 80,
370 1364 509 1417 Accionm
529 1364 715 1487 mnnoeoffiin.
735 1363 821 1428 Quae
838 1364 871 1419 L.
888 1363 1029 1433 Lopatin,
1050 1365 1206 1433 t‘a.1855)
1226 1313 1390 1434 professor

140 1432 360 1503 philosophiae
378 1432 409 1487 in
428 1432 632 1488 universitate
685 1432 861 1488 oscoviensi
882 1440 913 1487 et
931 1432 1155 1489 celeberrimus
1176 1433 1389 1503 psychologus

138 1508 170 1557 et
198 1502 336 1571 scriptor
355 1502 487 1557 Russiae
515 1500 649 1572 scripsit,
678 1502 716 1558 ad
743 1501 973 1572 philosophiam
993 1509 1087 1573 atque
1111 1518 1205 1559 omne
1228 1502 1389 1557 doctrinae

139 1587 244 1641 genus
273 1572 388 1626 summi
416 1570 506 1640 pretii
536 1576 617 1627 sunt.
654 1571 817 1627 Obiectum
843 1587 953 1627 eorum
979 1571 1181 1642 praecipuum
1203 1578 1277 1627 sunt
1298 1578 1390 1627 meta·

139 1641 283 1765 phlysica,
309 1647 342 1695 ut
361 1641 598 1696 fundamentum
620 1640 835 1712 philosophiae
854 1647 885 1696 et
904 1641 1011 1711 logica,
1039 1641 1195 1709 imprimis
1215 1641 1390 1697 obiectivus

139 1728 160 1765 v
195 1726 233 1765 or
251 1716 378 1765 nostrae
397 1710 592 1779 cognitionis,
614 1716 647 1765 ut
660 1710 900 1768 tundamentum
914 1711 1018 1768 omnis
1034 1711 1188 1767 scientiae.
1208 1711 1245 1765 ln
1259 1712 1390 1767 articulo

140 1781 301 1835 »Anticum
320 1781 511 1848 dannocoipim
543 1778 670 1849 optimis
695 1780 891 1851 argumentis
916 1780 1123 1847 demonstrat,
1152 1781 1299 1836 veritates
1325 1780 1390 1835 uni·

137 1850 291 1915 versales,
311 1864 390 1919 quas
404 1848 558 1931 principia
578 1850 790 1919 metaphysica
811 1864 961 1905 vocamus
981 1850 1180 1921 (principium
1202 1849 1389 1905 identitatis:

137 1919 246 1975 omnis
267 1934 317 1973 res
336 1918 443 1985 estid,
462 1920 547 1988 quod
567 1924 663 1973 estet
683 1935 744 1973 non
764 1919 933 1989 quicquam
954 1919 1056 1985 aliud;
1077 1919 1264 1989 principium
1285 1934 1391 1974 cansa·

138 1988 254 2045 litatis:
275 1988 377 2043 omnis
397 1988 475 2043 actio
496 1989 590 2043 habet
604 2003 728 2044 causam
744 1994 773 2043 et
787 1989 890 2043 omnis
905 2004 998 2043 causa
1013 2004 1047 2043 sc
1061 1990 1239 2045 manifestat
1252 1988 1389 2055 actione3

139 2057 331 2128 principium
366 2057 654 2113 substantialitatis:
686 2059 772 2113 omni
803 2059 932 2122 actione,
961 2059 1185 2127 phaenomeno,
1219 2058 1390 2113 mutatione

138 2127 295 2199 aliquid
324 2126 397 2197 agit,
425 2142 458 2182 se
487 2126 672 2193 manifestat,
703 2134 850 2191 mutatur,
881 2128 1069 2197 principium
1098 2128 1243 2183 obiectivi
1273 2127 1390 2183 valoris

139 2204 270 2253 nostrae
289 2196 491 2265 cognitionis:
520 2196 733 2265 perfectiones
759 2212 839 2321 onae
865 2197 996 2266 physica
1015 2197 1200 2253 necessitate
1218 2198 1248 2251 in
1269 2198 1390 2251 obiecto

141 2272 386 2336 cognoscuntur,
411 2266 502 2321 etiam
523 2266 554 2320 in
580 2267 690 2321 ordine
710 2282 783 2321 reat
804 2268 881 2322 tales
901 2266 932 2321 in
952 2266 1072 2321 obiecto
1092 2271 1178 2329 sunt)
1204 2268 1318 2322 habere
1337 2268 1391 2321 oh-

139 2336 288 2391 iectivum
304 2336 452 2391 valorem.
467 2334 594 2405 Negatis
605 2336 655 2390 his
665 2337 733 2405 ipse
744 2336 918 2391 intellectus
932 2343 1108 2405 negaretur.
1125 2336 1389 2391 adversariorum

142 2404 316 2461 sententias
341 2410 448 2475 utpote
473 2404 558 2459 omni
582 2412 778 2475 argumento,
806 2406 883 2476 quin
908 2405 999 2461 etiam
1027 2406 1112 2461 omni
1132 2406 1337 2462 fundamento
1356 2405 1388 2460 in

140 2482 256 2531 natura
283 2474 457 2530 intellectus
485 2480 634 2541 carentes,
663 2491 724 2531 uon
754 2476 854 2531 solum
876 2474 1013 2530 ostendit
1038 2490 1108 2531 esse
1132 2475 1246 2541 futiles,
1275 2476 1330 2531 sed
1350 2490 1389 2530 ex

140 2544 223 2615 ipsis
241 2560 279 2599 ex
299 2550 387 2614 parte
412 2544 546 2599 adversa
571 2546 742 2614 propositis
766 2550 796 2599 et
814 2550 1000 2614 argumenta
1026 2544 1131 2610 sumit,
1160 2544 1277 2615 quihus
1298 2560 1387 2599 suain

142 2613 329 2669 sententiam
351 2614 524 2669 confirmat.

249 2684 395 2753 Loquens
414 2684 452 2739 de
474 2684 562 2748 Kant,
587 2685 717 2753 eiusque
736 2683 879 2737 doctrina
897 2683 935 2737 de
954 2682 1131 2753 cognitione
1150 2685 1269 2751 (laeuis
1289 2685 1388 2737 daura

141 2772 159 2809 o
179 2754 322 2807 noetianis
337 2768 365 2822 p.
380 2756 415 2819 1.)
436 2752 706 2809 subiectivismum
727 2753 802 2815 eius,
822 2769 885 2822 quo
903 2752 1130 2822 impossibilem
1151 2753 1266 2809 iudicat
1285 2754 1389 2823 cogni-

140 2822 259 2877 tionem
287 2838 391 2879 rerum
412 2823 443 2877 in
464 2838 505 2889 se,
534 2823 741 2893 cognitionem
766 2822 818 2877 Dei
839 2828 903 2886 etc,
929 2822 1032 2891 etqui
1052 2822 1083 2892 in
1104 2822 1327 2946 metaphysicis
1347 2828 1388 2877 te

140 2892 249 2961 gulam
271 2892 386 2947 nullam
408 2892 562 2962 relinquit,
583 2893 739 2961 reprobat,
767 2892 935 2963 ipsumque
956 2893 1037 2946 liant
1055 2892 1086 2946 in
1107 2892 1164 2947 hoc
1198 2892 1388 2947 undamento

142 2974 208 3017 non
229 2962 449 3031 permansisse,
476 2977 532 3017 nec
551 2961 905 3031 permanerepotuisse,
932 2961 1007 3015 dicit
1025 2964 1065 3030 (p.
1087 2964 1141 3028 12).
1179 2961 1388 3016 Nihilominus

138 3046 270 3101 operam
296 3031 364 3087 eius
390 3031 493 3101 magni
518 3030 670 3087 aestimat.
708 3030 788 3086 Kant
808 3031 889 3086 enim
910 3031 1056 3100 opinione
1076 3046 1132 3086 sua
1151 3032 1190 3086 de
1209 3030 1386 3101 cognitione

140 3100 370 3169 impossibilem
396 3100 534 3157 ostendit
559 3102 742 3156 sententiam
770 3101 907 3170 spatium
933 3108 963 3155 et
982 3107 1107 3170 tempus
1133 3116 1203 3155 esse
1230 3100 1385 3155 realitates

139 3170 305 3225 absolutas
325 3172 421 3227 rebus
440 3170 588 3227 omnihus
607 3169 862 3239 praeexistentes,
881 3171 963 3225 idem
983 3170 1129 3240 opinione
1145 3186 1202 3225 sua
1216 3170 1255 3224 de
1269 3169 1386 3224 unitate

140 3239 330 3309 cognitionis
351 3240 499 3295 unitatem
516 3239 634 3309 proprii
657 3240 756 3321 ›Ego‹
775 3240 916 3306 salvavit,
935 3240 1017 3294 idem
1037 3239 1266 3294 demonstravit
1285 3238 1389 3308 cogni·

140 3309 258 3363 tionem
284 3308 497 3365 doctrinarum
525 3309 684 3379 propriam
711 3309 937 3379 impossibilem
964 3324 1043 3372 esse,
1064 3309 1089 3363 si
1111 3308 1177 3362 sola
1199 3307 1391 3387 experientia

139 3378 334 3445 consulatur,
366 3384 421 3433 sed
446 3380 572 3435 adeam
599 3379 792 3434 necessarias
818 3394 890 3433 esse
908 3378 999 3433 etiam
1027 3378 1176 3433 veritates
1195 3376 1390 3431 universales

141 3449 183 3503 ab
202 3447 332 3517 empiria
351 3464 414 3505 non
433 3449 652 3519 dependentes.
692 3449 823 3519 Lopntin
851 3453 964 3515 censet,
991 3447 1137 3503 Kantium
1164 3448 1221 3501 hac
1240 3445 1387 3516 opinione

140 3517 182 3571 de
207 3518 416 3587 cognoscendi
441 3524 552 3574 nature
578 3518 810 3588 positivismum
840 3517 990 3572 radicitus
1016 3516 1243 3587 impossibilem
1270 3517 1390 3581 iecisse,

139 3587 201 3641 etsi
215 3602 290 3641 vera
309 3594 441 3654 nonest,
483 3594 615 3644 uatenus
636 3589 673 3643 ad
694 3587 962 3643 subiectivismnm
978 3586 1071 3642 ducit.
1092 3588 1288 3655 Qunrnquam
1310 3584 1391 3655 posi·

142 3656 290 3779 tirrismus
318 3663 348 3711 et
366 3657 442 3713 aliae
461 3606 563 3712 ‘laune
583 3658 719 3712 rationes
743 3658 802 3711 iam
824 3663 896 3712 ante
922 3656 1068 3711 Kantium
1097 3657 1226 3711 reiectae
1251 3662 1340 3711 erant
1359 3659 1390 3709 et

142 3733 304 3781 reutatae.

247 3795 326 3850 Vere
345 3794 566 3864 gratulandum
586 3802 635 3850 est
660 3795 781 3864 Roscia,
805 3795 890 3865 quod
918 3800 1067 3864 tempore,
1093 3810 1156 3864 quo
1177 3794 1302 3864 plurimi
1322 3793 1392 3849 uni·

143 3866 328 3920 versitatum
349 3864 547 3934 professores
567 3866 634 3933 ipsa
649 3864 853 3920 fundamenta
868 3864 938 3918 sani
951 3864 1124 3919 intellectus
1144 3870 1286 3919 evertere
1306 3863 1391 3917 moli·

145 3941 249 3999 untur,
264 3934 484 4015 philosophum
498 3936 576 3989 nacti
596 3941 670 3989 sulit
689 3934 935 3999 celeberrimum,
955 3934 1045 3988 cuius
1062 3950 1157 4017 opera
1180 3932 1392 4003 »philosophia

143 4018 306 4073 perennrsa
321 4004 518 4069 restituitur,
546 4004 648 4073 quiin
669 4004 794 4059 sublimi
818 4004 962 4057 scientiae
979 4004 1109 4070 fastigio
1129 4004 1221 4058 ctiam
1242 4018 1392 4072 superna·

140 4073 274 4197 turaletbr
293 4072 531 4197 lachimidoculum
551 4080 693 4143 apertum
714 4073 807 4128 habet
827 4072 1019 4141 profundam
1044 4072 1147 4129 iidem.
1253 4108 1274 4160 C
1298 4107 1348 4161 M

275 4158 321 4198 ee
345 4158 379 4197 ra
404 4160 432 4197 u.
1273 4149 1279 4162 ·
1350 4151 1356 4163 “

247 4236 411 4314 Episcopus
424 4231 587 4313 Arrenij,
614 4233 889 4308 homousianis
902 4252 927 4298 a
940 4233 1394 4315 nosorpatpianoncnopln

142 4318 382 4394 demanaret
416 4338 567 4405 nepam.
613 4318 718 4404 (tluae
750 4320 790 4387 de
821 4318 923 4386 rebus
954 4317 1125 4387 ccclesiae
1159 4315 1393 4387 uoldaricnsia

142 4406 274 4489 serinia
296 4404 391 4489 tini.)
415 4406 698 4495 O.-Henep6yprs.
726 4411 816 4467 1904.
840 4408 1015 4470 1.-xx11.
1031 4410 1131 4466 ÷·583.
1156 4410 1174 4465 3
1198 4407 1270 4493 pyt.

246 4496 302 4574 Ep.
318 4497 463 4554 Arsenius
482 4494 673 4573 (Stadinskij)
690 4494 760 4555 inde
784 4494 821 4553 ab
838 4516 863 4553 a.
880 4497 961 4553 1886
981 4494 1067 4576 rebus
1084 4495 1239 4562 historicis,
1263 4496 1394 4553 maxime

141 4604 212 4641 vero
238 4582 432 4641 Bessarabiae
467 4595 495 4641 et
528 4585 689 4641 Romaniae
725 4584 867 4641 ccclesiae
897 4581 1107 4640 dilucidandae
1141 4592 1170 4639 et
1201 4580 1394 4639 illustrandae

141 4669 246 4730 studet.
294 4670 370 4729 Prae
395 4672 500 4729 ceteris
533 4672 596 4728 eius
621 4670 777 4748 operibns:
815 4666 1010 4751 „I'sapinac
1036 4664 1396 4753 Romanam-Bononia,

140 4776 292 4840 sasapxn
317 4754 655 4829 Mc.r,ro·ll.nuaiircuilr
684 4754 913 4833 (laos-1812
936 4758 974 4816 nl
1006 4775 1027 4815 u
1058 4774 1304 4837 ntirpononnr‘e
1328 4752 1396 4815 ltn-
