3450 5342
862 491 1033 544 —lttl-

314 686 418 742 tatem
448 673 662 756 corporalem.
702 672 815 736 Ritum
845 693 866 736 a
896 693 919 738 s.
950 675 1068 740 Iacobo
1100 677 1337 756 praescriptum
1368 675 1551 740 ordinatum

314 765 415 828 luisse
438 761 481 826 ad
503 761 744 824 restitutionem
775 764 931 840 pristinae
955 764 1113 826 sanitatis.
1148 765 1254 838 Quare
1284 781 1360 826 cum
1383 781 1474 826 nunc
1496 762 1552 826 olei

315 851 428 914 unctio
451 865 517 912 non
540 847 684 928 expellat
707 849 871 919 morbum,
899 849 1073 912 dicendum
1097 869 1178 916 esse.
1203 850 1398 926 unctionem,
1428 847 1472 912 de
1495 865 1557 928 qua

313 939 381 1018 agit
415 955 439 1000 s.
467 934 615 1012 lacobus,
650 935 703 998 vel
737 935 836 998 luisse
872 936 1058 1015 symbolum
1093 937 1272 1000 curationis
1308 953 1364 1015 per
1395 936 1557 1000 charisma

314 1021 560 1098 miraculorum
592 1039 660 1102 quo
692 1020 880 1099 gaudebant
902 1024 996 1102 primi
1025 1023 1201 1100 christiani,
1235 1021 1286 1084 vel
1317 1022 1359 1086 ad
1390 1040 1560 1086 summum

315 1110 416 1174 fuisse
439 1117 689 1172 sacramentum
712 1119 963 1190 temporaneum
987 1111 1053 1172 iam
1076 1109 1201 1174 dudum
1225 1110 1417 1174 extinctum.
1439 1109 1561 1173 Scribit

316 1217 342 1263 e.
367 1216 411 1278 gr.
433 1195 591 1260 Calvinus
613 1195 648 1258 iu
670 1192 796 1259 Comm.
830 1214 880 1274 ep.
903 1215 927 1258 s.
951 1195 1071 1260 iacobi:
1111 1195 1220 1259 »Nihil
1252 1196 1427 1260 absurdius
1458 1213 1561 1276 quam

315 1291 562 1350 sacramentum
578 1299 705 1360 vocare,
728 1282 816 1361 quod
838 1283 936 1347 inane
960 1285 1002 1346 sit
1017 1302 1077 1347 nec
1099 1301 1170 1347 rem
1187 1284 1349 1362 signatam
1366 1299 1441 1348 vere
1465 1281 1561 1346 nobis

316 1371 441 1436 ollerat.
466 1369 595 1433 Donum
611 1369 793 1432 sanationis
809 1367 909 1432 luisse
933 1371 1122 1450 temporale,
1146 1367 1238 1434 lateri
1257 1387 1373 1434 omnes
1388 1379 1560 1449 coguntur,

316 1467 350 1522 et
372 1476 425 1521 res
448 1458 521 1537 ipsa
549 1454 767 1530 demonstran
803 1474 880 1536 ergo
903 1457 1033 1535 signum
1063 1459 1134 1520 eius
1164 1465 1359 1537 perpetuum
1389 1475 1463 1521 esse
1496 1473 1559 1518 non

314 1545 476 1624 oportuit:
513 1541 598 1606 unde
627 1543 783 1622 sequitur,
816 1561 883 1606 non
915 1559 1009 1608 veros
1039 1563 1110 1609 esse
1133 1545 1324 1624 imitatores,
1358 1543 1414 1607 sed
1447 1543 1569 1606 simias·

314 1649 387 1696 esse
403 1629 638 1708 apostolorum,
661 1629 717 1708 qui
735 1632 926 1696 unctionem
942 1632 1026 1696 inter
1049 1639 1255 1694 sacramenta
1276 1631 1373 1695 hodie
1388 1639 1563 1711 reponunt,

315 1719 377 1783 uisi
400 1715 554 1781 ellectum
570 1716 667 1779 simul
691 1718 874 1794 restituant,
898 1735 997 1796 quem
1014 1726 1091 1781 ante
1110 1735 1215 1780 annos
1230 1719 1314 1782 1400
1324 1718 1410 1782 Deus
1434 1714 1563 1780 mundo·

314 1804 476 1869 abstulit«
502 1802 572 1868 Iam
603 1821 680 1865 vero
712 1803 853 1881 theologi
883 1804 1060 1868 orientales
1089 1822 1154 1867 non
1187 1823 1283 1870 secus
1314 1823 1352 1868 ac
1385 1805 1478 1867 latini
1513 1821 1562 1866 re-

314 1891 486 1973 spondent,
520 1897 764 1954 sacramentum
786 1907 852 1952 non
887 1909 960 1956 esse
983 1891 1178 1969 institutum,
1210 1898 1245 1953 ut
1270 1909 1329 1954 nos
1359 1891 1477 1954 reddat
1501 1892 1563 1952 im-

315 1979 486 2055 mortales;
509 1985 657 2040 attamen
670 1995 728 2056 per
740 1978 978 2056 experientiam
1001 1987 1162 2051 constare,
1185 1977 1308 2040 multos
1322 1995 1383 2058 ope
1407 1976 1562 2042 coelestis

314 2065 497 2130 medicinae
521 2063 688 2129 euchelaei
704 2083 725 2126 a
739 2064 864 2128 morbis
888 2067 956 2128 suis
978 2063 1120 2142 liberari,
1142 2072 1175 2128 et
1196 2064 1387 2144 saepissime
1410 2061 1562 2126 infirmos

314 2151 599 2218 sacramentaliter
614 2152 767 2214 inunctos
783 2149 996 2215 manifestare
1008 2151 1127 2214 saltem
1144 2169 1299 2230 magnam
1315 2151 1561 2214 alleviationem

315 2257 380 2302 non
404 2237 513 2302 solum
536 2236 752 2319 spiritualem,
773 2237 831 2301 sed
854 2233 955 2302 etiam
978 2239 1193 2319 corporalem.
1224 2235 1343 2301 Scriblt
1365 2255 1390 2301 e.
1413 2256 1459 2316 gr.
1486 2255 1563 2316 pro-

314 2325 479 2390 tohiereus
508 2323 646 2389 Michael
681 2324 906 2402 Arbangelskij
942 2327 974 2388 in
1008 2319 1106 2406 opere
1133 2323 1173 2388 de
1204 2324 1390 2389 evolutione
1420 2326 1506 2387 ritus
1536 2343 1564 2384 s.

314 2413 378 2476 olei
403 2431 431 2491 p.
453 2411 519 2474 244
541 2431 577 2476 s:
606 2410 717 2474 »Nunc
739 2429 879 2491 quoque,
910 2410 1190 2490 quemadmodum
1221 2423 1368 2490 tempore
1391 2410 1582 2489 apostolo

313 2517 388 2561 rum
411 2509 444 2562 et
466 2516 549 2561 aevo
572 2496 785 2577 subsequenti
808 2517 833 2561 s.
856 2497 974 2563 Unctio
1006 2497 1105 2562 efficit
1129 2497 1262 2580 plenam
1285 2498 1516 2562 liberationem
1539 2515 1560 2558 a

315 2583 431 2649 morbo
469 2594 503 2647 et
538 2582 717 2666 perlectam
751 2586 935 2648 sanitatem.
983 2583 1050 2648 Hoc
1088 2591 1228 2650 testatur
1266 2583 1562 2649 reverendissimus

314 2671 477 2735 Macarius
505 2679 538 2733 et
568 2671 607 2736 de
640 2671 703 2734 bac
725 2689 760 2735 re
790 2674 884 2734 varia
908 2673 1097 2736 testimonia
1126 2673 1256 2752 scriptis
1285 2679 1362 2734 sunt
1393 2671 1561 2735 mandata.

315 2757 407 2823 Idem
441 2756 576 2838 quilibet
617 2773 814 2836 cognoscere
849 2767 956 2838 potest
991 2777 1032 2824 ex
1063 2777 1183 2838 magno
1218 2775 1355 2822 numero
1388 2756 1562 2832 lectorum,

316 2863 402 2925 quae
431 2845 572 2908 ministri
596 2846 794 2908 sacramenti
817 2853 851 2908 et
874 2845 1021 2909 subiecta
1044 2846 1095 2910 vel
1113 2845 1177 2918 alii
1199 2847 1255 2925 qui
1278 2865 1302 2908 s.
1326 2843 1433 2908 officio
1458 2846 1560 2908 inter-

317 2941 420 3007 erant,
452 2939 677 2996 narraverunt.
712 2930 745 2994 Si
770 2931 915 3010 perlecta
936 2933 1098 2996 restitutio
1122 2931 1273 2996 sanitatis
1296 2949 1361 2995 non
1384 2929 1562 3012 respondet

316 3018 462 3082 consiliis
485 3017 722 3094 Providentiae,
743 3026 857 3082 tamen
882 3037 980 3098 saepe
1003 3021 1108 3097 magis
1130 3020 1281 3082 minusve
1304 3017 1458 3082 diuturna
1481 3016 1563 3081 alle-

317 3107 418 3168 viatio
442 3125 462 3169 a
485 3103 652 3168 doloribus
675 3106 820 3183 corporis
843 3104 896 3168 vel
919 3107 1049 3168 animae
1077 3113 1211 3184 aegroto
1233 3105 1418 3184 contingit«
1453 3103 1561 3169 Facile

317 3191 451 3272 quidem
473 3191 693 3255 concedimus
710 3194 742 3254 in
758 3192 978 3271 singularibus
994 3193 1125 3256 casibus
1143 3209 1237 3272 posse
1254 3191 1389 3255 subesse
1405 3208 1558 3267 errorem,

315 3297 394 3343 cum
416 3278 581 3343 alleviatio
615 3287 690 3357 post
712 3298 736 3339 s.
760 3281 950 3343 unctionem
973 3280 1127 3343 eveniens
1150 3280 1225 3341 huie
1248 3279 1407 3342 tribuitur.
1443 3277 1559 3342 Sedsi

315 3365 411 3430 multi
434 3366 584 3444 theologi,
618 3365 678 3427 viri
702 3383 817 3442 graves
847 3374 880 3428 ct
903 3367 1048 3429 veritatis
1082 3367 1231 3444 studiosi,
1264 3372 1425 3442 asserunt,
1459 3381 1559 3445 saepe

315 3454 402 3516 hunc
424 3451 577 3516 ellectum
600 3451 757 3530 subsequi
779 3470 803 3514 s.
828 3453 936 3530 ritum,
971 3453 1079 3532 inepte
1101 3461 1313 3532 quaereretur
1336 3471 1439 3516 causa
1462 3459 1558 3514 natu·

314 3541 402 3616 ralis,
435 3557 520 3620 quae
542 3540 639 3602 toties
670 3556 727 3617 per
749 3538 902 3602 accidens
925 3556 1123 3602 concurrens
1146 3539 1292 3602 unctioni
1316 3536 1443 3603 felicem
1465 3537 1558 3601 illum

316 3624 459 3689 fructum
482 3625 683 3706 produceret.
707 3623 814 3700 Quare
838 3624 989 3688 dicimus:
1023 3626 1228 3706 Experientia
1253 3633 1333 3690 teste
1357 3625 1557 3689 euchelaeon

315 3733 336 3774 a
359 3712 585 3775 sacerdotibus
608 3711 821 3774 ecclesiarum
844 3711 985 3776 Orientis
1001 3721 1146 3777 acentro
1170 3713 1306 3777 unitatis
1330 3721 1558 3789 separatarum

314 3799 581 3861 administratum
616 3815 714 3878 saepe
737 3800 879 3862 restituit
901 3800 1078 3863 sanitatem
1101 3800 1152 3863 vel
1176 3800 1294 3863 saltem
1319 3799 1453 3880 praebet
1475 3798 1556 3862 alle-

315 3887 494 3948 viationem
518 3885 721 3964 spiritualem
744 3895 777 3948 et
799 3886 1013 3964 corporalem.
1037 3887 1136 3966 Atqui
1159 3893 1404 3951 sacramentum
1428 3885 1557 3950 nullum

315 3969 458 4035 fructum
492 3971 642 4050 producit
676 3973 736 4034 nisi
767 3973 873 4036 valide
908 3974 964 4036 sit·
984 3980 1160 4053 receptum.
1197 3971 1267 4037 Non
1303 3974 1502 4050 reciperetur
1525 3973 1557 4033 in

314 4057 446 4122 Oriente
470 4058 574 4120 valide
606 4059 815 4135 euchelaeon‚
846 4061 907 4122 nisi
931 4059 1112 4140 presbyteri
1135 4079 1191 4140 per
1214 4077 1414 4125 consensum
1438 4060 1557 4123 saltem

314 4145 453 4207 tacitum
476 4146 596 4207 summi
621 4144 783 4225 pontificis
811 4146 970 4210 haberent
993 4155 1190 4226 potestatem
1213 4144 1426 4211 benedicendi
1448 4145 1557 4208 oleum

313 4230 528 4294 infirmorum.
562 4230 644 4309 Ergo
667 4231 914 4296 concedendum
945 4243 1002 4310 est,
1038 4251 1094 4297 eos
1118 4235 1180 4296 hac
1212 4241 1374 4313 potestate
1403 4233 1558 4312 insigniri.

416 4317 529 4394 Quivis
551 4318 648 4396 videt,
683 4321 856 4383 veritatem
879 4319 1142 4383 demonstratam
1167 4339 1300 4400 gravem
1326 4318 1481 4400 praebere
1506 4336 1560 4382 ra-

313 4405 438 4468 tionem
462 4405 742 4485 pieexistimandi,
766 4407 872 4469 multa
893 4407 1043 4470 membra
1056 4407 1269 4472 ecclesiarum
1285 4406 1493 4470 orientalium
1517 4405 1558 4468 ab

313 4492 439 4554 unitate
452 4492 614 4555 catholica
629 4493 785 4569 seiuncta,
808 4512 893 4574 quae
909 4513 986 4556 cum
999 4495 1086 4556 bona
1102 4493 1165 4558 fide
1189 4501 1221 4558 et
1232 4495 1361 4556 sincera
1383 4491 1558 4556 devotione

313 4579 475 4658 rccipiunt
496 4580 527 4641 in
549 4579 612 4643 fine
636 4581 722 4643 vitae
746 4584 939 4660 mysterium
965 4582 1130 4660 piissimae
1154 4579 1396 4644 misericordiae
1419 4579 1557 4656 divinae,

310 4663 449 4729 feliciter
472 4685 543 4730 csse
567 4661 766 4746 perventura
786 4670 825 4732 ad
853 4677 982 4746 portum
1007 4678 1160 4732 aeternae
1185 4667 1308 4730 salutis.
1334 4701 1374 4710 -

1267 4749 1329 4817 Dr.
1351 4749 1384 4817 J.
1408 4749 1515 4815 Korn.
