3450 5342
876 367 911 374 -
940 334 980 389 itii
1005 368 1043 377 .-

333 518 502 573 identidem
516 517 634 572 crimini
642 516 902 573 dariauctoritate
913 519 1113 587 potissimum
1125 516 1347 573 nonnullorum
1360 515 1578 571 historicorum

335 586 588 658 protestantium,
612 587 676 656 qui,
701 587 804 641 minus
828 588 965 657 partium
992 588 1135 655 studiosi,
1154 586 1186 642 id
1205 592 1235 641 et
1253 600 1424 655 agnoscere
1443 590 1474 639 et
1494 584 1578 639 lateri

335 664 409 713 suut
428 656 591 726 compulsi,
611 656 797 711 ostenditur.
1448 722 1455 734 ·

437 729 461 782 3.
476 726 508 781 Ρ.
527 726 561 781 Κ.
581 725 713 792 Tadin,
735 726 987 783 Pozitivizam
1008 727 1017 781 i
1035 726 1317 783 racioualizam.
1333 724 1376 780 De
1407 724 1579 779 ositivismo

333 806 363 851 et
383 794 598 850 rationalismo
616 796 837 851 commentatio
856 796 996 851 nondum
1017 796 1055 851 ad
1077 796 1172 851 linem
1200 796 1353 864 perducta.
1380 740 1498 874 ssugaei
1517 808 1579 862 per-

334 864 434 921 currit
443 880 539 920 cursu
555 864 800 921 rationalismum
815 872 845 920 et
856 866 1089 935 positivismum
1112 864 1294 921 recentioris
1307 868 1467 932 temporis
1479 863 1579 917 Ardua

334 935 536 1001 problemata,
555 950 636 1003 quae
649 934 715 989 viro
728 935 811 989 serio
830 935 981 991 solvenda
996 940 1174 999 occurrunt,
1195 932 1427 1004 positivismurn
1447 939 1479 987 et
1493 931 1579 986 racio·

335 1004 502 1059 nalisruum
522 1019 579 1058 nec
595 1007 717 1059 solvere
737 1020 792 1059 nec
812 1004 935 1060 solvere
956 1020 1050 1074 posse
1078 1008 1282 1071 demonstrat,
1302 1002 1377 1073 quin
1396 1002 1496 1057 immo
1523 1002 1580 1055 ani·

335 1090 419 1129 mum
440 1073 649 1129 anxietatibus
669 1074 798 1143 replere,
826 1074 878 1143 qui
898 1075 929 1129 in
949 1074 1127 1145 cognitione
1147 1088 1240 1143 purae
1262 1072 1402 1127 veritatis
1422 1072 1580 1141 quiescere

334 1149 455 1198 tautum
498 1148 589 1197 otest.

436 1215 461 1267 4.
476 1158 513 1267 ἓ)
535 1212 569 1269 U.
588 1210 725 1281 Talija,
757 1212 1126 1267 Ohmerikanismu.
1155 1212 1199 1265 De
1218 1208 1472 1265 Arrrerieanismo.
1493 1208 1578 1264 Sum·

336 1282 441 1337 atatim
458 1281 554 1336 hicex
578 1280 644 1335 onit
657 1280 830 1337 doctrinam
850 1281 1223 1337 nomineAmericanismi
1242 1278 1437 1403 apflellatam,
1455 1294 1537 1349 quae
1549 1278 1579 1332 in

335 1352 477 1405 America
508 1366 526 1405 a
575 1350 936 1420 t1.Het¹-kel'1)rofecia
964 1358 1021 1405 est.
1059 1352 1194 1417 Fatetur,
1227 1350 1258 1404 P.
1312 1349 1405 1403 acher
1428 1364 1446 1401 o
1471 1349 1578 1402 timum

334 1422 472 1475 fortasse
482 1420 681 1489 propositum
695 1421 850 1488 habuisse,
868 1430 901 1476 ut
913 1436 1018 1476 veram
1032 1420 1212 1491 religionem
1224 1424 1407 1473 aversantes
1420 1434 1439 1472 a
1475 1417 1577 1473 siuum

336 1489 491 1544 Ecclesiae
501 1496 670 1556 revocaret,
684 1489 740 1544 sed
752 1492 953 1545 vehementer
964 1490 995 1545 iu
1008 1490 1057 1545 via
1069 1490 1204 1545 ineunda
1215 1503 1348 1553 errasse,
1365 1488 1481 1567 quippe
1503 1501 1579 1557 quae

334 1559 373 1613 ad
406 1559 547 1627 neganda
580 1559 729 1628 dogmata
757 1558 911 1615 Ecclesiae
943 1564 1026 1615 recto
1045 1560 1139 1615 ducat
1169 1557 1298 1613 tramite.
1325 1558 1495 1627 Praecipue
1526 1557 1580 1611 hoc

335 1629 531 1683 demonstrat
556 1627 699 1693 formula,
728 1644 822 1684 (uam
843 1629 1020 1699 Fcnsgrive
1039 1644 1097 1699 pro
1116 1628 1336 1683 convertendis
1361 1627 1399 1681 ad
1419 1626 1580 1681 ecclesiam

335 1698 507 1767 proposuit,
526 1698 688 1767 explicata:
712 1646 813 1753 »flans
831 1699 861 1753 la
880 1699 1058 1753 discussion
1077 1714 1152 1753 avec
1171 1698 1216 1752 les
1230 1696 1409 1757 dissidente.
1426 1695 1578 1765 neparlez

333 1768 413 1822 donc
433 1783 491 1837 pas
510 1768 549 1823 de
568 1768 687 1832 choses,
730 1768 760 1823 ui
779 1769 817 1822 ils
836 1784 875 1823 ne
896 1775 1032 1837 peuvent
1052 1783 1132 1823 vous
1150 1766 1324 1822 accordem.

436 1841 460 1892 5.
481 1838 513 1891 P.
533 1837 565 1892 U.
585 1838 638 1891 dr.
658 1784 793 1908 Taffija,
819 1837 919 1902 Quid
948 1837 1042 1893 mihi
1062 1843 1097 1891 et
1117 1836 1189 1891 tibi
1217 1836 1357 1891 mulier
1384 1834 1481 1914 ilcan.
1502 1836 1526 1914 2,
1545 1837 1580 1899 4.)

332 1907 442 1963 allatis
462 1906 558 1961 variis
584 1908 900 1975 interpretationibus,
919 1922 996 1977 quas
1025 1923 1042 1961 a
1062 1922 1138 1961 vero
1158 1906 1342 1961 remotiores
1362 1918 1432 1959 esse
1459 1904 1580 1967 iudicat,

333 1994 427 2048 verba
443 1998 481 2045 »st
494 1997 550 2060 spot
567 2000 614 2046 καὶ
632 2000 685 2047 σοι(
701 2007 771 2047 ease
785 1994 999 2049 hebraismum
1015 1975 1079 2082 ssn
1100 1974 1196 2068 *firm
1215 1992 1289 2047 dicit
1299 1997 1329 2047 et
1340 1991 1501 2046 reddenda
1513 2004 1580 2044 esse

334 2088 442 2211 {erbis
464 2087 572 2210 atquid
593 2088 661 2150 vis,
674 2088 767 2157 quid
785 2095 900 2158 optas
914 2104 930 2143 a
947 2104 1023 2143 me«
1047 2088 1114 2142 Hoc
1128 2104 1166 2143 ex
1180 2102 1215 2143 co
1230 2086 1396 2157 epluribus
1410 2087 1487 2141 loeis
1503 2087 1535 2139 i'.
1548 2084 1581 2139 Τ.

356 2172 466 2211 eurons
483 2162 538 2211 rat.

439 2228 463 2281 6.
494 2226 526 2280 Ρ.
556 2226 590 2281 ll.
620 2225 756 2297 Talija‚
793 2227 897 2281 Nekc
935 2226 1040 2283 misli
1072 2243 1090 2281 o
1119 2226 1280 2281 relormi
1315 2224 1578 2295 bogoslovnih

334 2295 492 2420 studiga.
511 2295 670 2359 Quaedam
691 2297 730 2350 de
751 2295 854 2351 studio
874 2295 1047 2365 theologiae
1066 2296 1287 2366 amplificando
1307 2303 1336 2350 et
1355 2295 1547 2363 corrigendo.

465 2365 641 2420 rolessores
661 2366 833 2435 theologiae
852 2365 948 2420 nimio
965 2365 1206 2435 praelectionum
1228 2380 1359 2420 numero
1370 2372 1444 2419 sunt
1454 2362 1579 2419 onerati.

334 2434 402 2489 Hoc
425 2434 556 2503 impedit
575 2434 714 2503 maxime,
732 2434 900 2505 quominus
920 2434 952 2489 in
971 2436 1126 2505 palaestra
1152 2435 1297 2491 litteraria
1316 2437 1401 2489 vires
1424 2432 1579 2500 adhibere,

332 2504 456 2574 ingenia
476 2519 617 2558 exercere
636 2511 760 2573 queant,
780 2506 841 2559 llut
860 2505 956 2574 igitur
975 2504 1193 2573 professorum
1213 2519 1365 2559 numerus
1385 2503 1417 2557 in
1428 2502 1578 2557 institutis

334 2573 517 2643 theologicis
546 2573 717 2642 augendus,
743 2580 797 2629 aut
825 2589 968 2629 »cursus«
991 2574 1041 2642 qui
1063 2581 1214 2629 vocantur
1245 2574 1401 2629 abolendi.
1422 2572 1513 2627 Prior
1531 2586 1578 2627 res

334 2650 464 2713 propter
483 2642 621 2697 rationes
641 2644 789 2698 omnibus
803 2650 903 2710 notas,
914 2644 1270 2699 nonvidetureventura
1285 2658 1372 2709 esse;
1392 2650 1580 2725 quapropter

333 2712 488 2835 posterior
512 2719 710 2836 procfflretur,
730 2712 760 2767 id
781 2713 867 2782 quod
887 2713 973 2768 nullo
993 2714 1087 2769 modo
1116 2712 1308 2770 studentium
1329 2713 1360 2767 in
1381 2711 1494 2767 studiis
1514 2726 1579 2781 pro

345 2789 446 2837 ectum
489 2796 539 2836 rae
562 2796 579 2837 e
602 2790 644 2836 ret
686 2814 690 2818 .

442 2797 487 2904 ΑΗ
508 2798 735 2919 qifaestionem.
762 2858 867 2907 utrum
900 2852 1058 2908 extensive
1077 2866 1116 2907 an
1136 2852 1267 2907 intesive
1294 2851 1495 2906 reformanda
1521 2850 1580 2904 sint

335 2919 439 2975 studia
460 2920 639 2989 theologica,
659 2921 834 2976 rationibus
854 2936 913 2991 pro
932 2927 1059 2991 utraque
1088 2921 1241 2977 sententia
1266 2920 1367 2976 allatis
1386 2928 1474 2975 etex
1497 2921 1579 2975 ensis

334 2988 466 3051 mediam
496 2993 580 3044 tenet
609 2990 707 3045 viam:
727 2995 858 3059 utraque
885 2990 1004 3046 ratione
1030 2991 1261 3061 procedendum
1289 3004 1373 3056 esse;
1401 3004 1462 3058 quc
1514 2988 1578 3044 lieri

334 3074 435 3129 posse,
456 3060 549 3114 ruodo
569 3074 606 3114 aa
623 3060 655 3113 iu
676 3060 809 3129 singulis
837 3058 914 3115 disci
938 3060 1010 3115 linis
1038 3076 1115 3129 quae
1139 3063 1170 3115 in
1189 3074 1340 3130 praesens
1369 3060 1472 3114 minus
1497 3058 1581 3113 utilia

336 3129 484 3183 videntur
510 3129 695 3183 omittantur
722 3136 776 3184 aut
806 3076 1039 3185 contragentur.
1072 3130 1181 3204 Studia
1206 3129 1420 3199 philosophica
1447 3129 1581 3183 maxime

335 3214 353 3252 a
373 3198 589 3253 sacerdotibus
609 3206 684 3253 sunt
702 3198 839 3266 colenda,
858 3198 929 3254 ideo
948 3200 979 3254 in
999 3215 1189 3270 unoquoque
1217 3200 1390 3269 theologico
1417 3198 1580 3253 scrniuaric

337 3267 479 3337 specialis
490 3267 638 3323 cathedra
646 3268 871 3337 philosophiae,
883 3269 1021 3324 seiuncta
1033 3270 1159 3324 omnino
1167 3286 1184 3324 a
1193 3268 1345 3393 theologia
1355 3268 1580 3337 fundamental!

336 3346 366 3393 et
385 3337 510 3407 speciali
530 3337 571 3391 sit
596 3342 728 3406 oportet.
755 3337 843 3393 Inter
870 3338 947 3392 alias
967 3353 1018 3393 res
1038 3340 1076 3393 ad
1098 3339 1202 3394 studia
1226 3338 1294 3393 alen
1319 3344 1386 3393 aet
1404 3337 1580 3393 adiuvanda

334 3407 558 3477 ingeniumque
570 3406 719 3463 iuvenum
735 3408 944 3462 exercendum
959 3414 1048 3477 aptas
1062 3408 1262 3463 cornmeudat
1283 3406 1478 3463 seminaria
1502 3421 1581 3477 quae

335 3477 484 3531 dicuntur
508 3482 538 3531 et
556 3476 713 3547 imprimis
732 3476 976 3546 disceptationes
990 3476 1188 3547 theologicas.
1213 3477 1365 3547 Linguam
1381 3476 1508 3531 latinam
1529 3478 1581 3531 im-

336 3546 447 3601 merito
466 3561 482 3600 e
502 3546 614 3601 studiis
635 3545 816 3615 theologicis
836 3546 1019 3601 submoveri
1038 3548 1191 3617 queritur;
1222 3549 1298 3617 quip
1322 3562 1339 3601 a
1357 3545 1492 3617 cognitio
1513 3562 1580 3626 pro-

335 3630 514 3685 gressuum,
533 3631 614 3685 quos
634 3615 739 3670 variae
759 3616 899 3670 nationes
918 3615 951 3670 in
970 3614 1082 3671 litteris
1096 3616 1277 3687 theologicis
1304 3615 1408 3671 aeiunt
1423 3614 1581 3669 diffieilior

336 3683 487 3763 redditur.
508 3684 628 3755 Lingua
641 3685 736 3740 latina
755 3684 884 3740 iamdiu
900 3691 1024 3741 mortua
1039 3685 1155 3741 nullius
1175 3685 1310 3741 nationis
1324 3686 1460 3755 linguam
1477 3686 1579 3741 rivam

333 3768 365 3807 m
385 3752 554 3808 ‹hscrimen
573 3770 623 3809 am
649 3755 710 3810 lius
731 3770 843 3809 vocare
862 3762 975 3823 potest.

440 3824 464 3878 7.
493 3822 525 3878 Ρ.
554 3823 589 3879 U.
649 3824 754 3889 ali'a,
791 3824 953 3879 »Senior
991 3824 1148 3879 Electae
1176 3829 1212 3878 et
1240 3824 1346 3878 natis
1378 3824 1489 3879 eius«.
1525 3822 1581 3878 Hic

338 3890 507 3946 ›Electam‹
538 3891 666 3947 Ioannis
686 3893 700 3946 I
738 3908 785 3963 ep.
806 3896 859 3961 t,1
882 3908 944 3949 non
964 3908 1034 3949 esse
1048 3910 1161 3949 nomen
1182 3908 1343 3963 personae,
1363 3893 1417 3947 sed
1437 3892 1582 3947 ecclesiae

335 3976 373 4014 ex
393 3966 541 4016 contextu
561 3962 696 4030 probare
716 3968 855 4019 conatur.
888 3964 1046 4027 Quaenam
1080 3964 1180 4031 luerit,
1209 3972 1293 4017 certo
1313 3968 1457 4018 constare
1481 3976 1521 4017 nc
1544 3970 1581 4017 at.

439 4032 464 4084 8.
483 4030 554 4086 P.U
583 4030 714 4101 Talija‚
736 4032 797 4086 »Et
816 4033 1008 4087 dederunt
1025 4032 1056 4087 ei
1079 4034 1211 4088 bibere
1231 4032 1365 4088 viuum
1387 4048 1466 4088 cum
1487 3979 1580 4087 fcffle

335 4100 451 4154 mixtu
460 4115 516 4154 me.
536 4100 777 4169 Discrepautiam
797 4102 880 4157 inter
905 4102 1105 4169 Matthaeum,
1124 4102 1178 4173 qui
1192 4117 1216 4159 c.
1235 4104 1278 4169 27,
1296 4101 1415 4157 atdicit
1437 4102 1580 4156 »viuum

335 4184 416 4224 cum
437 4169 530 4224 ielle
550 4170 738 4234 mixtum«,
757 4178 788 4224 et
808 4170 957 4239 Marcum,
977 4172 1031 4241 qui
1046 4188 1069 4225 c.
1092 4176 1132 4238 15,
1151 4173 1185 4227 23
1205 4178 1295 4225 vocat
1317 4172 1461 4226 »vinum
1491 4186 1583 4239 myr-

335 4239 507 4294 rhatum«
541 4254 728 4308 componere
748 4239 823 4296 vult.
844 4240 1052 4311 Interpretem
1074 4242 1228 4307 Matthaei,
1252 4241 1356 4311 quiin
1378 4246 1462 4296 textu
1484 4248 1580 4296 trans-

335 4325 464 4381 terendo
493 4325 567 4396 legit
585 4320 717 4401 Ἶῂκζῃ
745 4326 903 4382 erravisse
923 4327 997 4383 dicit
1027 4334 1058 4382 et
1076 4327 1316 4397 interpretatum
1343 4342 1412 4385 esse
1438 4331 1498 4395 ὅξος
1520 4331 1581 4395 μετὰ

335 4416 419 4493 going
436 4412 522 4482 quod
547 4413 713 4482 legendum
742 4419 810 4469 erat
828 4429 899 4469 cum
917 4414 994 4485 jod,
1014 4408 1065 4482 *1²12
1085 4398 1178 4487 gabr,
1198 4421 1228 4470 et
1248 4415 1443 4471 reddendum
1474 4412 1577 4469 verbis

339 4497 487 4538 »vinum
510 4482 772 4551 myrrhatum«
818 4499 875 4539 uae.
894 4483 1043 4554 leguntur
1062 4486 1146 4553 apud
1167 4484 1316 4539 Marcum.

442 4553 467 4607 9.
496 4552 529 4607 Ρ.
559 4552 593 4607 U.
622 4551 762 4621 Talija‚
791 4500 1086 4623 3re1igi0211i1n
1117 4553 1125 4607 i
1152 4554 1375 4635 socijalnim
1413 4552 1578 4631 idajarua

338 4621 466 4676 Leona
484 4621 636 4692 Tolstoj
647 4622 664 4675 i.
685 4621 729 4676 De
749 4623 912 4677 sententiis
933 4623 1086 4691 religiosis
1099 4631 1129 4679 et
1144 4623 1311 4678 socialibus
1326 4623 1439 4678 Leonis
1454 4622 1578 4690 TolstoJ.

1416 5142 1672 5297 «ΜΛ.
