3450 5342
899 453 1069 507 ...95-

306 706 311 713 ¹
357 640 434 699 Prae
456 641 580 719 penuria
601 640 824 718 gymnasiorum
846 638 885 698 ad
908 641 1068 699 seminaria
1090 638 1285 697 admittuntur
1300 639 1420 697 alumni.
1443 640 1494 716 qui
1519 640 1603 695 vixi
1689 698 1690 711 ,

359 727 468 786 classes
484 726 686 806 gymnasialcs
702 727 870 787 finiverunt.
893 726 951 785 Per
967 748 998 785 sc
1014 736 1096 804 patet
1111 746 1209 784 coram
1228 724 1410 783 auditoribus
1430 736 1491 783 tam
1505 744 1603 803 parum
1689 722 1690 745 ¹

361 814 543 892 praeparatis
567 834 622 871 nec
653 812 873 891 philosophiam
897 832 951 872 nec
974 812 1153 891 theologiam
1176 812 1339 871 scientifice
1371 814 1490 871 tractari
1515 832 1605 891 posse.

360 901 485 978 lusuper
507 908 570 958 tum
593 902 624 958 in
647 901 815 959 seminariis
837 909 899 959 tum
923 902 954 959 in
977 898 1130 959 academia
1144 900 1361 977 petropolitana
1373 897 1506 957 methodi
1522 898 1605 956 valde

361 987 496 1045 exoletae
530 986 681 1065 hucusque
722 989 834 1063 rigent,
873 1007 968 1064 neque
998 984 1085 1045 facile
1113 987 1220 1045 mutari
1259 998 1389 1065 possunt,
1423 1006 1491 1043 cum
1513 987 1606 1043 omnis

361 1075 588 1132 communicatio
616 1094 682 1132 cum
705 1072 791 1132 docto
814 1072 978 1134 Occidente
1000 1070 1213 1151 professoribus
1236 1072 1386 1151 hucusque
1408 1087 1486 1131 esset
1520 1074 1606 1130 iuter·

360 1155 490 1241 dicta2).
535 1161 670 1237 Exiguus
692 1180 831 1220 numerus
853 1158 1047 1231 sacerdotum,
1078 1162 1127 1239 qui
1152 1162 1271 1239 insuper
1298 1180 1385 1239 supra
1408 1161 1487 1217 vires
1510 1157 1606 1216 labore

360 1247 501 1325 pastorali
524 1258 694 1323 gravantur,
716 1256 746 1305 ct
768 1246 905 1306 absentia
928 1249 1023 1306 omnis
1046 1248 1259 1317 assumtionis,
1291 1267 1366 1325 quac
1389 1247 1503 1304 litteras
1527 1246 1606 1303 theo-

360 1335 472 1413 logicas
505 1343 685 1413 promoveat,
725 1333 938 1412 impossibilem
984 1333 1111 1393 reddunt
1150 1354 1336 1411 progressum
1376 1335 1406 1391 in
1443 1333 1606 1391 litteratura
1690 1392 1691 1417 ,

362 1421 536 1499 theologica
559 1423 673 1479 Auctor
695 1421 787 1479 multa
806 1420 906 1479 media
925 1423 1061 1499 proponit
1084 1420 1121 1479 ad
1145 1422 1304 1479 seminaria
1324 1418 1510 1478 reformanda
1541 1418 1606 1477 edn-
1690 1450 1691 1469 1

361 1509 566 1585 cationemque
585 1509 655 1566 cleri
675 1506 859 1565 elevandam.
880 1510 910 1566 δί
931 1510 997 1586 quis
1015 1506 1208 1567 occidentalis
1230 1506 1318 1565 homo
1342 1518 1449 1566 statum
1469 1507 1607 1565 ccclesiae

362 1594 535 1664 catholicae,
547 1596 692 1672 imprimis
707 1594 873 1653 scholarum
889 1594 1154 1653 ecclesiasticarum
1169 1596 1199 1652 in
1215 1594 1340 1653 Polonia
1356 1596 1474 1656 russica.
1491 1612 1608 1667 cognos-

363 1701 430 1739 cere
452 1683 560 1759 cupiot,
583 1684 860 1741 commentationem
884 1682 918 1741 ll.
942 1682 980 1742 D.
1004 1682 1131 1740 Fulmen
1155 1682 1253 1758 legere
1276 1679 1358 1739 velit.
1383 1712 1421 1722 —

468 1813 641 1881 Kronilra
665 1814 849 1901 Dyecezyi
871 1814 1130 1903 Przcmyslciej,
1161 1840 1236 1899 quae
1260 1818 1297 1878 ab
1321 1842 1346 1878 a.
1373 1822 1452 1878 1901
1488 1818 1609 1896 simois

363 1906 514 1965 mensibus
536 1905 641 1974 editur,
665 1917 782 1985 practer
804 1928 850 1965 res
873 1928 911 1965 ex
934 1908 1031 1965 officio
1054 1906 1226 1985 publicatas,
1256 1918 1289 1965 ut
1312 1907 1429 1965 decreta
1453 1912 1483 1965 S.
1518 1904 1607 1967 Sedis

363 1992 565 2052 ordinationes
599 1994 781 2073 episcopales
814 2003 844 2051 ct
880 2014 963 2053 casus
996 1994 1151 2073 pastoralis
1180 1996 1290 2073 praxis.
1325 1996 1355 2052 in
1388 2008 1470 2072 parte
1506 1994 1609 2050 litteris

363 2080 513 2139 destinata
536 2079 574 2137 ab
596 2082 683 2139 initio
705 2082 802 2159 coepit
830 2079 981 2159 publicare
1013 2081 1166 2139 historiam
1200 2080 1369 2140 dioeceseos
1400 2080 1609 2159 premisliensis
1691 2140 1692 2161 ἶ

364 2169 438 2225 ritus
460 2164 567 2224 latini:
597 2168 741 2243 Daieje
771 2168 976 2247 llyecezyi
1011 2168 1288 2247 Praemyskiej
1314 2167 1367 2227 ob.
1396 2166 1474 2227 lac..
1498 2186 1609 2245 percur-

364 2252 457 2311 rendo
489 2253 695 2331 chronologice
729 2254 861 2331 singulos
884 2258 1045 2333 episcopos,
1076 2258 1126 2333 qui
1162 2255 1238 2313 hanc
1271 2255 1427 2313 ecclesiam
1461 2253 1608 2330 regebant.

364 2341 455 2399 Anno
478 2342 612 2418 proxime
634 2342 735 2419 elapso
757 2340 906 2421 descripta
929 2353 973 2399 est
993 2340 1124 2411 historia,
1147 2362 1222 2420 quac
1239 2341 1427 2403 intervallum
1444 2342 1607 2400 α.1ῖ3ῖ-

368 2429 449 2485 1786
474 2437 595 2505 spectat.
618 2430 730 2487 Auctor
752 2428 956 2487 chronicorum
980 2429 1080 2489 multis
1104 2428 1234 2488 fontibus
1253 2428 1460 2493 archivisticis,
1484 2426 1608 2495 nondum

366 2512 463 2586 editis,
485 2534 555 2572 usus
578 2527 631 2573 cst.
656 2548 694 2557 -
719 2514 790 2573 Alia
812 2514 982 2594 publicatio,
1005 2536 1092 2595 quam
1116 2535 1344 2575 commemorare
1366 2515 1462 2580 liceat,
1493 2528 1537 2573 ost
1559 2514 1609 2571 De

365 2600 731 2660 visitationibus
767 2603 1081 2680 pastoralibus
1112 2602 1608 2679 tlrdina1iilocieiusqueepiscopi

366 2689 529 2759 auxiliaris,
551 2708 590 2746 ex
614 2708 671 2767 qua
694 2699 787 2747 status
806 2688 964 2749 modernus
994 2690 1212 2749 ecclesiasticae
1234 2690 1315 2748 vitae
1337 2691 1368 2747 in
1400 2689 1452 2747 illa
1486 2688 1609 2746 dioecesi

366 2776 553 2853 aliquatenus
574 2777 712 2853 cognosci
734 2784 839 2854 potest.
859 2810 898 2819 -
916 2778 999 2836 lnter
1013 2776 1163 2836 dioeceses
1182 2778 1314 2835 omnium
1328 2776 1472 2835 Poloniae
1488 2777 1608 2853 partium

367 2861 430 2919 sola
451 2862 666 2939 premislieusis
688 2878 741 2932 est,
764 2882 839 2941 quae
860 2866 994 2942 proprias
1017 2862 1221 2941 ephemerides
1237 2862 1428 2923 dioecesanas
1451 2861 1549 2921 habet.
1569 2894 1609 2903 -

1370 2944 1403 3011 J.
1434 2943 1569 3012 Urhan.

472 3080 656 3167 Przequd
690 3080 891 3169 Kodct'eltty
923 3088 1019 3147 editur
1048 3090 1217 3149 Poscaniae
1247 3088 1284 3147 ab
1318 3110 1344 3150 a.
1377 3090 1460 3147 1902
1492 3086 1611 3164 ungulis

369 3172 527 3232 mensibus.
550 3172 624 3232 Red.
654 3174 686 3231 X
727 3174 886 3233 Stauislaw
917 3175 1130 3250 Okoniewski3
1160 3178 1286 3255 pretium
1316 3176 1540 3253 subscriptionis
1575 3174 1609 3231 12

369 3278 542 3318 marcarum.
565 3260 713 3319 Fasciculi
739 3263 843 3319 7-12
857 3257 884 3338 3)
908 3272 1018 3321 tomum
1043 3264 1127 3321 VIII.
1150 3264 1311 3323 ell'ormaut.
1336 3263 1372 3321 ln
1396 3263 1451 3321 hoc
1467 3272 1545 3320 tomo
1561 3260 1611 3320 Ks.

368 3345 548 3426 Arkadyusn
593 3346 777 3407 Lisiecki
825 3349 947 3407 ulterius
985 3352 1182 3408 communicat
1224 3352 1450 3427 catalogum
1497 3368 1611 3406 mann·

368 3455 381 3492 s
394 3453 410 3491 c
422 3436 457 3491 ri
471 3454 490 3511 p
503 3442 514 3491 t
526 3455 543 3492 o
555 3454 570 3491 r
581 3455 646 3504 um,
681 3455 756 3513 quae
785 3437 817 3493 in
840 3434 1021 3495 bibliotheca
1044 3438 1194 3495 seminarii
1218 3436 1386 3495 dioecesani
1409 3436 1612 3515 posnaniensis

368 3523 567 3586 inveniuntur,
598 3542 625 3599 p.
650 3522 1051 3581 47.117.-Ks.Czestaw
1075 3524 1291 3583 Meissuer:
1315 3524 1530 3583 Patrouat
1553 3522 1613 3579 lco-

368 3606 552 3686 dciclny
575 3629 600 3663 w
624 3608 802 3667 surietle
833 3610 1451 3689 powszcchnegopruskiego
1475 3629 1612 3687 praua

368 3693 444 3751 lrra
451 3695 464 3768 j
480 3714 621 3771 onega
667 3696 726 3771 (lle
772 3698 833 3754 iurc
879 3706 1050 3775 patronatus
1096 3700 1179 3755 iuncta
1211 3700 1257 3755 ius
1302 3698 1390 3755 civile
1423 3692 1613 3772 borussicum)

369 3780 523 3857 reliquum,
547 3802 574 3858 p.
599 3784 648 3844 38.
667 3785 736 3850 113,
754 3785 825 3850 209,
842 3785 913 3855 392,
930 3786 1001 3842 tot.
1020 3818 1059 3829 -
1076 3784 1130 3843 Ks.
1147 3783 1189 3842 dr.
1212 3784 1370 3843 Stanislaw
1393 3784 1420 3843 'l'
1433 3782 1613 3841 raeciuk:

370 3864 1069 3948 ChrystusPanawspdlezeiui
1092 3891 1152 3929 mu
1175 3869 1326 3929 ludzie
1350 3870 1614 3945 (ChristusDomi·

296 3952 299 3957 ’
371 3970 426 4011 uus
448 3962 537 4029 atque
560 3953 703 4022 homines,
734 3959 784 4034 qui
807 3955 911 4015 cadom
936 3968 1032 4015 aetate
1056 3958 1193 4033 fuerunt).
1222 3958 1356 4017 Censura
1378 3958 1464 4015 huius
1486 3955 1611 4035 opusculi

371 4037 490 4096 dabitur
512 4041 598 4100 iufra.
623 4074 662 4085 -
686 4043 812 4120 Insuper
833 4053 955 4122 coeptae
985 4054 1052 4103 sunt
1085 4044 1231 4123 publicari
1254 4044 1329 4103 duae
1352 4043 1456 4103 doctae
1479 4043 1613 4102 disserta·

370 4126 467 4183 tiones
490 4146 549 4184 non
572 4130 656 4203 parvi
680 4132 830 4198 momenti,
852 4132 1012 4191 nimirum:
1037 4132 1142 4211 Spdr
1170 4152 1187 4189 o
1214 4130 1522 4209 pochodzeuie
1555 4150 1613 4207 ga·

371 4222 446 4270 tun
458 4211 479 4269 k
490 4214 506 4270 ό
518 4233 545 4268 w
568 4211 791 4293 (Controversia
805 4216 843 4275 de
867 4226 930 4275 ortu
946 4213 1122 4299 specierum)
1137 4226 1255 4277 auctore
1271 4216 1313 4280 dr.
1330 4218 1477 4277 Casimiro
1501 4217 1540 4272 ll*
1552 4237 1569 4274 a
1580 4218 1589 4272 i
1601 4235 1612 4271 s

371 4296 413 4377 (p.
436 4300 508 4369 341,
531 4298 608 4377 446)
630 4313 658 4358 et
683 4302 893 4383 Kwestya
924 4306 1017 4362 unii
1053 4304 1272 4364 Kodciol'a
1306 4302 1611 4379 wsebodnicgo

372 4386 669 4445 azaclrodnim
694 4408 740 4447 na
763 4388 943 4448 soborze
966 4390 1276 4449 koustanclrim
1299 4390 1360 4469 (De
1383 4390 1502 4450 Unione
1524 4390 1612 4447 eccle-

438 4584 460 4653 ¹)
481 4584 690 4655 Sacerdotibus,
729 4590 756 4643 ui
769 4596 850 4646 extra
867 4588 938 4646 fines
950 4592 1071 4649 Russiae
1089 4607 1198 4647 cursum
1217 4592 1406 4663 theologicum
1426 4592 1607 4653 absolverant,

477 4671 533 4710 non
552 4655 658 4712 licebat
674 4664 721 4713 eat
741 4658 823 4715 edras
841 4660 870 4715 iu
884 4660 1040 4718 seminariis
1049 4662 1227 4719 dioecesanis
1245 4662 1381 4719 obtinere.
1405 4662 1503 4717 Nota
1520 4658 1577 4715 rel.

439 4723 461 4793 ⁸)
481 4723 539 4781 Gir.
557 4731 682 4782 nostrum
700 4728 873 4797 periodicum
891 4730 968 4786 1905.
986 4732 1028 4787 20.
1046 4734 1089 4789 68.
1109 4732 1168 4789 110.
