<?xml version="1.0" encoding="UTF-8"?>
<!DOCTYPE html PUBLIC "-//W3C//DTD XHTML 1.0 Transitional//EN"
    "http://www.w3.org/TR/xhtml1/DTD/xhtml1-transitional.dtd">
<html xmlns="http://www.w3.org/1999/xhtml" xml:lang="en" lang="en">
 <head>
  <title>
</title>
<meta http-equiv="Content-Type" content="text/html;charset=utf-8" />
  <meta name='ocr-system' content='tesseract 3.04.00' />
  <meta name='ocr-capabilities' content='ocr_page ocr_carea ocr_par ocr_line ocrx_word'/>
</head>
<body>
  <div class='ocr_page' id='page_1' title='image "./slavorumlittera00unkngoog_0468.png"; bbox 0 0 3450 5342; ppageno 0'>
   <div class='ocr_carea' id='block_1_1' title="bbox 904 403 1097 454">
    <p class='ocr_par' dir='ltr' id='par_1_1' title="bbox 904 403 1097 454">
     <span class='ocr_line' id='line_1_1' title="bbox 904 403 1097 454; baseline 0.021 -8"><span class='ocrx_word' id='word_1_1' title='bbox 904 431 945 440; x_wconf 89' lang='lat'><em>-</em></span> <span class='ocrx_word' id='word_1_2' title='bbox 973 403 1032 454; x_wconf 84' lang='lat' dir='ltr'>ltltl</span> <span class='ocrx_word' id='word_1_3' title='bbox 1057 431 1097 440; x_wconf 86' lang='lat'>--</span> 
     </span>
    </p>
   </div>
   <div class='ocr_carea' id='block_1_2' title="bbox 369 585 1620 1794">
    <p class='ocr_par' dir='ltr' id='par_1_2' title="bbox 376 585 1620 758">
     <span class='ocr_line' id='line_1_2' title="bbox 376 585 1620 665; baseline 0.002 -26"><span class='ocrx_word' id='word_1_4' title='bbox 376 589 405 641; x_wconf 61' lang='grc' dir='ltr'>ὃ.</span> <span class='ocrx_word' id='word_1_5' title='bbox 440 585 560 642; x_wconf 87' lang='lat' dir='ltr'>Ioannis</span> <span class='ocrx_word' id='word_1_6' title='bbox 594 587 690 642; x_wconf 76' lang='lat' dir='ltr'>ali&#39;mri</span> <span class='ocrx_word' id='word_1_7' title='bbox 726 598 828 663; x_wconf 78' lang='lat' dir='ltr'>potest,</span> <span class='ocrx_word' id='word_1_8' title='bbox 852 585 1012 644; x_wconf 86' lang='lat' dir='ltr'>tenendum</span> <span class='ocrx_word' id='word_1_9' title='bbox 1047 599 1099 651; x_wconf 78' lang='lat' dir='ltr'>cst,</span> <span class='ocrx_word' id='word_1_10' title='bbox 1135 585 1210 665; x_wconf 89' lang='lat' dir='ltr'>quod</span> <span class='ocrx_word' id='word_1_11' title='bbox 1247 599 1389 652; x_wconf 80' lang='lat' dir='ltr'>narratur,</span> <span class='ocrx_word' id='word_1_12' title='bbox 1425 587 1502 644; x_wconf 88' lang='lat' dir='ltr'>lianc</span> <span class='ocrx_word' id='word_1_13' title='bbox 1527 587 1620 644; x_wconf 81' lang='lat' dir='ltr'>fnisse</span> 
     </span>
     <span class='ocr_line' id='line_1_3' title="bbox 376 672 852 758; baseline 0.002 -30"><span class='ocrx_word' id='word_1_14' title='bbox 376 672 507 748; x_wconf 80' lang='lat' dir='ltr'>sigillum</span> <span class='ocrx_word' id='word_1_15' title='bbox 532 673 734 730; x_wconf 70' lang='lat' dir='ltr'>confessionis.</span> <span class='ocrx_word' id='word_1_16' title='bbox 841 740 852 758; x_wconf 44' lang='lat' dir='ltr'>r</span> 
     </span>
    </p>

    <p class='ocr_par' dir='ltr' id='par_1_3' title="bbox 373 758 1619 1098">
     <span class='ocr_line' id='line_1_4' title="bbox 481 758 1619 838; baseline 0 -22"><span class='ocrx_word' id='word_1_17' title='bbox 481 758 527 816; x_wconf 75' lang='lat' dir='ltr'>ab</span> <span class='ocrx_word' id='word_1_18' title='bbox 552 759 607 816; x_wconf 88' lang='lat' dir='ltr'>hac</span> <span class='ocrx_word' id='word_1_19' title='bbox 631 763 802 836; x_wconf 80' lang='lat' dir='ltr'>quaestioni·</span> <span class='ocrx_word' id='word_1_20' title='bbox 827 758 860 821; x_wconf 70' lang='lat' dir='ltr'>S,</span> <span class='ocrx_word' id='word_1_21' title='bbox 885 763 989 817; x_wconf 85' lang='lat' dir='ltr'>transit</span> <span class='ocrx_word' id='word_1_22' title='bbox 1009 759 1045 818; x_wconf 86' lang='lat' dir='ltr'>ad</span> <span class='ocrx_word' id='word_1_23' title='bbox 1071 763 1281 838; x_wconf 69' lang='lat' dir='ltr'>quaestionem,</span> <span class='ocrx_word' id='word_1_24' title='bbox 1310 759 1426 837; x_wconf 89' lang='lat' dir='ltr'>quando</span> <span class='ocrx_word' id='word_1_25' title='bbox 1449 781 1472 816; x_wconf 83' lang='lat' dir='ltr'>s.</span> <span class='ocrx_word' id='word_1_26' title='bbox 1498 759 1537 816; x_wconf 90' lang='lat' dir='ltr'>lo.</span> <span class='ocrx_word' id='word_1_27' title='bbox 1561 759 1619 816; x_wconf 73' lang='lat' dir='ltr'>Nc-</span> 
     </span>
     <span class='ocr_line' id='line_1_5' title="bbox 378 846 1619 924; baseline 0.002 -25"><span class='ocrx_word' id='word_1_28' title='bbox 378 865 558 922; x_wconf 82' lang='lat' dir='ltr'>pomuccnus</span> <span class='ocrx_word' id='word_1_29' title='bbox 583 849 690 903; x_wconf 77' lang='lat' dir='ltr'>vixerit</span> <span class='ocrx_word' id='word_1_30' title='bbox 715 860 742 903; x_wconf 82' lang='lat' dir='ltr'>rt</span> <span class='ocrx_word' id='word_1_31' title='bbox 767 846 895 904; x_wconf 83' lang='lat' dir='ltr'>iistciidit</span> <span class='ocrx_word' id='word_1_32' title='bbox 919 868 1045 904; x_wconf 87' lang='lat' dir='ltr'>crmrcm</span> <span class='ocrx_word' id='word_1_33' title='bbox 1070 847 1194 906; x_wconf 89' lang='lat' dir='ltr'>inlinila</span> <span class='ocrx_word' id='word_1_34' title='bbox 1216 847 1447 905; x_wconf 78' lang='lat' dir='ltr'>canonizationis</span> <span class='ocrx_word' id='word_1_35' title='bbox 1472 863 1619 924; x_wconf 86' lang='lat' dir='ltr'>receptum</span> 
     </span>
     <span class='ocr_line' id='line_1_6' title="bbox 373 931 1613 1011; baseline 0.002 -23"><span class='ocrx_word' id='word_1_36' title='bbox 373 931 410 989; x_wconf 88' lang='lat' dir='ltr'>de</span> <span class='ocrx_word' id='word_1_37' title='bbox 433 953 519 995; x_wconf 72' lang='lat' dir='ltr'>ariao,</span> <span class='ocrx_word' id='word_1_38' title='bbox 543 954 599 1010; x_wconf 90' lang='lat' dir='ltr'>quo</span> <span class='ocrx_word' id='word_1_39' title='bbox 630 932 797 991; x_wconf 81' lang='lat' dir='ltr'>submersus</span> <span class='ocrx_word' id='word_1_40' title='bbox 820 937 856 990; x_wconf 82' lang='lat' dir='ltr'>sit</span> <span class='ocrx_word' id='word_1_41' title='bbox 883 939 987 997; x_wconf 68' lang='lat' dir='ltr'>itura„</span> <span class='ocrx_word' id='word_1_42' title='bbox 1011 955 1068 1011; x_wconf 90' lang='lat' dir='ltr'>quo</span> <span class='ocrx_word' id='word_1_43' title='bbox 1094 934 1223 992; x_wconf 78' lang='lat' dir='ltr'>Paduam</span> <span class='ocrx_word' id='word_1_44' title='bbox 1247 937 1328 991; x_wconf 80' lang='lat' dir='ltr'>vonit</span> <span class='ocrx_word' id='word_1_45' title='bbox 1365 933 1613 1011; x_wconf 82' lang='lat' dir='ltr'>inrisprndcntiac</span> 
     </span>
     <span class='ocr_line' id='line_1_7' title="bbox 373 1018 1425 1098; baseline 0 -21"><span class='ocrx_word' id='word_1_46' title='bbox 373 1018 528 1081; x_wconf 80' lang='lat' dir='ltr'>studiosus,</span> <span class='ocrx_word' id='word_1_47' title='bbox 552 1020 615 1076; x_wconf 91' lang='lat' dir='ltr'>ioco</span> <span class='ocrx_word' id='word_1_48' title='bbox 641 1023 744 1080; x_wconf 67' lang='lat' dir='ltr'>intuli.</span> <span class='ocrx_word' id='word_1_49' title='bbox 771 1021 844 1078; x_wconf 88' lang='lat' dir='ltr'>iiiiiil</span> <span class='ocrx_word' id='word_1_50' title='bbox 869 1025 1015 1098; x_wconf 77' lang='lat' dir='ltr'>pertineri·</span> <span class='ocrx_word' id='word_1_51' title='bbox 1040 1020 1076 1078; x_wconf 81' lang='lat' dir='ltr'>ail</span> <span class='ocrx_word' id='word_1_52' title='bbox 1102 1023 1161 1078; x_wconf 74' lang='lat' dir='ltr'>clm</span> <span class='ocrx_word' id='word_1_53' title='bbox 1185 1023 1425 1078; x_wconf 84' lang='lat' dir='ltr'>canonizationis.</span> 
     </span>
    </p>

    <p class='ocr_par' dir='ltr' id='par_1_4' title="bbox 369 1107 1620 1794">
     <span class='ocr_line' id='line_1_8' title="bbox 477 1107 1618 1186; baseline 0 -24"><span class='ocrx_word' id='word_1_54' title='bbox 477 1107 581 1164; x_wconf 62' lang='lat' dir='ltr'>(fultus</span> <span class='ocrx_word' id='word_1_55' title='bbox 615 1129 636 1164; x_wconf 83' lang='lat' dir='ltr'>s.</span> <span class='ocrx_word' id='word_1_56' title='bbox 672 1107 792 1164; x_wconf 69' lang='lat' dir='ltr'>ioannis</span> <span class='ocrx_word' id='word_1_57' title='bbox 827 1109 1027 1186; x_wconf 78' lang='lat' dir='ltr'>Nepomuccni</span> <span class='ocrx_word' id='word_1_58' title='bbox 1054 1109 1231 1186; x_wconf 34' lang='lat' dir='ltr'>&#39;testimonia</span> <span class='ocrx_word' id='word_1_59' title='bbox 1266 1110 1387 1185; x_wconf 88' lang='lat' dir='ltr'>antiqua</span> <span class='ocrx_word' id='word_1_60' title='bbox 1422 1109 1493 1164; x_wconf 82' lang='lat' dir='ltr'>satis</span> <span class='ocrx_word' id='word_1_61' title='bbox 1527 1108 1618 1164; x_wconf 88' lang='lat' dir='ltr'>mulia</span> 
     </span>
     <span class='ocr_line' id='line_1_9' title="bbox 372 1194 1618 1272; baseline 0.001 -24"><span class='ocrx_word' id='word_1_62' title='bbox 372 1206 487 1250; x_wconf 80' lang='lat' dir='ltr'>extant:</span> <span class='ocrx_word' id='word_1_63' title='bbox 511 1196 560 1270; x_wconf 94' lang='lat' dir='ltr'>qui</span> <span class='ocrx_word' id='word_1_64' title='bbox 585 1215 683 1265; x_wconf 65' lang='lat' dir='ltr'>rcgmn</span> <span class='ocrx_word' id='word_1_65' title='bbox 708 1217 765 1253; x_wconf 90' lang='lat' dir='ltr'>non</span> <span class='ocrx_word' id='word_1_66' title='bbox 790 1195 995 1272; x_wconf 65' lang='lat' dir='ltr'>inspiciebant.</span> <span class='ocrx_word' id='word_1_67' title='bbox 1021 1215 1077 1252; x_wconf 88' lang='lat' dir='ltr'>riou</span> <span class='ocrx_word' id='word_1_68' title='bbox 1103 1194 1188 1252; x_wconf 90' lang='lat' dir='ltr'>modo</span> <span class='ocrx_word' id='word_1_69' title='bbox 1212 1195 1315 1252; x_wconf 78' lang='lat' dir='ltr'>heatae</span> <span class='ocrx_word' id='word_1_70' title='bbox 1336 1197 1493 1252; x_wconf 84' lang='lat' dir='ltr'>memoriae</span> <span class='ocrx_word' id='word_1_71' title='bbox 1518 1197 1618 1250; x_wconf 80' lang='lat' dir='ltr'>virum</span> 
     </span>
     <span class='ocr_line' id='line_1_10' title="bbox 371 1278 1614 1361; baseline 0 -25"><span class='ocrx_word' id='word_1_72' title='bbox 371 1278 569 1357; x_wconf 76' lang='lat' dir='ltr'>appellabant.</span> <span class='ocrx_word' id='word_1_73' title='bbox 595 1297 624 1337; x_wconf 90' lang='lat' dir='ltr'>ut</span> <span class='ocrx_word' id='word_1_74' title='bbox 648 1281 708 1346; x_wconf 74' lang='lat' dir='ltr'>alii,</span> <span class='ocrx_word' id='word_1_75' title='bbox 731 1281 782 1338; x_wconf 77' lang='lat' dir='ltr'>soil</span> <span class='ocrx_word' id='word_1_76' title='bbox 806 1297 965 1361; x_wconf 74' lang='lat' dir='ltr'>martyrem</span> <span class='ocrx_word' id='word_1_77' title='bbox 990 1296 1131 1343; x_wconf 84' lang='lat' dir='ltr'>sanctuni.</span> <span class='ocrx_word' id='word_1_78' title='bbox 1156 1295 1185 1340; x_wconf 91' lang='lat' dir='ltr'>nt</span> <span class='ocrx_word' id='word_1_79' title='bbox 1211 1283 1335 1339; x_wconf 87' lang='lat' dir='ltr'>loannes</span> <span class='ocrx_word' id='word_1_80' title='bbox 1355 1279 1391 1337; x_wconf 82' lang='lat' dir='ltr'>ili·</span> <span class='ocrx_word' id='word_1_81' title='bbox 1411 1283 1614 1338; x_wconf 76' lang='lat' dir='ltr'>(ionariistein</span> 
     </span>
     <span class='ocr_line' id='line_1_11' title="bbox 372 1368 1617 1446; baseline 0.002 -25"><span class='ocrx_word' id='word_1_82' title='bbox 372 1368 403 1423; x_wconf 92' lang='lat' dir='ltr'>in</span> <span class='ocrx_word' id='word_1_83' title='bbox 426 1370 612 1425; x_wconf 70' lang='lat' dir='ltr'>aestuatione</span> <span class='ocrx_word' id='word_1_84' title='bbox 637 1371 713 1439; x_wconf 64' lang='lat' dir='ltr'>regis</span> <span class='ocrx_word' id='word_1_85' title='bbox 736 1385 764 1424; x_wconf 78' lang='lat' dir='ltr'>ot</span> <span class='ocrx_word' id='word_1_86' title='bbox 791 1369 915 1426; x_wconf 81' lang='lat' dir='ltr'>loannes</span> <span class='ocrx_word' id='word_1_87' title='bbox 940 1373 974 1426; x_wconf 90' lang='lat' dir='ltr'>tl.</span> <span class='ocrx_word' id='word_1_88' title='bbox 999 1371 1086 1430; x_wconf 52' lang='lat' dir='ltr'>§.Aa</span> <span class='ocrx_word' id='word_1_89' title='bbox 1107 1371 1155 1446; x_wconf 87' lang='lat' dir='ltr'>qui</span> <span class='ocrx_word' id='word_1_90' title='bbox 1178 1369 1263 1426; x_wconf 87' lang='lat' dir='ltr'>liuius</span> <span class='ocrx_word' id='word_1_91' title='bbox 1282 1369 1494 1445; x_wconf 83' lang='lat' dir='ltr'>archiepiscopi</span> <span class='ocrx_word' id='word_1_92' title='bbox 1521 1370 1617 1424; x_wconf 80' lang='lat' dir='ltr'>vitain</span> 
     </span>
     <span class='ocr_line' id='line_1_12' title="bbox 370 1454 1614 1532; baseline 0.001 -23"><span class='ocrx_word' id='word_1_93' title='bbox 370 1455 486 1530; x_wconf 78' lang='lat' dir='ltr'>scripsit</span> <span class='ocrx_word' id='word_1_94' title='bbox 510 1457 693 1523; x_wconf 68' lang='lat' dir='ltr'>illltll-z&#39;i,</span> <span class='ocrx_word' id='word_1_95' title='bbox 729 1457 854 1513; x_wconf 59' lang='lat' dir='ltr'>(firi-iter</span> <span class='ocrx_word' id='word_1_96' title='bbox 877 1477 902 1516; x_wconf 83' lang='lat' dir='ltr'>a.</span> <span class='ocrx_word' id='word_1_97' title='bbox 930 1459 1010 1512; x_wconf 73' lang='lat' dir='ltr'>listi</span> <span class='ocrx_word' id='word_1_98' title='bbox 1035 1457 1063 1513; x_wconf 93' lang='lat' dir='ltr'>iu</span> <span class='ocrx_word' id='word_1_99' title='bbox 1088 1456 1224 1514; x_wconf 81' lang='lat' dir='ltr'>thesauro</span> <span class='ocrx_word' id='word_1_100' title='bbox 1258 1455 1378 1532; x_wconf 86' lang='lat' dir='ltr'>capituli</span> <span class='ocrx_word' id='word_1_101' title='bbox 1401 1454 1437 1510; x_wconf 90' lang='lat' dir='ltr'>ad</span> <span class='ocrx_word' id='word_1_102' title='bbox 1463 1477 1484 1510; x_wconf 80' lang='lat' dir='ltr'>s.</span> <span class='ocrx_word' id='word_1_103' title='bbox 1510 1455 1614 1510; x_wconf 75' lang='lat' dir='ltr'>l&#39;itnm</span> 
     </span>
     <span class='ocr_line' id='line_1_13' title="bbox 370 1537 1615 1619; baseline 0 -23"><span class='ocrx_word' id='word_1_104' title='bbox 370 1540 449 1596; x_wconf 84' lang='lat' dir='ltr'>calix</span> <span class='ocrx_word' id='word_1_105' title='bbox 473 1555 543 1603; x_wconf 82' lang='lat' dir='ltr'>erat.</span> <span class='ocrx_word' id='word_1_106' title='bbox 568 1544 597 1598; x_wconf 92' lang='lat' dir='ltr'>iii</span> <span class='ocrx_word' id='word_1_107' title='bbox 621 1563 678 1619; x_wconf 85' lang='lat' dir='ltr'>quo</span> <span class='ocrx_word' id='word_1_108' title='bbox 702 1543 865 1614; x_wconf 62' lang='lat' dir='ltr'>legebatur:</span> <span class='ocrx_word' id='word_1_109' title='bbox 894 1537 1095 1602; x_wconf 72' lang='lat' dir='ltr'>„inhonorem</span> <span class='ocrx_word' id='word_1_110' title='bbox 1120 1541 1196 1599; x_wconf 85' lang='lat' dir='ltr'>lirati</span> <span class='ocrx_word' id='word_1_111' title='bbox 1224 1543 1342 1600; x_wconf 72' lang='lat' dir='ltr'>loannis</span> <span class='ocrx_word' id='word_1_112' title='bbox 1369 1541 1500 1598; x_wconf 83' lang='lat' dir='ltr'>l&#39;omnk·</span> <span class='ocrx_word' id='word_1_113' title='bbox 1532 1541 1615 1598; x_wconf 62' lang='lat' dir='ltr'>Atilii</span> 
     </span>
     <span class='ocr_line' id='line_1_14' title="bbox 371 1626 1619 1706; baseline 0.001 -23"><span class='ocrx_word' id='word_1_114' title='bbox 371 1626 448 1704; x_wconf 79' lang='lat' dir='ltr'>(post</span> <span class='ocrx_word' id='word_1_115' title='bbox 471 1648 496 1684; x_wconf 88' lang='lat' dir='ltr'>a.</span> <span class='ocrx_word' id='word_1_116' title='bbox 524 1632 617 1685; x_wconf 64' lang='lat' dir='ltr'>tullii</span> <span class='ocrx_word' id='word_1_117' title='bbox 642 1629 760 1705; x_wconf 74' lang='lat' dir='ltr'>legitur:</span> <span class='ocrx_word' id='word_1_118' title='bbox 787 1631 915 1702; x_wconf 36' lang='lat' dir='ltr'>„liliatas</span> <span class='ocrx_word' id='word_1_119' title='bbox 940 1631 1065 1687; x_wconf 78' lang='lat' dir='ltr'>Ioannes</span> <span class='ocrx_word' id='word_1_120' title='bbox 1087 1629 1123 1685; x_wconf 83' lang='lat' dir='ltr'>ilo</span> <span class='ocrx_word' id='word_1_121' title='bbox 1141 1629 1294 1706; x_wconf 66' lang='lat' dir='ltr'>¹N&#39;cpomuk</span> <span class='ocrx_word' id='word_1_122' title='bbox 1319 1631 1413 1698; x_wconf 63' lang='lat' dir='ltr'>lecit:</span> <span class='ocrx_word' id='word_1_123' title='bbox 1431 1627 1503 1684; x_wconf 80' lang='lat' dir='ltr'>alilii</span> <span class='ocrx_word' id='word_1_124' title='bbox 1517 1629 1619 1703; x_wconf 69' lang='lat' dir='ltr'>agitur</span> 
     </span>
     <span class='ocr_line' id='line_1_15' title="bbox 369 1711 1620 1794; baseline 0 -24"><span class='ocrx_word' id='word_1_125' title='bbox 369 1711 407 1770; x_wconf 86' lang='lat' dir='ltr'>dc.</span> <span class='ocrx_word' id='word_1_126' title='bbox 430 1713 515 1786; x_wconf 85' lang='lat' dir='ltr'>altari</span> <span class='ocrx_word' id='word_1_127' title='bbox 551 1727 652 1772; x_wconf 86' lang='lat' dir='ltr'>contra</span> <span class='ocrx_word' id='word_1_128' title='bbox 686 1717 858 1794; x_wconf 84' lang='lat' dir='ltr'>scpulcriuii.</span> <span class='ocrx_word' id='word_1_129' title='bbox 884 1717 931 1774; x_wconf 82' lang='lat' dir='ltr'>ulii</span> <span class='ocrx_word' id='word_1_130' title='bbox 958 1717 1058 1774; x_wconf 81' lang='lat' dir='ltr'>beatus</span> <span class='ocrx_word' id='word_1_131' title='bbox 1084 1717 1128 1773; x_wconf 84' lang='lat' dir='ltr'>rii·</span> <span class='ocrx_word' id='word_1_132' title='bbox 1154 1717 1191 1772; x_wconf 89' lang='lat' dir='ltr'>lo.</span> <span class='ocrx_word' id='word_1_133' title='bbox 1216 1715 1252 1772; x_wconf 87' lang='lat' dir='ltr'>dc</span> <span class='ocrx_word' id='word_1_134' title='bbox 1278 1715 1391 1772; x_wconf 78' lang='lat' dir='ltr'>I&#39;omuk</span> <span class='ocrx_word' id='word_1_135' title='bbox 1426 1717 1539 1792; x_wconf 82' lang='lat' dir='ltr'>positus</span> <span class='ocrx_word' id='word_1_136' title='bbox 1565 1728 1620 1771; x_wconf 73' lang='lat' dir='ltr'>est.</span> 
     </span>
    </p>
   </div>
   <div class='ocr_carea' id='block_1_3' title="bbox 616 1797 1578 1865">
    <p class='ocr_par' dir='ltr' id='par_1_5' title="bbox 616 1797 1578 1865">
     <span class='ocr_line' id='line_1_16' title="bbox 616 1797 1578 1865; baseline -0.011 7"><span class='ocrx_word' id='word_1_137' title='bbox 616 1835 621 1842; x_wconf 89' lang='lat'><strong>·</strong></span> <span class='ocrx_word' id='word_1_138' title='bbox 1317 1798 1351 1865; x_wconf 79' lang='lat' dir='ltr'>J.</span> <span class='ocrx_word' id='word_1_139' title='bbox 1374 1797 1578 1862; x_wconf 76' lang='lat' dir='ltr'>Barlonr&#39;lr.</span> 
     </span>
    </p>
   </div>
   <div class='ocr_carea' id='block_1_4' title="bbox 302 1923 1709 4782">
    <p class='ocr_par' dir='ltr' id='par_1_6' title="bbox 475 1923 1160 2058">
     <span class='ocr_line' id='line_1_17' title="bbox 475 1923 1160 2058; baseline -0.004 -64"><span class='ocrx_word' id='word_1_140' title='bbox 475 1923 602 2058; x_wconf 47' lang='lat' dir='ltr'>iuopia</span> <span class='ocrx_word' id='word_1_141' title='bbox 621 1934 817 1995; x_wconf 73' lang='lat' dir='ltr'>latouaktlo</span> <span class='ocrx_word' id='word_1_142' title='bbox 835 1935 1064 1996; x_wconf 70' lang='lat' dir='ltr'>laciomaus</span> <span class='ocrx_word' id='word_1_143' title='bbox 1082 1935 1160 1994; x_wconf 75' lang='lat' dir='ltr'>latit.</span> 
     </span>
    </p>

    <p class='ocr_par' dir='ltr' id='par_1_7' title="bbox 366 2003 1709 2976">
     <span class='ocr_line' id='line_1_18' title="bbox 472 2003 1620 2076; baseline -0.001 -19"><span class='ocrx_word' id='word_1_144' title='bbox 472 2003 525 2057; x_wconf 84' lang='lat' dir='ltr'>Dr.</span> <span class='ocrx_word' id='word_1_145' title='bbox 573 2020 596 2058; x_wconf 83' lang='lat' dir='ltr'>r.</span> <span class='ocrx_word' id='word_1_146' title='bbox 616 2005 655 2059; x_wconf 88' lang='lat' dir='ltr'>X.</span> <span class='ocrx_word' id='word_1_147' title='bbox 676 2003 836 2076; x_wconf 66' lang='lat' dir='ltr'>Kryliitfea</span> <span class='ocrx_word' id='word_1_148' title='bbox 856 2005 1059 2074; x_wconf 74' lang='lat' dir='ltr'>llaiiielky</span> <span class='ocrx_word' id='word_1_149' title='bbox 1082 2004 1197 2060; x_wconf 78' lang='lat' dir='ltr'>li&#39;arla</span> <span class='ocrx_word' id='word_1_150' title='bbox 1226 2005 1415 2060; x_wconf 77' lang='lat' dir='ltr'>l&#39;elikelio</span> <span class='ocrx_word' id='word_1_151' title='bbox 1434 2004 1491 2070; x_wconf 87' lang='lat' dir='ltr'>(lle</span> <span class='ocrx_word' id='word_1_152' title='bbox 1509 2004 1620 2058; x_wconf 82' lang='lat' dir='ltr'>uxori·</span> 
     </span>
     <span class='ocr_line' id='line_1_19' title="bbox 369 2065 1709 2142; baseline 0.001 -18"><span class='ocrx_word' id='word_1_153' title='bbox 369 2071 429 2126; x_wconf 86' lang='lat' dir='ltr'>lius</span> <span class='ocrx_word' id='word_1_154' title='bbox 451 2072 553 2128; x_wconf 86' lang='lat' dir='ltr'>Caroli</span> <span class='ocrx_word' id='word_1_155' title='bbox 574 2073 625 2131; x_wconf 76' lang='lat' dir='ltr'>iti</span> <span class='ocrx_word' id='word_1_156' title='bbox 646 2089 674 2142; x_wconf 90' lang='lat' dir='ltr'>p.</span> <span class='ocrx_word' id='word_1_157' title='bbox 694 2077 841 2129; x_wconf 72' lang='lat' dir='ltr'>tuit-474.</span> <span class='ocrx_word' id='word_1_158' title='bbox 862 2076 966 2129; x_wconf 88' lang='lat' dir='ltr'>Prima</span> <span class='ocrx_word' id='word_1_159' title='bbox 981 2075 1118 2139; x_wconf 73' lang='lat' dir='ltr'>leuitima</span> <span class='ocrx_word' id='word_1_160' title='bbox 1132 2075 1244 2130; x_wconf 82' lang='lat' dir='ltr'>conlux</span> <span class='ocrx_word' id='word_1_161' title='bbox 1261 2075 1362 2130; x_wconf 86' lang='lat' dir='ltr'>Caroli</span> <span class='ocrx_word' id='word_1_162' title='bbox 1378 2071 1416 2128; x_wconf 83' lang='lat' dir='ltr'>ii.</span> <span class='ocrx_word' id='word_1_163' title='bbox 1431 2074 1488 2127; x_wconf 86' lang='lat' dir='ltr'>luit</span> <span class='ocrx_word' id='word_1_164' title='bbox 1503 2072 1620 2127; x_wconf 86' lang='lat' dir='ltr'>Himil·</span> <span class='ocrx_word' id='word_1_165' title='bbox 1708 2065 1709 2086; x_wconf 64' lang='lat'>¹</span> 
     </span>
     <span class='ocr_line' id='line_1_20' title="bbox 369 2142 1619 2212; baseline 0.002 -18"><span class='ocrx_word' id='word_1_166' title='bbox 369 2142 463 2196; x_wconf 82' lang='lat' dir='ltr'>trude</span> <span class='ocrx_word' id='word_1_167' title='bbox 481 2147 587 2211; x_wconf 90' lang='lat' dir='ltr'>(quani</span> <span class='ocrx_word' id='word_1_168' title='bbox 616 2143 826 2212; x_wconf 72' lang='lat' dir='ltr'>Eginliardus</span> <span class='ocrx_word' id='word_1_169' title='bbox 847 2143 915 2199; x_wconf 85' lang='lat' dir='ltr'>l&#39;lta</span> <span class='ocrx_word' id='word_1_170' title='bbox 936 2144 1037 2200; x_wconf 85' lang='lat' dir='ltr'>Caroli</span> <span class='ocrx_word' id='word_1_171' title='bbox 1060 2145 1098 2198; x_wconf 86' lang='lat' dir='ltr'>ll.</span> <span class='ocrx_word' id='word_1_172' title='bbox 1119 2145 1245 2199; x_wconf 84' lang='lat' dir='ltr'>lionam</span> <span class='ocrx_word' id='word_1_173' title='bbox 1268 2145 1360 2199; x_wconf 85' lang='lat' dir='ltr'>Germ</span> <span class='ocrx_word' id='word_1_174' title='bbox 1393 2143 1433 2204; x_wconf 82' lang='grc' dir='ltr'>ΙΙ.</span> <span class='ocrx_word' id='word_1_175' title='bbox 1452 2145 1503 2196; x_wconf 74' lang='lat'>453</span> <span class='ocrx_word' id='word_1_176' title='bbox 1522 2151 1619 2196; x_wconf 79' lang='lat' dir='ltr'>vocat</span> 
     </span>
     <span class='ocr_line' id='line_1_21' title="bbox 372 2212 1616 2284; baseline 0.002 -20"><span class='ocrx_word' id='word_1_177' title='bbox 372 2213 607 2266; x_wconf 75' lang='lat' dir='ltr'>»concubinam«</span> <span class='ocrx_word' id='word_1_178' title='bbox 624 2214 641 2266; x_wconf 91' lang='lat' dir='ltr'>i.</span> <span class='ocrx_word' id='word_1_179' title='bbox 655 2228 680 2266; x_wconf 89' lang='lat' dir='ltr'>e.</span> <span class='ocrx_word' id='word_1_180' title='bbox 690 2213 844 2282; x_wconf 82' lang='lat' dir='ltr'>inaequali</span> <span class='ocrx_word' id='word_1_181' title='bbox 856 2215 1023 2284; x_wconf 61' lang='lat' dir='ltr'>[morgan]</span> <span class='ocrx_word' id='word_1_182' title='bbox 1037 2213 1235 2268; x_wconf 87' lang='lat' dir='ltr'>matrimonio</span> <span class='ocrx_word' id='word_1_183' title='bbox 1248 2213 1412 2272; x_wconf 80' lang='lat' dir='ltr'>iunctainl:</span> <span class='ocrx_word' id='word_1_184' title='bbox 1432 2212 1565 2270; x_wconf 85' lang='lat' dir='ltr'>alteram</span> <span class='ocrx_word' id='word_1_185' title='bbox 1582 2241 1616 2251; x_wconf 96' lang='lat'>-</span> 
     </span>
     <span class='ocr_line' id='line_1_22' title="bbox 369 2280 1618 2350; baseline 0.002 -18"><span class='ocrx_word' id='word_1_186' title='bbox 369 2280 437 2334; x_wconf 88' lang='lat' dir='ltr'>sive</span> <span class='ocrx_word' id='word_1_187' title='bbox 455 2281 528 2335; x_wconf 77' lang='lat' dir='ltr'>vivii</span> <span class='ocrx_word' id='word_1_188' title='bbox 549 2282 660 2350; x_wconf 81' lang='lat' dir='ltr'>primii,</span> <span class='ocrx_word' id='word_1_189' title='bbox 679 2292 710 2336; x_wconf 87' lang='lat' dir='ltr'>et</span> <span class='ocrx_word' id='word_1_190' title='bbox 728 2290 801 2338; x_wconf 91' lang='lat' dir='ltr'>tnnc</span> <span class='ocrx_word' id='word_1_191' title='bbox 820 2291 903 2337; x_wconf 88' lang='lat' dir='ltr'>certe</span> <span class='ocrx_word' id='word_1_192' title='bbox 928 2283 1071 2344; x_wconf 80' lang='lat' dir='ltr'>iiiralide,</span> <span class='ocrx_word' id='word_1_193' title='bbox 1093 2283 1159 2338; x_wconf 84' lang='lat' dir='ltr'>sire</span> <span class='ocrx_word' id='word_1_194' title='bbox 1180 2283 1303 2338; x_wconf 77' lang='lat' dir='ltr'>mortua</span> <span class='ocrx_word' id='word_1_195' title='bbox 1323 2313 1355 2321; x_wconf 93' lang='lat'>-</span> <span class='ocrx_word' id='word_1_196' title='bbox 1374 2283 1463 2338; x_wconf 76' lang='lat' dir='ltr'>(luxit</span> <span class='ocrx_word' id='word_1_197' title='bbox 1485 2281 1618 2336; x_wconf 84' lang='lat' dir='ltr'>Deside-</span> 
     </span>
     <span class='ocr_line' id='line_1_23' title="bbox 370 2351 1616 2422; baseline 0 -20"><span class='ocrx_word' id='word_1_198' title='bbox 370 2354 467 2404; x_wconf 88' lang='lat' dir='ltr'>ratam</span> <span class='ocrx_word' id='word_1_199' title='bbox 490 2351 598 2415; x_wconf 83' lang='lat' dir='ltr'>(tiliam</span> <span class='ocrx_word' id='word_1_200' title='bbox 621 2351 782 2416; x_wconf 88' lang='lat' dir='ltr'>Desiderii‚</span> <span class='ocrx_word' id='word_1_201' title='bbox 804 2353 1086 2420; x_wconf 66' lang='lat' dir='ltr'>Langobardorum</span> <span class='ocrx_word' id='word_1_202' title='bbox 1108 2353 1277 2422; x_wconf 86' lang='lat' dir='ltr'>principis),</span> <span class='ocrx_word' id='word_1_203' title='bbox 1302 2359 1467 2422; x_wconf 79' lang='lat' dir='ltr'>antequam</span> <span class='ocrx_word' id='word_1_204' title='bbox 1489 2367 1616 2420; x_wconf 84' lang='lat' dir='ltr'>compe·</span> 
     </span>
     <span class='ocr_line' id='line_1_24' title="bbox 368 2417 1616 2492; baseline 0.001 -20"><span class='ocrx_word' id='word_1_205' title='bbox 368 2417 461 2472; x_wconf 85' lang='lat' dir='ltr'>risset</span> <span class='ocrx_word' id='word_1_206' title='bbox 490 2437 602 2489; x_wconf 89' lang='lat' dir='ltr'>papam</span> <span class='ocrx_word' id='word_1_207' title='bbox 623 2422 654 2475; x_wconf 86' lang='lat' dir='ltr'>iil</span> <span class='ocrx_word' id='word_1_208' title='bbox 674 2421 743 2476; x_wconf 81' lang='lat' dir='ltr'>iteri</span> <span class='ocrx_word' id='word_1_209' title='bbox 769 2424 921 2481; x_wconf 80' lang='lat' dir='ltr'>vetuisse:</span> <span class='ocrx_word' id='word_1_210' title='bbox 942 2438 1035 2492; x_wconf 90' lang='lat' dir='ltr'>quain</span> <span class='ocrx_word' id='word_1_211' title='bbox 1064 2429 1133 2490; x_wconf 89' lang='lat' dir='ltr'>post</span> <span class='ocrx_word' id='word_1_212' title='bbox 1160 2438 1275 2477; x_wconf 91' lang='lat' dir='ltr'>annum</span> <span class='ocrx_word' id='word_1_213' title='bbox 1303 2421 1480 2490; x_wconf 84' lang='lat' dir='ltr'>repudiarit</span> <span class='ocrx_word' id='word_1_214' title='bbox 1500 2429 1533 2474; x_wconf 86' lang='lat' dir='ltr'>ut</span> <span class='ocrx_word' id='word_1_215' title='bbox 1564 2420 1616 2474; x_wconf 70' lang='lat' dir='ltr'>aid</span> 
     </span>
     <span class='ocr_line' id='line_1_25' title="bbox 368 2489 1611 2560; baseline 0.003 -19"><span class='ocrx_word' id='word_1_216' title='bbox 368 2492 602 2557; x_wconf 67' lang='lat' dir='ltr'>propagandam</span> <span class='ocrx_word' id='word_1_217' title='bbox 624 2492 742 2560; x_wconf 87' lang='lat' dir='ltr'>prolem</span> <span class='ocrx_word' id='word_1_218' title='bbox 764 2491 940 2553; x_wconf 79' lang='lat' dir='ltr'>inlialiilem.</span> <span class='ocrx_word' id='word_1_219' title='bbox 961 2491 1074 2546; x_wconf 86' lang='lat' dir='ltr'>iudicio</span> <span class='ocrx_word' id='word_1_220' title='bbox 1095 2492 1365 2546; x_wconf 84' lang='lat' dir='ltr'>sanctissiinnrum</span> <span class='ocrx_word' id='word_1_221' title='bbox 1394 2489 1611 2544; x_wconf 77' lang='lat' dir='ltr'>sacerdotum·</span> 
     </span>
     <span class='ocr_line' id='line_1_26' title="bbox 367 2558 1617 2629; baseline 0.001 -18"><span class='ocrx_word' id='word_1_222' title='bbox 367 2558 584 2628; x_wconf 64' lang='lat' dir='ltr'>(Dambergen</span> <span class='ocrx_word' id='word_1_223' title='bbox 599 2560 773 2629; x_wconf 77' lang='lat' dir='ltr'>Synclirrni.</span> <span class='ocrx_word' id='word_1_224' title='bbox 787 2562 979 2628; x_wconf 79' lang='lat' dir='ltr'>t&#39;lescliiclitc,</span> <span class='ocrx_word' id='word_1_225' title='bbox 995 2561 1035 2616; x_wconf 93' lang='lat' dir='ltr'>Il.</span> <span class='ocrx_word' id='word_1_226' title='bbox 1049 2560 1180 2615; x_wconf 81' lang='lat' dir='ltr'>Kritilrli.</span> <span class='ocrx_word' id='word_1_227' title='bbox 1197 2564 1264 2626; x_wconf 68' lang='lat' dir='ltr'>iio).</span> <span class='ocrx_word' id='word_1_228' title='bbox 1282 2560 1472 2616; x_wconf 86' lang='lat' dir='ltr'>Himiltruda</span> <span class='ocrx_word' id='word_1_229' title='bbox 1485 2560 1617 2614; x_wconf 86' lang='lat' dir='ltr'>interim</span> 
     </span>
     <span class='ocr_line' id='line_1_27' title="bbox 366 2628 1618 2700; baseline 0.002 -21"><span class='ocrx_word' id='word_1_230' title='bbox 366 2632 448 2680; x_wconf 86' lang='lat' dir='ltr'>certe</span> <span class='ocrx_word' id='word_1_231' title='bbox 467 2628 621 2693; x_wconf 73' lang='lat' dir='ltr'>defuncta.</span> <span class='ocrx_word' id='word_1_232' title='bbox 642 2630 867 2700; x_wconf 69' lang='lat' dir='ltr'>llildcgaiilam</span> <span class='ocrx_word' id='word_1_233' title='bbox 890 2631 1010 2686; x_wconf 79' lang='lat' dir='ltr'>tertiam</span> <span class='ocrx_word' id='word_1_234' title='bbox 1033 2646 1162 2684; x_wconf 84' lang='lat' dir='ltr'>uxorem</span> <span class='ocrx_word' id='word_1_235' title='bbox 1185 2631 1215 2691; x_wconf 74' lang='lat' dir='ltr'>ll</span> <span class='ocrx_word' id='word_1_236' title='bbox 1230 2633 1291 2694; x_wconf 73' lang='lat'>783)</span> <span class='ocrx_word' id='word_1_237' title='bbox 1307 2629 1410 2688; x_wconf 82' lang='lat' dir='ltr'>duxit:</span> <span class='ocrx_word' id='word_1_238' title='bbox 1435 2637 1498 2683; x_wconf 91' lang='lat' dir='ltr'>tuni</span> <span class='ocrx_word' id='word_1_239' title='bbox 1518 2645 1618 2698; x_wconf 85' lang='lat' dir='ltr'>quar·</span> 
     </span>
     <span class='ocr_line' id='line_1_28' title="bbox 366 2696 1612 2780; baseline 0.002 -31"><span class='ocrx_word' id='word_1_240' title='bbox 366 2701 428 2750; x_wconf 90' lang='lat' dir='ltr'>tam</span> <span class='ocrx_word' id='word_1_241' title='bbox 450 2696 634 2753; x_wconf 84' lang='lat' dir='ltr'>Fastiadam</span> <span class='ocrx_word' id='word_1_242' title='bbox 655 2701 685 2764; x_wconf 75' lang='lat' dir='ltr'>(r</span> <span class='ocrx_word' id='word_1_243' title='bbox 705 2704 774 2764; x_wconf 70' lang='grc'>794),</span> <span class='ocrx_word' id='word_1_244' title='bbox 795 2703 935 2770; x_wconf 90' lang='lat' dir='ltr'>quintam</span> <span class='ocrx_word' id='word_1_245' title='bbox 963 2700 1182 2769; x_wconf 68' lang='lat' dir='ltr'>(inaequalem)</span> <span class='ocrx_word' id='word_1_246' title='bbox 1203 2698 1301 2780; x_wconf 74' lang='lat' dir='ltr'>ignoti</span> <span class='ocrx_word' id='word_1_247' title='bbox 1322 2699 1465 2765; x_wconf 82' lang='lat' dir='ltr'>nominis,</span> <span class='ocrx_word' id='word_1_248' title='bbox 1486 2708 1612 2752; x_wconf 82' lang='lat' dir='ltr'>sextarii</span> 
     </span>
     <span class='ocr_line' id='line_1_29' title="bbox 368 2765 1612 2838; baseline 0.002 -20"><span class='ocrx_word' id='word_1_249' title='bbox 368 2765 569 2834; x_wconf 86' lang='lat' dir='ltr'>Luitgardam</span> <span class='ocrx_word' id='word_1_250' title='bbox 592 2770 622 2825; x_wconf 86' lang='lat'>·†</span> <span class='ocrx_word' id='word_1_251' title='bbox 642 2769 703 2822; x_wconf 80' lang='lat' dir='ltr'>ciri·</span> <span class='ocrx_word' id='word_1_252' title='bbox 731 2773 802 2830; x_wconf 81' lang='lat' dir='ltr'>titlill,</span> <span class='ocrx_word' id='word_1_253' title='bbox 832 2770 994 2838; x_wconf 84' lang='lat' dir='ltr'>septiniani</span> <span class='ocrx_word' id='word_1_254' title='bbox 1020 2769 1257 2837; x_wconf 69' lang='lat' dir='ltr'>llatlialpardim</span> <span class='ocrx_word' id='word_1_255' title='bbox 1287 2770 1440 2836; x_wconf 79' lang='lat' dir='ltr'>(inaequl.</span> <span class='ocrx_word' id='word_1_256' title='bbox 1465 2771 1612 2822; x_wconf 81' lang='lat' dir='ltr'>octavam</span> 
     </span>
     <span class='ocr_line' id='line_1_30' title="bbox 377 2834 1614 2914; baseline 0.002 -27"><span class='ocrx_word' id='word_1_257' title='bbox 377 2834 574 2914; x_wconf 63' lang='lat' dir='ltr'>lersuindam</span> <span class='ocrx_word' id='word_1_258' title='bbox 606 2838 737 2907; x_wconf 78' lang='lat' dir='ltr'>linaeqi,</span> <span class='ocrx_word' id='word_1_259' title='bbox 757 2855 869 2894; x_wconf 88' lang='lat' dir='ltr'>nonam</span> <span class='ocrx_word' id='word_1_260' title='bbox 901 2841 1051 2909; x_wconf 76' lang='lat' dir='ltr'>Reginam</span> <span class='ocrx_word' id='word_1_261' title='bbox 1082 2839 1216 2908; x_wconf 78' lang='lat' dir='ltr'>(inaeql,</span> <span class='ocrx_word' id='word_1_262' title='bbox 1243 2839 1394 2893; x_wconf 87' lang='lat' dir='ltr'>decimam</span> <span class='ocrx_word' id='word_1_263' title='bbox 1424 2837 1614 2892; x_wconf 80' lang='lat' dir='ltr'>Adalmdem</span> 
     </span>
     <span class='ocr_line' id='line_1_31' title="bbox 366 2907 1513 2976; baseline 0.002 -19"><span class='ocrx_word' id='word_1_264' title='bbox 366 2907 496 2974; x_wconf 75' lang='lat' dir='ltr'>linaeql.</span> <span class='ocrx_word' id='word_1_265' title='bbox 518 2937 543 2944; x_wconf 95' lang='lat'><em>-</em></span> <span class='ocrx_word' id='word_1_266' title='bbox 569 2907 736 2976; x_wconf 84' lang='lat' dir='ltr'>Praecepta</span> <span class='ocrx_word' id='word_1_267' title='bbox 756 2908 901 2962; x_wconf 82' lang='lat' dir='ltr'>ecclesiae</span> <span class='ocrx_word' id='word_1_268' title='bbox 923 2910 1161 2964; x_wconf 69' lang='lat' dir='ltr'>matrimonialiii</span> <span class='ocrx_word' id='word_1_269' title='bbox 1183 2909 1313 2964; x_wconf 73' lang='lat' dir='ltr'>Garrulus</span> <span class='ocrx_word' id='word_1_270' title='bbox 1334 2923 1396 2962; x_wconf 91' lang='lat' dir='ltr'>non</span> <span class='ocrx_word' id='word_1_271' title='bbox 1417 2907 1513 2961; x_wconf 88' lang='lat' dir='ltr'>laesit.</span> 
     </span>
    </p>

    <p class='ocr_par' dir='ltr' id='par_1_8' title="bbox 302 2971 1616 4363">
     <span class='ocr_line' id='line_1_32' title="bbox 380 2971 1616 3052; baseline 0 -24"><span class='ocrx_word' id='word_1_272' title='bbox 380 3042 385 3052; x_wconf 94' lang='lat'>.</span> <span class='ocrx_word' id='word_1_273' title='bbox 467 2971 521 3029; x_wconf 78' lang='lat' dir='ltr'>Dr.</span> <span class='ocrx_word' id='word_1_274' title='bbox 536 2975 631 3030; x_wconf 63' lang='lat' dir='ltr'>Fax</span> <span class='ocrx_word' id='word_1_275' title='bbox 655 2977 813 3047; x_wconf 57' lang='lat' dir='ltr'>d&#39;ryitiism</span> <span class='ocrx_word' id='word_1_276' title='bbox 835 2979 885 3032; x_wconf 85' lang='lat' dir='ltr'>llo</span> <span class='ocrx_word' id='word_1_277' title='bbox 896 2979 1052 3050; x_wconf 71' lang='lat' dir='ltr'>rumilly,</span> <span class='ocrx_word' id='word_1_278' title='bbox 1074 2979 1224 3032; x_wconf 76' lang='lat' dir='ltr'>iiiuslre</span> <span class='ocrx_word' id='word_1_279' title='bbox 1246 2977 1472 3032; x_wconf 70' lang='lat' dir='ltr'>iniicednioc</span> <span class='ocrx_word' id='word_1_280' title='bbox 1492 2976 1616 3042; x_wconf 60' lang='lat' dir='ltr'>(Domi-</span> 
     </span>
     <span class='ocr_line' id='line_1_33' title="bbox 365 3042 949 3114; baseline 0.009 -19"><span class='ocrx_word' id='word_1_281' title='bbox 365 3042 455 3110; x_wconf 83' lang='lat' dir='ltr'>tillae,</span> <span class='ocrx_word' id='word_1_282' title='bbox 476 3051 632 3108; x_wconf 75' lang='lat' dir='ltr'>martyres</span> <span class='ocrx_word' id='word_1_283' title='bbox 652 3045 820 3114; x_wconf 86' lang='lat' dir='ltr'>Romanae)</span> <span class='ocrx_word' id='word_1_284' title='bbox 839 3051 949 3102; x_wconf 77' lang='lat' dir='ltr'>aia-s.</span> 
     </span>
     <span class='ocr_line' id='line_1_34' title="bbox 364 3113 1607 3190; baseline 0.001 -24"><span class='ocrx_word' id='word_1_285' title='bbox 364 3179 371 3190; x_wconf 94' lang='lat'><strong>.</strong></span> <span class='ocrx_word' id='word_1_286' title='bbox 467 3113 552 3167; x_wconf 83' lang='lat' dir='ltr'>Duae</span> <span class='ocrx_word' id='word_1_287' title='bbox 571 3123 659 3168; x_wconf 86' lang='lat' dir='ltr'>erant</span> <span class='ocrx_word' id='word_1_288' title='bbox 676 3115 847 3170; x_wconf 78' lang='lat' dir='ltr'>Domitillae</span> <span class='ocrx_word' id='word_1_289' title='bbox 861 3133 899 3170; x_wconf 81' lang='lat' dir='ltr'>ex</span> <span class='ocrx_word' id='word_1_290' title='bbox 914 3133 1028 3176; x_wconf 73' lang='lat' dir='ltr'>uenere</span> <span class='ocrx_word' id='word_1_291' title='bbox 1044 3117 1222 3172; x_wconf 80' lang='lat' dir='ltr'>Flauiorum</span> <span class='ocrx_word' id='word_1_292' title='bbox 1238 3121 1332 3178; x_wconf 82' lang='lat' dir='ltr'>ortae,</span> <span class='ocrx_word' id='word_1_293' title='bbox 1351 3114 1607 3183; x_wconf 83' lang='lat' dir='ltr'>consanguineae</span> 
     </span>
     <span class='ocr_line' id='line_1_35' title="bbox 363 3180 1606 3256; baseline 0.004 -23"><span class='ocrx_word' id='word_1_294' title='bbox 363 3180 505 3242; x_wconf 84' lang='lat' dir='ltr'>invicem,</span> <span class='ocrx_word' id='word_1_295' title='bbox 534 3182 690 3253; x_wconf 86' lang='lat' dir='ltr'>simulque</span> <span class='ocrx_word' id='word_1_296' title='bbox 709 3187 958 3254; x_wconf 68' lang='lat' dir='ltr'>consanguineae</span> <span class='ocrx_word' id='word_1_297' title='bbox 979 3187 1169 3256; x_wconf 69' lang='lat' dir='ltr'>Vespasiani</span> <span class='ocrx_word' id='word_1_298' title='bbox 1190 3186 1257 3250; x_wconf 88' lang='lat' dir='ltr'>Titi,</span> <span class='ocrx_word' id='word_1_299' title='bbox 1280 3185 1446 3239; x_wconf 87' lang='lat' dir='ltr'>Domitiani</span> <span class='ocrx_word' id='word_1_300' title='bbox 1472 3183 1606 3252; x_wconf 80' lang='lat' dir='ltr'>Impera-</span> 
     </span>
     <span class='ocr_line' id='line_1_36' title="bbox 364 3252 1604 3324; baseline 0.003 -22"><span class='ocrx_word' id='word_1_301' title='bbox 364 3255 477 3305; x_wconf 90' lang='lat' dir='ltr'>torum.</span> <span class='ocrx_word' id='word_1_302' title='bbox 498 3252 672 3307; x_wconf 86' lang='lat' dir='ltr'>lloiuitillac</span> <span class='ocrx_word' id='word_1_303' title='bbox 701 3254 838 3308; x_wconf 82' lang='lat' dir='ltr'>Sciiioii&#39;s</span> <span class='ocrx_word' id='word_1_304' title='bbox 861 3263 959 3310; x_wconf 86' lang='lat' dir='ltr'>mater</span> <span class='ocrx_word' id='word_1_305' title='bbox 977 3265 1043 3312; x_wconf 88' lang='lat' dir='ltr'>erat</span> <span class='ocrx_word' id='word_1_306' title='bbox 1063 3257 1126 3311; x_wconf 90' lang='lat' dir='ltr'>lilia</span> <span class='ocrx_word' id='word_1_307' title='bbox 1146 3255 1337 3324; x_wconf 78' lang='lat' dir='ltr'>Vespasiani,</span> <span class='ocrx_word' id='word_1_308' title='bbox 1368 3255 1473 3308; x_wconf 81' lang='lat' dir='ltr'>Flavia</span> <span class='ocrx_word' id='word_1_309' title='bbox 1499 3253 1604 3306; x_wconf 90' lang='lat' dir='ltr'>Donii·</span> 
     </span>
     <span class='ocr_line' id='line_1_37' title="bbox 362 3319 1606 3393; baseline 0.002 -21"><span class='ocrx_word' id='word_1_310' title='bbox 362 3319 434 3384; x_wconf 87' lang='lat' dir='ltr'>tilla,</span> <span class='ocrx_word' id='word_1_311' title='bbox 462 3321 592 3375; x_wconf 87' lang='lat' dir='ltr'>maritus</span> <span class='ocrx_word' id='word_1_312' title='bbox 619 3323 650 3376; x_wconf 89' lang='lat' dir='ltr'>T.</span> <span class='ocrx_word' id='word_1_313' title='bbox 679 3323 805 3377; x_wconf 81' lang='lat' dir='ltr'>Flavius</span> <span class='ocrx_word' id='word_1_314' title='bbox 831 3325 975 3380; x_wconf 80' lang='lat' dir='ltr'>Clemens</span> <span class='ocrx_word' id='word_1_315' title='bbox 998 3326 1114 3390; x_wconf 79' lang='lat' dir='ltr'>consid,</span> <span class='ocrx_word' id='word_1_316' title='bbox 1135 3325 1223 3379; x_wconf 90' lang='lat' dir='ltr'>ouius</span> <span class='ocrx_word' id='word_1_317' title='bbox 1247 3331 1343 3393; x_wconf 86' lang='lat' dir='ltr'>pater,</span> <span class='ocrx_word' id='word_1_318' title='bbox 1367 3323 1454 3378; x_wconf 86' lang='lat' dir='ltr'>Titus</span> <span class='ocrx_word' id='word_1_319' title='bbox 1475 3321 1606 3377; x_wconf 75' lang='lat' dir='ltr'>Flavius</span> 
     </span>
     <span class='ocr_line' id='line_1_38' title="bbox 362 3389 1603 3462; baseline 0.002 -20"><span class='ocrx_word' id='word_1_320' title='bbox 362 3389 497 3443; x_wconf 88' lang='lat' dir='ltr'>Sabinus</span> <span class='ocrx_word' id='word_1_321' title='bbox 512 3398 651 3458; x_wconf 88' lang='lat' dir='ltr'>tempore</span> <span class='ocrx_word' id='word_1_322' title='bbox 663 3393 796 3447; x_wconf 78' lang='lat' dir='ltr'>Neronis</span> <span class='ocrx_word' id='word_1_323' title='bbox 808 3395 1034 3462; x_wconf 72' lang='lat' dir='ltr'>praefecturam</span> <span class='ocrx_word' id='word_1_324' title='bbox 1053 3395 1145 3450; x_wconf 61' lang='lat' dir='ltr'>[liliis</span> <span class='ocrx_word' id='word_1_325' title='bbox 1160 3394 1259 3462; x_wconf 67' lang='lat' dir='ltr'>gessit</span> <span class='ocrx_word' id='word_1_326' title='bbox 1274 3401 1303 3448; x_wconf 85' lang='lat' dir='ltr'>et</span> <span class='ocrx_word' id='word_1_327' title='bbox 1318 3393 1407 3448; x_wconf 83' lang='lat' dir='ltr'>valde</span> <span class='ocrx_word' id='word_1_328' title='bbox 1421 3393 1603 3447; x_wconf 85' lang='lat' dir='ltr'>clementem</span> 
     </span>
     <span class='ocr_line' id='line_1_39' title="bbox 362 3459 1604 3537; baseline 0.001 -27"><span class='ocrx_word' id='word_1_329' title='bbox 362 3459 638 3537; x_wconf 72' lang='lat' dir='ltr'>ergaplirisiianos</span> <span class='ocrx_word' id='word_1_330' title='bbox 659 3470 788 3516; x_wconf 83' lang='lat' dir='ltr'>vexatos</span> <span class='ocrx_word' id='word_1_331' title='bbox 809 3479 841 3518; x_wconf 89' lang='lat' dir='ltr'>sc</span> <span class='ocrx_word' id='word_1_332' title='bbox 856 3465 1005 3520; x_wconf 82' lang='lat' dir='ltr'>exliiliuit.</span> <span class='ocrx_word' id='word_1_333' title='bbox 1027 3464 1123 3520; x_wconf 86' lang='lat' dir='ltr'>Filius</span> <span class='ocrx_word' id='word_1_334' title='bbox 1143 3463 1218 3528; x_wconf 86' lang='lat' dir='ltr'>eius,</span> <span class='ocrx_word' id='word_1_335' title='bbox 1240 3463 1367 3518; x_wconf 82' lang='lat' dir='ltr'>FlarIus</span> <span class='ocrx_word' id='word_1_336' title='bbox 1388 3463 1530 3518; x_wconf 85' lang='lat' dir='ltr'>Clemens</span> <span class='ocrx_word' id='word_1_337' title='bbox 1542 3463 1604 3516; x_wconf 75' lang='lat' dir='ltr'>suli</span> 
     </span>
     <span class='ocr_line' id='line_1_40' title="bbox 363 3526 1604 3604; baseline 0.004 -25"><span class='ocrx_word' id='word_1_338' title='bbox 363 3526 539 3604; x_wconf 83' lang='lat' dir='ltr'>llomitiano</span> <span class='ocrx_word' id='word_1_339' title='bbox 558 3535 593 3583; x_wconf 89' lang='lat' dir='ltr'>ut</span> <span class='ocrx_word' id='word_1_340' title='bbox 611 3530 801 3586; x_wconf 86' lang='lat' dir='ltr'>christianus</span> <span class='ocrx_word' id='word_1_341' title='bbox 831 3535 1016 3602; x_wconf 78' lang='lat' dir='ltr'>martyrium</span> <span class='ocrx_word' id='word_1_342' title='bbox 1049 3549 1171 3603; x_wconf 75' lang='lat' dir='ltr'>passus</span> <span class='ocrx_word' id='word_1_343' title='bbox 1192 3549 1273 3587; x_wconf 87' lang='lat' dir='ltr'>uxor</span> <span class='ocrx_word' id='word_1_344' title='bbox 1292 3534 1358 3588; x_wconf 87' lang='lat' dir='ltr'>eius</span> <span class='ocrx_word' id='word_1_345' title='bbox 1380 3531 1535 3587; x_wconf 89' lang='lat' dir='ltr'>Domitilla</span> <span class='ocrx_word' id='word_1_346' title='bbox 1571 3531 1604 3584; x_wconf 92' lang='lat' dir='ltr'>in</span> 
     </span>
     <span class='ocr_line' id='line_1_41' title="bbox 363 3594 1604 3678; baseline 0.005 -31"><span class='ocrx_word' id='word_1_347' title='bbox 363 3594 496 3676; x_wconf 79' lang='lat' dir='ltr'>insulam</span> <span class='ocrx_word' id='word_1_348' title='bbox 519 3597 737 3678; x_wconf 54' lang='lat' dir='ltr'>lffandatariaiii</span> <span class='ocrx_word' id='word_1_349' title='bbox 765 3601 869 3659; x_wconf 88' lang='lat' dir='ltr'>iliodie</span> <span class='ocrx_word' id='word_1_350' title='bbox 889 3603 983 3658; x_wconf 83' lang='lat' dir='ltr'>Senta</span> <span class='ocrx_word' id='word_1_351' title='bbox 1004 3604 1100 3658; x_wconf 86' lang='lat' dir='ltr'>llaria</span> <span class='ocrx_word' id='word_1_352' title='bbox 1126 3607 1279 3668; x_wconf 83' lang='lat' dir='ltr'>vocatam)</span> <span class='ocrx_word' id='word_1_353' title='bbox 1310 3602 1441 3672; x_wconf 83' lang='lat' dir='ltr'>expulsa</span> <span class='ocrx_word' id='word_1_354' title='bbox 1461 3609 1516 3656; x_wconf 89' lang='lat' dir='ltr'>est.</span> <span class='ocrx_word' id='word_1_355' title='bbox 1534 3600 1604 3654; x_wconf 75' lang='lat' dir='ltr'>alia</span> 
     </span>
     <span class='ocr_line' id='line_1_42' title="bbox 363 3665 1605 3744; baseline 0.008 -28"><span class='ocrx_word' id='word_1_356' title='bbox 363 3665 425 3744; x_wconf 81' lang='lat' dir='ltr'>iata</span> <span class='ocrx_word' id='word_1_357' title='bbox 444 3681 511 3720; x_wconf 87' lang='lat' dir='ltr'>eius</span> <span class='ocrx_word' id='word_1_358' title='bbox 525 3682 724 3736; x_wconf 58' lang='lat' dir='ltr'>ignominam</span> <span class='ocrx_word' id='word_1_359' title='bbox 745 3671 820 3740; x_wconf 91' lang='lat' dir='ltr'>quid</span> <span class='ocrx_word' id='word_1_360' title='bbox 834 3672 1000 3728; x_wconf 86' lang='lat' dir='ltr'>liliertiiius</span> <span class='ocrx_word' id='word_1_361' title='bbox 1014 3673 1080 3728; x_wconf 82' lang='lat' dir='ltr'>cius</span> <span class='ocrx_word' id='word_1_362' title='bbox 1094 3679 1201 3726; x_wconf 87' lang='lat' dir='ltr'>contra</span> <span class='ocrx_word' id='word_1_363' title='bbox 1217 3669 1426 3726; x_wconf 90' lang='lat' dir='ltr'>Domitianum</span> <span class='ocrx_word' id='word_1_364' title='bbox 1442 3685 1539 3726; x_wconf 83' lang='lat' dir='ltr'>ausus</span> <span class='ocrx_word' id='word_1_365' title='bbox 1554 3669 1605 3726; x_wconf 67' lang='lat' dir='ltr'>sit,</span> 
     </span>
     <span class='ocr_line' id='line_1_43' title="bbox 363 3733 1136 3815; baseline 0.014 -30"><span class='ocrx_word' id='word_1_366' title='bbox 363 3733 581 3815; x_wconf 79' lang='lat' dir='ltr'>Philostratus,</span> <span class='ocrx_word' id='word_1_367' title='bbox 600 3738 668 3791; x_wconf 81' lang='lat' dir='ltr'>Vita</span> <span class='ocrx_word' id='word_1_368' title='bbox 688 3741 843 3808; x_wconf 79' lang='lat' dir='ltr'>Apollonii</span> <span class='ocrx_word' id='word_1_369' title='bbox 862 3741 948 3808; x_wconf 81' lang='lat' dir='ltr'>VIII,</span> <span class='ocrx_word' id='word_1_370' title='bbox 969 3745 1001 3797; x_wconf 76' lang='lat'>25</span> <span class='ocrx_word' id='word_1_371' title='bbox 1021 3749 1136 3796; x_wconf 90' lang='lat' dir='ltr'>narrat.</span> 
     </span>
     <span class='ocr_line' id='line_1_44' title="bbox 465 3804 1605 3872; baseline 0.004 -16"><span class='ocrx_word' id='word_1_372' title='bbox 465 3804 620 3860; x_wconf 89' lang='lat' dir='ltr'>Doniitilla</span> <span class='ocrx_word' id='word_1_373' title='bbox 641 3807 749 3862; x_wconf 86' lang='lat' dir='ltr'>Iunior</span> <span class='ocrx_word' id='word_1_374' title='bbox 768 3818 839 3864; x_wconf 88' lang='lat' dir='ltr'>nata</span> <span class='ocrx_word' id='word_1_375' title='bbox 858 3817 923 3866; x_wconf 90' lang='lat' dir='ltr'>erat</span> <span class='ocrx_word' id='word_1_376' title='bbox 944 3829 981 3865; x_wconf 89' lang='lat' dir='ltr'>ex</span> <span class='ocrx_word' id='word_1_377' title='bbox 1002 3827 1110 3865; x_wconf 74' lang='lat' dir='ltr'>sorore</span> <span class='ocrx_word' id='word_1_378' title='bbox 1131 3810 1229 3866; x_wconf 78' lang='lat' dir='ltr'>Flavii</span> <span class='ocrx_word' id='word_1_379' title='bbox 1245 3808 1421 3872; x_wconf 78' lang='lat' dir='ltr'>Clementia.</span> <span class='ocrx_word' id='word_1_380' title='bbox 1451 3807 1605 3866; x_wconf 86' lang='lat' dir='ltr'>Plautilla.</span> 
     </span>
     <span class='ocr_line' id='line_1_45' title="bbox 359 3875 1602 3950; baseline 0.006 -28"><span class='ocrx_word' id='word_1_381' title='bbox 359 3886 439 3937; x_wconf 89' lang='lat' dir='ltr'>quae</span> <span class='ocrx_word' id='word_1_382' title='bbox 457 3888 474 3926; x_wconf 90' lang='lat' dir='ltr'>a</span> <span class='ocrx_word' id='word_1_383' title='bbox 489 3890 513 3929; x_wconf 87' lang='lat' dir='ltr'>s.</span> <span class='ocrx_word' id='word_1_384' title='bbox 530 3875 621 3928; x_wconf 87' lang='lat' dir='ltr'>Petro</span> <span class='ocrx_word' id='word_1_385' title='bbox 637 3877 827 3944; x_wconf 82' lang='lat' dir='ltr'>baptismum</span> <span class='ocrx_word' id='word_1_386' title='bbox 843 3881 988 3950; x_wconf 81' lang='lat' dir='ltr'>suscepit.</span> <span class='ocrx_word' id='word_1_387' title='bbox 1005 3881 1159 3935; x_wconf 85' lang='lat' dir='ltr'>lloniitilla</span> <span class='ocrx_word' id='word_1_388' title='bbox 1174 3880 1334 3936; x_wconf 84' lang='lat' dir='ltr'>Christum</span> <span class='ocrx_word' id='word_1_389' title='bbox 1349 3877 1536 3933; x_wconf 75' lang='lat' dir='ltr'>confessam</span> <span class='ocrx_word' id='word_1_390' title='bbox 1558 3877 1602 3930; x_wconf 88' lang='lat' dir='ltr'>iii·</span> 
     </span>
     <span class='ocr_line' id='line_1_46' title="bbox 361 3939 853 4012; baseline 0.028 -23"><span class='ocrx_word' id='word_1_391' title='bbox 361 3939 460 3994; x_wconf 88' lang='lat' dir='ltr'>sulam</span> <span class='ocrx_word' id='word_1_392' title='bbox 481 3942 623 3998; x_wconf 88' lang='lat' dir='ltr'>Pontiam</span> <span class='ocrx_word' id='word_1_393' title='bbox 644 3946 780 4012; x_wconf 70' lang='lat' dir='ltr'>relegata</span> <span class='ocrx_word' id='word_1_394' title='bbox 798 3957 853 4004; x_wconf 87' lang='lat' dir='ltr'>est.</span> 
     </span>
     <span class='ocr_line' id='line_1_47' title="bbox 372 4011 1605 4091; baseline 0.003 -27"><span class='ocrx_word' id='word_1_395' title='bbox 372 4075 378 4084; x_wconf 34' lang='grc' dir='ltr'>Ι</span> <span class='ocrx_word' id='word_1_396' title='bbox 406 4075 412 4086; x_wconf 37' lang='grc'><strong>,</strong></span> <span class='ocrx_word' id='word_1_397' title='bbox 460 4011 610 4091; x_wconf 45' lang='lat' dir='ltr'>An3to93.</span> <span class='ocrx_word' id='word_1_398' title='bbox 629 4015 740 4070; x_wconf 85' lang='lat' dir='ltr'>doctus</span> <span class='ocrx_word' id='word_1_399' title='bbox 760 4017 873 4072; x_wconf 84' lang='lat' dir='ltr'>Bosius</span> <span class='ocrx_word' id='word_1_400' title='bbox 888 4020 1025 4088; x_wconf 85' lang='lat' dir='ltr'>repperit</span> <span class='ocrx_word' id='word_1_401' title='bbox 1040 4020 1158 4074; x_wconf 64' lang='lat' dir='ltr'>celebre</span> <span class='ocrx_word' id='word_1_402' title='bbox 1173 4018 1247 4073; x_wconf 91' lang='lat' dir='ltr'>illud</span> <span class='ocrx_word' id='word_1_403' title='bbox 1264 4018 1484 4072; x_wconf 86' lang='lat' dir='ltr'>coemeterium</span> <span class='ocrx_word' id='word_1_404' title='bbox 1500 4015 1605 4070; x_wconf 88' lang='lat' dir='ltr'>Domi·</span> 
     </span>
     <span class='ocr_line' id='line_1_48' title="bbox 357 4075 1600 4156; baseline 0.01 -30"><span class='ocrx_word' id='word_1_405' title='bbox 357 4075 499 4153; x_wconf 74' lang='lat' dir='ltr'>tillinum,</span> <span class='ocrx_word' id='word_1_406' title='bbox 518 4096 550 4133; x_wconf 93' lang='lat' dir='ltr'>m</span> <span class='ocrx_word' id='word_1_407' title='bbox 569 4099 631 4151; x_wconf 88' lang='lat' dir='ltr'>quo</span> <span class='ocrx_word' id='word_1_408' title='bbox 651 4087 831 4152; x_wconf 87' lang='lat' dir='ltr'>nuperrime</span> <span class='ocrx_word' id='word_1_409' title='bbox 846 4105 920 4142; x_wconf 84' lang='lat' dir='ltr'>veru</span> <span class='ocrx_word' id='word_1_410' title='bbox 939 4089 1043 4154; x_wconf 65' lang='lat' dir='ltr'>imago</span> <span class='ocrx_word' id='word_1_411' title='bbox 1063 4105 1103 4144; x_wconf 79' lang='lat' dir='ltr'>ss</span> <span class='ocrx_word' id='word_1_412' title='bbox 1126 4089 1208 4143; x_wconf 83' lang='lat' dir='ltr'>l&#39;etri</span> <span class='ocrx_word' id='word_1_413' title='bbox 1229 4093 1258 4140; x_wconf 85' lang='lat' dir='ltr'>et</span> <span class='ocrx_word' id='word_1_414' title='bbox 1279 4085 1366 4141; x_wconf 87' lang='lat' dir='ltr'>Pauli</span> <span class='ocrx_word' id='word_1_415' title='bbox 1385 4087 1600 4156; x_wconf 84' lang='lat' dir='ltr'>apostolorum</span> 
     </span>
     <span class='ocr_line' id='line_1_49' title="bbox 356 4151 1598 4228; baseline 0.008 -32"><span class='ocrx_word' id='word_1_416' title='bbox 356 4151 483 4227; x_wconf 66' lang='lat' dir='ltr'>inventa</span> <span class='ocrx_word' id='word_1_417' title='bbox 501 4155 557 4226; x_wconf 81' lang='lat' dir='ltr'>cst.</span> <span class='ocrx_word' id='word_1_418' title='bbox 583 4152 668 4215; x_wconf 86' lang='lat' dir='ltr'>Quae</span> <span class='ocrx_word' id='word_1_419' title='bbox 691 4162 720 4208; x_wconf 92' lang='lat' dir='ltr'>et</span> <span class='ocrx_word' id='word_1_420' title='bbox 740 4165 830 4210; x_wconf 90' lang='lat' dir='ltr'>notae</span> <span class='ocrx_word' id='word_1_421' title='bbox 856 4158 1021 4228; x_wconf 89' lang='lat' dir='ltr'>utriusque</span> <span class='ocrx_word' id='word_1_422' title='bbox 1047 4158 1142 4212; x_wconf 90' lang='lat' dir='ltr'>indoli</span> <span class='ocrx_word' id='word_1_423' title='bbox 1168 4157 1321 4222; x_wconf 85' lang='lat' dir='ltr'>coiivenit,</span> <span class='ocrx_word' id='word_1_424' title='bbox 1347 4163 1378 4210; x_wconf 90' lang='lat' dir='ltr'>et</span> <span class='ocrx_word' id='word_1_425' title='bbox 1396 4152 1598 4224; x_wconf 84' lang='lat' dir='ltr'>descriptioni</span> 
     </span>
     <span class='ocr_line' id='line_1_50' title="bbox 356 4211 1601 4298; baseline -0.006 -16"><span class='ocrx_word' id='word_1_426' title='bbox 356 4211 521 4282; x_wconf 62' lang='grc' dir='ltr'>ΝΟΘΡῙΙΟΠ</span> <span class='ocrx_word' id='word_1_427' title='bbox 548 4218 665 4298; x_wconf 66' lang='lat' dir='ltr'>Callisti</span> <span class='ocrx_word' id='word_1_428' title='bbox 695 4226 864 4292; x_wconf 81' lang='lat' dir='ltr'>respondet</span> <span class='ocrx_word' id='word_1_429' title='bbox 893 4227 944 4290; x_wconf 84' lang='lat' dir='ltr'>(H.</span> <span class='ocrx_word' id='word_1_430' title='bbox 964 4229 1034 4283; x_wconf 86' lang='lat' dir='ltr'>cccl.</span> <span class='ocrx_word' id='word_1_431' title='bbox 1055 4229 1095 4294; x_wconf 87' lang='lat' dir='ltr'>II,</span> <span class='ocrx_word' id='word_1_432' title='bbox 1116 4230 1161 4294; x_wconf 71' lang='lat'>37)</span> <span class='ocrx_word' id='word_1_433' title='bbox 1181 4235 1211 4281; x_wconf 87' lang='lat' dir='ltr'>et</span> <span class='ocrx_word' id='word_1_434' title='bbox 1231 4226 1375 4292; x_wconf 74' lang='lat' dir='ltr'>Iudaeae,</span> <span class='ocrx_word' id='word_1_435' title='bbox 1404 4241 1467 4280; x_wconf 89' lang='lat' dir='ltr'>non</span> <span class='ocrx_word' id='word_1_436' title='bbox 1492 4223 1601 4278; x_wconf 88' lang='lat' dir='ltr'>addito</span> 
     </span>
     <span class='ocr_line' id='line_1_51' title="bbox 302 4279 1563 4363; baseline 0.011 -32"><span class='ocrx_word' id='word_1_437' title='bbox 302 4353 307 4363; x_wconf 39' lang='grc' dir='ltr'><strong><em>Ι</em></strong></span> <span class='ocrx_word' id='word_1_438' title='bbox 356 4279 475 4350; x_wconf 84' lang='lat' dir='ltr'>decore,</span> <span class='ocrx_word' id='word_1_439' title='bbox 494 4288 627 4344; x_wconf 83' lang='lat' dir='ltr'>exhibet.</span> <span class='ocrx_word' id='word_1_440' title='bbox 649 4292 822 4347; x_wconf 83' lang='lat' dir='ltr'>Pretiosam</span> <span class='ocrx_word' id='word_1_441' title='bbox 843 4295 940 4362; x_wconf 70' lang='lat' dir='ltr'>igitur</span> <span class='ocrx_word' id='word_1_442' title='bbox 961 4313 1024 4351; x_wconf 88' lang='lat' dir='ltr'>rem</span> <span class='ocrx_word' id='word_1_443' title='bbox 1045 4297 1180 4352; x_wconf 87' lang='lat' dir='ltr'>ianiiliae</span> <span class='ocrx_word' id='word_1_444' title='bbox 1201 4296 1382 4350; x_wconf 84' lang='lat' dir='ltr'>Flaviorum</span> <span class='ocrx_word' id='word_1_445' title='bbox 1403 4294 1563 4350; x_wconf 81' lang='lat' dir='ltr'>debemus</span> 
     </span>
    </p>

    <p class='ocr_par' dir='ltr' id='par_1_9' title="bbox 356 4349 1601 4782">
     <span class='ocr_line' id='line_1_52' title="bbox 411 4349 1600 4436; baseline 0.004 -27"><span class='ocrx_word' id='word_1_446' title='bbox 411 4420 419 4431; x_wconf 84' lang='lat'>.</span> <span class='ocrx_word' id='word_1_447' title='bbox 459 4356 648 4436; x_wconf 28' lang='lat' dir='ltr'>rihpalddlr,</span> <span class='ocrx_word' id='word_1_448' title='bbox 668 4349 781 4417; x_wconf 82' lang='lat' dir='ltr'>Cema</span> <span class='ocrx_word' id='word_1_449' title='bbox 807 4365 870 4418; x_wconf 80' lang='lat' dir='ltr'>uci</span> <span class='ocrx_word' id='word_1_450' title='bbox 897 4365 1095 4435; x_wconf 56' lang='lat' dir='ltr'>viclioilni</span> <span class='ocrx_word' id='word_1_451' title='bbox 1123 4365 1270 4422; x_wconf 76' lang='lat' dir='ltr'>Otoorc&#39;i</span> <span class='ocrx_word' id='word_1_452' title='bbox 1296 4364 1523 4419; x_wconf 79' lang='lat' dir='ltr'>cickevnio</span> <span class='ocrx_word' id='word_1_453' title='bbox 1543 4378 1600 4432; x_wconf 89' lang='lat' dir='ltr'>po-</span> 
     </span>
     <span class='ocr_line' id='line_1_53' title="bbox 358 4428 1600 4508; baseline 0.003 -29"><span class='ocrx_word' id='word_1_454' title='bbox 358 4433 553 4496; x_wconf 33' lang='lat' dir='ltr'>Slvcquici</span> <span class='ocrx_word' id='word_1_455' title='bbox 584 4428 726 4508; x_wconf 83' lang='lat' dir='ltr'>milosti</span> <span class='ocrx_word' id='word_1_456' title='bbox 748 4431 779 4485; x_wconf 89' lang='lat' dir='ltr'>P.</span> <span class='ocrx_word' id='word_1_457' title='bbox 801 4433 918 4488; x_wconf 81' lang='lat' dir='ltr'>llario</span> <span class='ocrx_word' id='word_1_458' title='bbox 945 4436 1039 4503; x_wconf 79' lang='lat' dir='ltr'>pred</span> <span class='ocrx_word' id='word_1_459' title='bbox 1066 4435 1333 4505; x_wconf 81' lang='lat' dir='ltr'>smrtijejilio</span> <span class='ocrx_word' id='word_1_460' title='bbox 1361 4434 1473 4504; x_wconf 83' lang='lat' dir='ltr'>Syna.</span> <span class='ocrx_word' id='word_1_461' title='bbox 1501 4432 1600 4497; x_wconf 74' lang='lat' dir='ltr'>(Quae</span> 
     </span>
     <span class='ocr_line' id='line_1_54' title="bbox 356 4489 1600 4574; baseline 0.006 -30"><span class='ocrx_word' id='word_1_462' title='bbox 356 4491 396 4565; x_wconf 68' lang='lat' dir='ltr'>stt</span> <span class='ocrx_word' id='word_1_463' title='bbox 424 4489 550 4572; x_wconf 60' lang='lat' dir='ltr'>Ratruiii</span> <span class='ocrx_word' id='word_1_464' title='bbox 581 4497 727 4574; x_wconf 69' lang='lat' dir='ltr'>erclesiae</span> <span class='ocrx_word' id='word_1_465' title='bbox 763 4501 923 4557; x_wconf 89' lang='lat' dir='ltr'>orientalis</span> <span class='ocrx_word' id='word_1_466' title='bbox 957 4504 1098 4559; x_wconf 79' lang='lat' dir='ltr'>iloctrina</span> <span class='ocrx_word' id='word_1_467' title='bbox 1126 4505 1165 4558; x_wconf 84' lang='lat' dir='ltr'>de</span> <span class='ocrx_word' id='word_1_468' title='bbox 1193 4506 1293 4568; x_wconf 72' lang='lat' dir='ltr'>uratia</span> <span class='ocrx_word' id='word_1_469' title='bbox 1324 4503 1537 4558; x_wconf 83' lang='lat' dir='ltr'>sanctificante</span> <span class='ocrx_word' id='word_1_470' title='bbox 1567 4501 1600 4554; x_wconf 89' lang='lat' dir='ltr'>B.</span> 
     </span>
     <span class='ocr_line' id='line_1_55' title="bbox 360 4555 1278 4647; baseline 0.017 -37"><span class='ocrx_word' id='word_1_471' title='bbox 360 4555 494 4647; x_wconf 77' lang='lat' dir='ltr'>Virginis</span> <span class='ocrx_word' id='word_1_472' title='bbox 515 4563 630 4618; x_wconf 78' lang='lat' dir='ltr'>alariae</span> <span class='ocrx_word' id='word_1_473' title='bbox 649 4574 719 4621; x_wconf 88' lang='lat' dir='ltr'>ante</span> <span class='ocrx_word' id='word_1_474' title='bbox 739 4568 839 4636; x_wconf 89' lang='lat' dir='ltr'>ipsius</span> <span class='ocrx_word' id='word_1_475' title='bbox 860 4571 929 4626; x_wconf 84' lang='lat' dir='ltr'>Filii</span> <span class='ocrx_word' id='word_1_476' title='bbox 951 4579 1096 4640; x_wconf 89' lang='lat' dir='ltr'>mortem)</span> <span class='ocrx_word' id='word_1_477' title='bbox 1117 4589 1144 4638; x_wconf 90' lang='lat' dir='ltr'>p.</span> <span class='ocrx_word' id='word_1_478' title='bbox 1166 4577 1278 4628; x_wconf 83' lang='lat' dir='ltr'>liii-5.</span> 
     </span>
     <span class='ocr_line' id='line_1_56' title="bbox 360 4629 1598 4720; baseline 0.008 -38"><span class='ocrx_word' id='word_1_479' title='bbox 360 4690 365 4702; x_wconf 39' lang='grc'><em>,</em></span> <span class='ocrx_word' id='word_1_480' title='bbox 424 4696 433 4720; x_wconf 56' lang='grc'><strong>)</strong></span> <span class='ocrx_word' id='word_1_481' title='bbox 460 4629 573 4684; x_wconf 63' lang='lat' dir='ltr'>notum</span> <span class='ocrx_word' id='word_1_482' title='bbox 595 4641 641 4687; x_wconf 80' lang='lat' dir='ltr'>est</span> <span class='ocrx_word' id='word_1_483' title='bbox 663 4635 771 4691; x_wconf 86' lang='lat' dir='ltr'>Patres</span> <span class='ocrx_word' id='word_1_484' title='bbox 793 4640 927 4696; x_wconf 83' lang='lat' dir='ltr'>Graecos</span> <span class='ocrx_word' id='word_1_485' title='bbox 958 4643 1079 4712; x_wconf 87' lang='lat' dir='ltr'>(auctor</span> <span class='ocrx_word' id='word_1_486' title='bbox 1098 4644 1170 4697; x_wconf 86' lang='lat' dir='ltr'>citat</span> <span class='ocrx_word' id='word_1_487' title='bbox 1190 4643 1281 4696; x_wconf 85' lang='lat' dir='ltr'>ctiam</span> <span class='ocrx_word' id='word_1_488' title='bbox 1313 4642 1525 4711; x_wconf 64' lang='lat' dir='ltr'>augustinum</span> <span class='ocrx_word' id='word_1_489' title='bbox 1546 4639 1598 4693; x_wconf 91' lang='lat' dir='ltr'>Tr.</span> 
     </span>
     <span class='ocr_line' id='line_1_57' title="bbox 358 4693 1601 4782; baseline 0.014 -38"><span class='ocrx_word' id='word_1_490' title='bbox 358 4706 390 4745; x_wconf 88' lang='lat' dir='ltr'>iii</span> <span class='ocrx_word' id='word_1_491' title='bbox 410 4693 459 4748; x_wconf 91' lang='lat' dir='ltr'>ls.</span> <span class='ocrx_word' id='word_1_492' title='bbox 478 4701 509 4751; x_wconf 85' lang='lat'>91</span> <span class='ocrx_word' id='word_1_493' title='bbox 530 4707 561 4752; x_wconf 89' lang='lat' dir='ltr'>et</span> <span class='ocrx_word' id='word_1_494' title='bbox 580 4703 697 4770; x_wconf 77' lang='lat' dir='ltr'>Ati-em,</span> <span class='ocrx_word' id='word_1_495' title='bbox 719 4707 814 4776; x_wconf 63' lang='lat' dir='ltr'>Lamp·</span> <span class='ocrx_word' id='word_1_496' title='bbox 837 4710 860 4776; x_wconf 90' lang='grc' dir='ltr'>Ι,</span> <span class='ocrx_word' id='word_1_497' title='bbox 881 4712 934 4765; x_wconf 88' lang='lat' dir='ltr'>col.</span> <span class='ocrx_word' id='word_1_498' title='bbox 955 4713 999 4779; x_wconf 78' lang='lat'>56)</span> <span class='ocrx_word' id='word_1_499' title='bbox 1020 4727 1153 4782; x_wconf 79' lang='lat' dir='ltr'>negasse</span> <span class='ocrx_word' id='word_1_500' title='bbox 1182 4711 1334 4780; x_wconf 86' lang='lat' dir='ltr'>Spiritum</span> <span class='ocrx_word' id='word_1_501' title='bbox 1351 4715 1459 4766; x_wconf 83' lang='lat' dir='ltr'>sante</span> <span class='ocrx_word' id='word_1_502' title='bbox 1480 4707 1601 4766; x_wconf 85' lang='lat' dir='ltr'>Glirisli</span> 
     </span>
    </p>
   </div>
   <div class='ocr_carea' id='block_1_5' title="bbox 0 0 1730 5342">
    <p class='ocr_par' dir='ltr' id='par_1_10' title="bbox 0 0 1730 5342">
     <span class='ocr_line' id='line_1_58' title="bbox 0 0 1730 5342; baseline 0 5"><span class='ocrx_word' id='word_1_503' title='bbox 0 0 1730 5342; x_wconf 95' lang='lat' dir='ltr'> </span> 
     </span>
    </p>
   </div>
   <div class='ocr_carea' id='block_1_6' title="bbox 1476 5267 1638 5288">
    <p class='ocr_par' dir='ltr' id='par_1_11' title="bbox 1476 5025 1706 5288">
     <span class='ocr_line' id='line_1_59' title="bbox 1476 5267 1638 5288; baseline 0.004 -1"><span class='ocrx_word' id='word_1_504' title='bbox 1476 5275 1551 5287; x_wconf 79' lang='lat' dir='ltr'>--.-.r=</span> <span class='ocrx_word' id='word_1_505' title='bbox 1630 5267 1638 5288; x_wconf 77' lang='grc' dir='ltr'><strong><em>Ι</em></strong></span> 
     </span>
    </p>
   </div>
  </div>
 </body>
</html>
