3450 5342
671 393 860 468 4147-

251 596 488 660 Liberalismus,
506 595 677 650 Alexandri
688 596 729 652 ΙΙ.
748 595 859 652 farere
878 603 1071 668 propagatus
1091 595 1182 651 etiam
1203 595 1285 652 inter
1304 611 1395 666 supe-

145 684 265 740 riorum
296 683 443 738 classium
473 683 615 738 homines
644 681 816 752 discipulos
841 682 925 738 haud
952 697 1068 752 paucos
1092 699 1225 739 numero
1250 683 1393 740 habebat.

145 773 225 827 Cum
245 771 327 826 enim
348 769 539 841 Anglicanus
559 769 700 824 Redstok
720 774 759 835 (a.
780 772 867 836 1874.)
894 769 1050 840 Petropoli
1070 769 1229 825 orationes
1249 770 1394 824 1111111-

145 859 241 919 beret,
268 858 362 912 Russi
388 860 479 926 grato
504 854 609 910 animo
636 871 707 910 eum
728 861 921 925 receperunt.
961 855 1037 910 Eius
1058 871 1133 910 vero
1153 854 1239 910 ideas
1261 855 1394 911 maxime

147 944 281 1000 Basilius
302 943 427 998 Paskov
447 957 623 1013 propagare
641 943 769 1010 studuit,
788 943 883 1014 idque
904 957 1018 1012 magno
1037 957 1106 996 cum
1127 957 1274 996 successu
1294 957 1395 1012 usque

131 1031 185 1087 ,ad
204 1047 230 1085 a.
251 1034 326 1096 1881,
345 1046 409 1100 quo
428 1031 496 1099 ipse
515 1045 554 1085 ex
566 1029 681 1086 Russia
701 1031 839 1100 migrare
857 1035 983 1085 0010111
1003 1035 1058 1085 est.
1079 1029 1152 1098 Ipse
1172 1029 1276 1085 omnia
1290 1045 1307 1085 a
1322 1030 1395 1086 Pro·

146 1117 336 1173 testantibus
352 1123 508 1183 mutuans,
528 1117 657 1173 Lutheri
671 1116 766 1172 fidem
781 1116 958 1173 fiducialem
973 1131 1007 1172 ae
1022 1117 1176 1172 bonorum
1193 1131 1324 1185 operum
1344 1116 1396 1170 ab·

145 1203 277 1259 sentiam
298 1205 357 1258 late
377 1204 574 1259 extendebat.
595 1203 671 1258 llius
690 1203 834 1273 discipuli
849 1205 888 1259 de
902 1207 1056 1273 potestate
1075 1203 1157 1258 civili
1178 1203 1305 1258 sinistre
1326 1218 1394 1258 sen·

146 1291 228 1345 tiunt
249 1295 290 1360 (p.
308 1293 341 1346 38
361 1293 443 1361 sqq).
780 1338 782 1341 .

252 1375 380 1448 Sjutaev
401 1392 514 1434 novam
530 1376 674 1433 fundavit
689 1383 814 1445 sectam,
835 1393 915 1447 quae
929 1393 967 1432 ex
981 1376 1086 1447 priore
1106 1382 1174 1431 orta
1189 1376 1220 1432 in
1235 1391 1271 1431 eo
1291 1375 1392 1431 solum

146 1465 264 1531 differt,
284 1465 368 1534 quod
383 1464 450 1519 loco
464 1463 634 1534 religionis,
653 1463 750 1520 immo
763 1465 830 1520 loco
846 1465 908 1532 Dei,
934 1480 1075 1520 amorem
1095 1463 1182 1534 ponit
1202 1461 1242 1534 (p.
1256 1465 1290 1519 62
1304 1465 1395 1533 sqq).

251 1551 341 1606 Secta
355 1567 372 1606 a
388 1551 511 1606 Paskov
526 1551 656 1606 fundata
670 1552 760 1607 brevi
774 1558 915 1622 tempore
930 1551 1045 1608 multos
1059 1551 1227 1621 acquisivit
1241 1551 1394 1606 alumnos.

147 1638 184 1692 ld
205 1654 241 1692 eo
260 1637 381 1693 facilius
401 1638 525 1692 allicere
550 1644 681 1708 poterat,
694 1638 778 1708 quod
805 1638 938 1694 societas
959 1639 1112 1708 quaedum
1132 1637 1259 1696 Paskov
1280 1636 1394 1706 spiritu

145 1725 291 1788 animata,
310 1724 378 1779 eius
398 1724 550 1794 principia
571 1724 677 1780 multis
696 1724 809 1780 libellis
833 1725 1020 1795 publicabat.
1039 1725 1157 1780 Auctor
1175 1723 1274 1779 libros
1295 1724 1395 1795 magis

147 1811 260 1866 noxios
268 1811 409 1866 nominat
417 1816 511 1880 atque
519 1825 615 1880 opera
624 1809 663 1864 de
673 1811 780 1867 eadem
791 1815 873 1866 secta
885 1810 1047 1866 tractantia
1056 1817 1197 1866 recenset
1209 1822 1249 1881 tp,
1258 1812 1307 1866 124
1316 1813 1395 1880 sqq).

253 1898 463 1952 Tolstoismus
492 1896 664 1952 secundum
695 1896 856 1952 Skroreov
888 1897 963 1951 nihil
989 1897 1048 1952 nisi
1077 1897 1251 1952 atheismus
1277 1902 1325 1952 est
1352 1897 1395 1967 (p.

151 1989 198 2040 141
220 1999 301 2055 sqq).

254 2071 368 2134 Sectae,
387 2087 468 2142 quae
487 2071 594 2127 ruskol
613 2071 708 2138 audit,
737 2069 848 2125 fractio
867 2070 1021 2139 quaedam
1044 2069 1252 2124 sacerdotium
1274 2085 1394 2140 negans

148 2176 187 2214 ex
208 2175 244 2213 eo
263 2157 425 2227 processit,
445 2158 529 2228 quod
549 2157 653 2228 primo
672 2155 832 2212 eeclesiam
853 2155 921 2210 sine
947 2155 1163 2210 sacerdotibus
1182 2171 1277 2226 posse
1296 2156 1394 2212 exsis-

149 2257 212 2301 tere
240 2245 429 2313 affirmabat,
459 2245 530 2300 dein
549 2245 641 2300 etiam
662 2244 778 2299 debere
796 2245 839 2309 ita
857 2243 1058 2298 constitutam
1074 2257 1143 2298 esse
1162 2244 1340 2310 asserebat;
1361 2275 1393 2286 -

152 2333 199 2387 Ex
219 2333 383 2402 negatione
402 2337 505 2386 autem
520 2330 712 2386 hierarchiae
730 2332 770 2386 ad
789 2331 849 2386 1111
869 2330 1012 2400 neganda
1031 2345 1237 2399 progressum
1258 2330 1331 2386 feeit
1351 2331 1393 2401 (p.

151 2421 200 2475 ies
220 2422 302 2489 sqq).
1075 2417 1116 2471 1.
1136 2416 1361 2490 unusquam.

201 2629 337 2707 PARS
373 2627 810 2707 DISSENSIONlBUS
845 2628 1008 2705 INTER
1040 2623 1343 2705 ECCLESIAM

202 2747 625 2829 OCClDENTALEM
658 2751 723 2826 ET
761 2747 1107 2827 ORIENTALEM
1135 2745 1342 2827 COMPO·

502 2871 699 2950 NENDIS
726 2871 1044 2948 DESTlNATA.

539 3079 583 3146 lte
606 3095 713 3147 causa
737 3078 846 3164 Papae
871 3077 1015 3146 11000111.

263 3225 289 3278 1.
311 3221 358 3278 111
381 3241 498 3279 causa
520 3221 649 3299 Papae
672 3221 846 3279 Honorii
870 3223 912 3280 sic
925 3219 1027 3280 scribit
1044 3219 1219 3296 Dlillinger:
1237 3219 1303 3292 ,Ab
1317 3240 1396 3278 auno

155 3309 237 3366 1650
260 3311 356 3366 omnis
378 3307 532 3384 theologus
544 3309 667 3366 alicuius
683 3309 812 3366 nominis
828 3308 906 3366 hane
922 3307 978 3366 sibi
995 3309 1197 3385 quaestionem
1209 3305 1395 3365 tractandam

152 3396 318 3472 assumpsit,
342 3394 379 3454 de
392 3415 450 3472 qua
468 3397 529 3453 150
545 3415 688 3454 annerum
704 3396 799 3474 spatio
822 3396 907 3473 plura
919 3398 1028 3473 scripta
1046 3393 1224 3472 prodierunt,
1248 3413 1336 3472 quam
1360 3392 1397 3452 de

152 3501 353 3560 quaecumque
371 3482 431 3540 alia
446 3484 626 3559 quaestione,
641 3483 794 3541 historiam
811 3482 1043 3540 ecelesiasticam
1056 3488 1208 3558 spectante
1225 3483 1295 3538 totis
1313 3482 1397 3539 1500

152 3570 256 3627 annis“
279 3566 313 3641 ¹).
346 3570 432 3627 Ratio
464 3569 551 3627 huius
574 3572 616 3626 rei
639 3579 692 3642 est,
723 3573 800 3648 quia,
823 3579 855 3627 ut
879 3572 921 3627 ait
951 3569 1120 3626 notissimus
1143 3569 1399 3646 impugnator

155 3655 482 3714 infallibilitatis
505 3657 630 3714 Romani
647 3657 810 3728 Pontifieis,
833 3657 967 3726 Bossuet,
991 3665 1108 3714 nostrae
1129 3674 1235 3714 causae
1250 3656 1399 3734 peculiare

154 3742 332 3820 praesidium
354 3742 476 3821 praebet
499 3744 649 3802 Honorius
672 3745 773 3823 Papa“
790 3740 827 3821 ²).
850 3745 900 3802 Sic
924 3743 1027 3802 saltem
1048 3744 1111 3820 ipse
1124 3741 1246 3820 putabat
1268 3743 1399 3801 etmulti

152 3850 218 3887 rum
242 3833 313 3908 ipso,
343 3832 398 3888 etsi
422 3851 453 3888 re
476 3832 616 3888 attentius
639 3830 832 3903 considerata,
859 3833 919 3889 iarn
943 3851 1020 3888 anno
1047 3831 1129 3888 1870
1152 3839 1254 3888 auctor
1277 3827 1399 3906 quidam

153 3917 315 3975 01111011οι11
338 3915 465 3975 scribere
488 3919 601 3994 potuit:
619 3917 736 3990 ,Unum
748 3939 786 3976 ex
798 3919 918 3996 optimis
937 3919 1118 3994 argumentis
1140 3936 1208 3994 pro
1231 3913 1398 3973 infallibili-

153 4014 213 4061 tate
237 4005 363 4062 Romani
394 4004 549 4061 Pontificis
580 4003 665 4062 nubis
688 4007 747 4063 iam
770 4004 889 4063 videtur
920 4025 984 4062 esse
1013 4003 1096 4082 Papa
1127 4003 1279 4061 Honorius
1300 3997 1334 4082 ³).
1359 4003 1399 4061 Et

153 4112 264 4161 revera,
284 4093 307 4147 si
332 4091 384 4162 illi,
400 4093 450 4169 qui
474 4090 719 4150 infallibilitatem
742 4093 870 4150 Romani
893 4091 1047 4149 Pontificis
1071 4109 1230 4168 agnoscere
1253 4099 1399 4162 recusant,

152 4178 266 4235 firmius
288 4198 339 4254 pro
362 4199 416 4235 sua
431 4180 580 4235 sententia
602 4189 806 4256 argumentum
822 4199 882 4236 non
899 4177 1011 4236 habent
1027 4197 1114 4256 quum
1128 4197 1247 4236 causam
1264 4177 1400 4250 Honorii,

154 4263 191 4322 all
215 4285 302 4342 (piram
326 4285 441 4342 semper
471 4275 620 4342 tamquam
644 4264 683 4323 ad
706 4286 790 4324 suum
813 4265 964 4324 Achillem
997 4263 1178 4340 confugiunt,
1210 4265 1306 4322 victus
1330 4263 1401 4322 dein

153 4372 266 4422 mamis,
291 4372 410 4408 necesse
434 4363 485 4409 est.

222 4538 243 4597 11
262 4539 451 4605 Papstfabeln
471 4537 529 4591 147.

220 4606 241 4711 Ξ)
261 4609 396 4692 Defensio
415 4610 431 4661 l.
452 4607 518 4676 11.
537 4608 580 4663 21.

234 4680 244 4744 )
263 4678 368 4732 Civilia
386 4677 463 4746 1870,
481 4678 526 4746 X,
544 4677 604 4730 415.
