3450 5342
660 458 850 516 -193-

120 647 249 706 silendo
272 668 303 706 se
327 669 387 706 non
408 668 472 706 esse
495 646 706 704 infallibililcm
729 647 866 716 ostendit,
889 657 919 706 et
937 657 1007 706 tunc
1029 667 1047 706 a
1069 649 1132 726 pari
1156 647 1203 706 vel
1228 669 1245 706 a
1267 647 1380 706 fortiori

122 736 311 794 concilia
341 737 595 793 oecrrmenica
625 755 684 792 non
707 746 774 793 sunt
798 734 977 804 infallibilia,
1008 743 1040 793 ut
1064 755 1139 813 quae
1162 738 1271 814 pariter
1294 735 1381 794 silue-

124 825 206 895 rint3
230 836 280 881 aut
295 822 486 880 conciliorum
509 823 761 880 oecumenicorum
777 823 927 882 silentium
951 842 1049 880 eorum
1073 821 1281 881 infallibilitati
1306 843 1380 881 non

124 911 235 980 officit,
258 931 328 986 ergo
351 910 500 968 silentium
532 928 598 967 neo
629 909 720 966 officit
743 909 952 968 infallibilitati
975 909 1102 967 Romani
1131 910 1288 987 pontilicis.
1324 909 1379 968 Oe-

124 1008 229 1055 terum
256 995 359 1061 ,idea‘
387 995 609 1054 infallibilitatis
632 1017 691 1054 nou
714 1017 732 1054 a
753 999 892 1075 quopiam
915 1018 966 1075 pro
989 995 1083 1056 lubitu
1099 995 1304 1073 confingenda,
1328 995 1377 1055 sed

127 1085 311 1162 simpliciter
326 1083 364 1142 ab
379 1084 504 1141 eeclesia
520 1083 652 1142 Romana
669 1084 831 1142 mutuanda
849 1093 905 1157 est3
929 1083 1003 1142 haec
1026 1103 1096 1142 vero
1119 1103 1269 1162 nunquam
1294 1083 1378 1154 dixit,

128 1173 301 1229 Romanum
334 1170 503 1248 pontificem
525 1189 589 1228 esse
617 1173 659 1228 ita
689 1170 885 1236 infallibilem,
918 1182 950 1229 nt
980 1173 1142 1230 certissime
1176 1169 1378 1230 definitionem

128 1257 325 1316 infallibilem
348 1256 478 1342 editurus
501 1259 546 1326 sit,
569 1260 807 1338 quotiescumque
831 1258 904 1317 haec
927 1257 1008 1318 utilis
1031 1277 1094 1316 esse
1118 1253 1325 1338 videatnr¹⁰⁶).

160 1414 166 1423 .
242 1365 291 1420 57.
317 1362 437 1420 l'tinam
453 1361 581 1427 tandem,
605 1383 784 1440 quorsum
800 1363 874 1422 haec
890 1373 951 1421 tota
967 1372 1066 1420 nostra
1081 1361 1241 1440 disputatio
1258 1371 1380 1441 spectet,

131 1458 270 1527 spectent
292 1450 417 1507 Romani
441 1469 555 1526 quoque
585 1450 746 1526 pontifices,
780 1449 1025 1508 infallibilitatem
1061 1469 1144 1508 suam
1171 1449 1229 1508 Dei
1261 1469 1380 1508 munere

132 1536 193 1594 sibi
227 1536 364 1594 collatam
395 1535 589 1607 vindicantes,
624 1536 760 1595 omnibus
793 1539 888 1616 magis
920 1539 1072 1614 magisque
1104 1545 1287 1614 perspectum
1311 1537 1379 1594 fiat!

132 1625 221 1682 Non
243 1625 323 1682 enim
346 1621 524 1681 libidine
547 1623 777 1682 dominandi
800 1624 874 1683 haee
898 1622 1097 1682 infallibilitas
1113 1645 1129 1681 a
1146 1624 1287 1682 Romanis
1309 1643 1381 1700 pon·

134 1709 265 1769 tificibus
289 1713 411 1769 inventa
432 1720 462 1768 et
484 1712 515 1768 in
538 1713 712 1769 exercitium
735 1710 862 1771 deducta
884 1719 936 1770 est.
982 1709 1136 1787 Quomodo
1166 1707 1223 1789 ipsi
1254 1711 1380 1769 Romani

136 1798 293 1876 pontifices
315 1797 392 1855 hauc
415 1818 496 1855 suam
521 1801 756 1876 praerogativam
779 1820 929 1877 nunquam
953 1819 1012 1856 non
1035 1795 1296 1870 consideraverint,
1319 1797 1382 1876 pul-

136 1885 284 1943 cherrime
314 1887 376 1963 ipse
407 1895 525 1942 sanetus
556 1885 711 1962 Agatho
741 1888 771 1943 in
802 1886 927 1965 epistola
957 1884 994 1943 ad
1029 1885 1186 1944 concilium
1219 1885 1380 1964 expressit:

141 1973 224 2045 ,Nec
246 1981 312 2050 post
341 1971 440 2030 inoliti
469 1975 575 2030 erroris
605 1972 826 2031 diuturnitatem
852 1993 870 2030 u
892 1974 1120 2032 commonitione
1143 1972 1294 2044 siluerunt,
1329 1969 1381 2028 sed

133 2079 251 2137 semper
273 2059 380 2117 hortati
404 2069 471 2116 sunt
495 2079 528 2116 ac
551 2061 706 2117 contestati
740 2071 776 2118 et
811 2060 877 2118 hoc
901 2080 947 2118 ex
978 2060 1161 2119 fraterna
1201 2061 1381 2130 caritate,

135 2167 209 2204 non
233 2166 299 2223 per
321 2146 515 2204 malitiam
539 2145 604 2204 vel
625 2149 893 2224 pertinaciam
924 2146 1099 2206 odiosam
1129 2144 1227 2226 (absit,
1263 2145 1339 2205 absit
1362 2166 1381 2204 a

134 2233 221 2291 corde
245 2233 414 2304 christiano,
438 2243 468 2291 ut
491 2235 523 2291 in
546 2233 666 2291 alterius
687 2235 803 2313 lapsum
825 2243 981 2312 grassetur,
1005 2254 1071 2292 crim
1087 2234 1232 2292 Dominus
1248 2235 1378 2292 omnium

137 2321 252 2378 doceat:
275 2320 352 2378 Nolo
375 2330 498 2379 mortem
521 2323 689 2398 peccatoris,
713 2321 764 2380 sed
781 2334 812 2380 ut
829 2331 1017 2381 convertatur
1032 2332 1061 2380 et
1077 2323 1173 2378 vivat:
1196 2323 1246 2400 qui
1270 2319 1379 2397 gaudet

138 2428 223 2485 super
244 2428 335 2466 unum
364 2409 564 2486 paenitentem
595 2401 690 2484 magis
724 2429 812 2487 (luam
843 2430 930 2487 super
961 2411 1123 2485 nonaginta
1146 2427 1252 2466 novem
1276 2409 1379 2466 iustos:

137 2496 185 2573 qni
209 2494 248 2551 ad
270 2494 453 2554 liberandam
477 2515 561 2553 ovem
585 2495 730 2573 perditam
754 2517 823 2554 suae
850 2499 1014 2555 maiestatis
1038 2495 1185 2554 inclinans
1208 2497 1378 2574 potentiam,

140 2581 175 2638 de
205 2582 294 2640 caelis
325 2581 363 2639 ad
398 2593 490 2640 terras
523 2580 689 2662 descendit)
724 2583 790 2642 sed
825 2594 861 2641 et
896 2585 1084 2661 expansis
1118 2581 1381 2660 spiritalibus

140 2668 243 2726 ulnis
281 2678 463 2746 optantes
501 2679 618 2747 atque
665 2670 930 2728 exhortantes
965 2690 1029 2727 eos
1064 2671 1102 2727 in
1135 2667 1381 2728 orthodoxae

141 2755 242 2813 fidei
272 2758 542 2813 unanimitate
573 2768 795 2814 remeantes
826 2757 1025 2834 amplecti,
1060 2775 1266 2834 eorumque
1296 2775 1382 2814 cou-

142 2845 361 2901 versionem
385 2842 649 2918 redintegrem
673 2842 918 2900 orthodoxae
942 2843 1043 2900 fidei
1074 2844 1380 2900 restitutionem

143 2930 452 3006 praestolantes:
476 2940 620 3006 quatenus
643 2929 679 2986 de
703 2941 802 2988 nostro
825 2933 980 3001 consortio,
1003 2933 1091 2988 immo
1114 2928 1193 2987 beati
1209 2930 1291 2988 Petri
1315 2951 1383 3008 apo-

143 3017 216 3086 stoli,
248 3019 330 3074 ouius
360 3016 429 3074 licet
459 3015 575 3092 indigni
607 3019 770 3074 ministerio
801 3017 951 3093 fungimur
974 3026 1003 3074 ot
1026 3015 1193 3074 traditionis
1226 3016 1380 3076 formulam

144 3103 351 3182 praedicamus,
386 3105 497 3180 seipsos
527 3124 587 3161 non
617 3105 747 3162 facerent
781 3104 894 3162 alienos
929 3102 980 3164 sed
1013 3102 1197 3163 concorditer
1231 3102 1382 3164 nobiseum

145 3190 358 3249 immaculatam
392 3190 518 3249 hostiam
552 3212 604 3268 pro
638 3190 800 3250 stabilitate
824 3193 975 3250 fortissimi
999 3212 1033 3250 uo
1064 3193 1243 3250 serenissimi
1267 3191 1383 3270 imperii

145 3277 342 3336 indesinenter
354 3276 504 3335 Christum
518 3277 677 3336 llominum
694 3283 834 3336 exorent“
853 3274 917 3358 ¹⁰⁶).
940 3277 1076 3338 Profecto
1094 3281 1144 3358 qui
1167 3281 1225 3336 ita
1247 3277 1382 3358 loquitur,

145 3367 294 3436 itasentit‚
319 3385 393 3423 non
416 3365 557 3435 furost,
582 3385 657 3423 non
680 3367 954 3424 mercenarius
977 3377 1043 3438 est,
1071 3365 1137 3426 sed
1161 3373 1294 3444 pastor
1317 3375 1383 3438 est,

146 3452 521 3522 sedheresoiusest,
545 3454 871 3529 euiposttrinem
895 3456 1023 3512 amoris
1047 3453 1384 3531 protestationem

147 3540 345 3598 aOhristo
367 3539 532 3597 Domino
555 3538 704 3598 dictum
728 3548 803 3598 est:
826 3540 949 3598 Pasce
972 3561 1095 3618 agnos
1124 3559 1233 3612 meos,
1264 3561 1383 3619 pasce
1442 3569 1451 3586 ·

148 3647 234 3685 oves
257 3647 367 3685 meas.

246 3733 296 3788 58.
319 3729 429 3805 (Quaeri
452 3730 533 3802 solet,
557 3751 683 3788 errorem
697 3731 832 3801 Honorii,
855 3732 906 3809 qui
929 3733 984 3788 etsi
1000 3730 1245 3790 infallibilitatem
1257 3732 1383 3790 Romani

147 3817 295 3875 Pontificis
318 3817 508 3875 nullomodo
532 3820 562 3875 in
578 3817 737 3877 discrimen
760 3829 853 3889 vocet,
877 3827 976 3876 tamen
1000 3816 1036 3876 ob
1059 3819 1179 3877 effeetus
1201 3819 1384 3878 tristissimos

150 3924 214 3961 sane
243 3903 387 3962 dolendus
410 3914 462 3975 est,
496 3925 561 3961 cnr
594 3906 704 3976 Deus,
739 3925 891 3983 supremus
914 3905 1066 3963 Ecclesiae
1089 3906 1195 3963 Pastor
1218 3915 1247 3963 et
1269 3906 1384 3978 Rector,

150 3989 328 4048 occidere
359 3992 601 4068 permiserit.
635 3993 800 4063 Possemus,
830 4012 1002 4070 responsum
1032 3991 1175 4050 directum
1199 3991 1384 4060 declinando,

150 4078 296 4135 Petrum
320 4076 482 4149 ostendere,
505 4098 600 4157 quem,
624 4099 688 4136 eum
713 4088 791 4137 essct
813 4081 974 4136 certissime
998 4080 1030 4136 in
1053 4078 1186 4139 docendo
1209 4080 1385 4153 infallibilis,

149 4176 240 4222 tumen
263 4165 345 4223 Deus
368 4167 399 4222 in
422 4185 547 4223 errorem
571 4167 732 4243 practicum
756 4187 814 4223 non
838 4166 929 4223 multo
953 4165 1127 4226 dissimilem
1150 4170 1241 4226 errori
1258 4169 1383 4226 Honorii

150 4251 273 4310 incidere
295 4254 436 4330 permisit,
460 4255 501 4310 ita
524 4268 555 4311 ut
577 4253 687 4311 Paulus
710 4255 737 4311 ei
762 4253 914 4310 infaciem
938 4253 1134 4314 resistendum
1151 4254 1207 4314 sibi
1230 4257 1386 4333 putaverit.

150 4342 178 4398 si
199 4340 252 4397 hoe
275 4342 306 4396 in
330 4341 461 4418 principe
484 4341 681 4418 apostolorum
704 4342 873 4418 permittere
896 4343 990 4418 potuit
1007 4342 1096 4412 licus,
1119 4361 1169 4400 cur
1192 4362 1252 4400 non
1275 4344 1305 4399 iu
1322 4343 1385 4399 eius

152 4429 328 4485 successore?
374 4428 405 4484 Si
429 4436 527 4484 autem
548 4446 720 4504 responsum
743 4427 886 4485 directum
909 4437 1073 4488 tentamus:
1109 4428 1250 4485 fueritin
1274 4426 1386 4485 divinis

152 4515 282 4580 consiliis,
306 4516 470 4572 Romanum
493 4515 662 4592 pontificem
692 4517 787 4592 ipsum
811 4535 938 4583 monere,
972 4517 1158 4573 commissum
1183 4514 1239 4571 sibi
1263 4513 1382 4611 quidem

185 4703 230 4768 ¹⁰⁶)
251 4703 290 4756 Cf.
310 4717 383 4768 quae
403 4702 485 4755 initio
503 4702 553 4754 No.
573 4702 744 4756 ediximus.

187 4771 232 4839 ¹⁰⁰)
250 4773 344 4826 Mansi
363 4773 411 4839 xl,
430 4771 490 4825 279.

201 4893 258 4935 slav.
272 4892 314 4936 litt
326 4890 396 4933 theol.
