3450 5342
671 359 714 374 --
739 333 799 388 aaa
824 365 868 375 -

131 512 267 566 interna
292 511 393 567 iorma
418 519 448 567 et
468 513 530 568 vita
556 515 707 584 exagitari
733 521 763 570 et
783 515 904 570 turbari
932 516 1065 570 videtur.
1094 515 1161 569 Non
1183 515 1283 569 nolum
1304 516 1389 585 quod

131 581 246 662 clerus
273 582 444 638 saecularis
464 583 530 638 sive
556 584 655 651 albae,
675 584 771 640 immo
797 584 965 654 aliquando
988 591 1018 640 et
1038 585 1105 640 laici
1125 585 1163 639 ad
1185 601 1208 638 s,
1228 585 1391 653 Synodum

132 651 226 721 eligi,
245 657 275 706 et
294 653 332 708 ad
347 651 510 708 consilium
526 654 664 708 futurum
686 655 791 709 vocari
806 655 948 709 student:
968 655 1052 724 quod
1067 654 1169 708 clerus
1189 654 1280 708 albus
1299 655 1391 708 etiam

133 721 181 800 ad
197 721 417 846 'episcopatum
437 723 559 778 admitti
588 723 669 790 vnlt;
691 724 745 778 sed
765 723 1026 792 disputatoriam
1047 723 1139 778 etiam
1160 723 1199 778 de
1220 723 1289 792 ipso
1309 724 1393 793 prin·

133 805 225 858 cipro
241 791 288 846 vel
322 796 402 858 onte,
421 791 452 845 in
472 806 535 862 quo
556 791 595 846 sit
614 793 717 848 omnis
737 799 877 862 potestas
896 793 927 848 in
947 793 1083 847 ecelesia.
1108 793 1215 848 Altera
1236 792 1390 848 sententia

138 875 209 913 non
239 859 348 942 diflert
379 877 396 942 a
422 861 635 942 catltolicismo
663 862 723 917 nisi
754 862 877 918 deiectu
897 863 1052 944 primatus
1072 863 1202 942 papalia,
1220 864 1388 943 'docetque

133 944 268 984 omnem
284 931 530 985 iurisdietionem
551 946 647 1001 penes
667 931 750 986 solos
770 947 839 988 esse
856 947 1021 1002 episcopos
1041 932 1142 1056 iisque
1161 932 1315 986 divinitus
1335 948 1390 986 nn·

134 999 298 1065 positione
319 1015 466 1056 manuum
488 999 599 1066 tribui;
631 1001 728 1056 altera
752 1016 877 1056 omnem
904 1007 1057 1071 potestam
1101 1001 1216 1070 elegari
1236 1017 1254 1054 a
1273 1001 1390 1070 populo

132 1067 299 1138 episcopis
313 1068 459 1124 affirmat.
474 1069 568 1152 Quod·
578 1070 766 1152 principium
780 1072 1033 1138 democraticum,
1047 1071 1105 1126 etsi
1119 1069 1259 1125 nondum
1283 1079 1391 1138 aperte

134 1137 298 1204 prolatum
317 1143 420 1194 tamen
436 1155 474 1194 ex
492 1140 612 1209 placitis
628 1140 824 1208 argumentis
841 1156 922 1265 quae
938 1157 996 1211 pro
1013 1141 1120 1195 tuturo
1136 1139 1304 1194 formando
1321 1155 1391 1193 eon-

132 1206 212 1330 eliltio
231 1207 413 1270 atterentur.
432 1215 462 1264 et
480 1209 580 1280 logica
599 1205 783 1265 necessitate
802 1211 840 1265 de
866 1210 969 1265 ucitur
988 1216 1018 1264 et
1036 1211 1067 1264 in
1082 1210 1148 1264 dies
1168 1209 1261 1263 latius
1280 1209 1384 1263 ‹ilitun

135 1293 173 1329 (t
192 1292 239 1330 nr.
258 1308 291 1317 —

249 1347 296 1401 En
317 1347 423 1402 brevis
442 1354 628 1417 conspectus
654 1348 726 1403 iibri
755 1349 813 1404 aLa
833 1347 981 1403 Retorme
999 1348 1037 1402 de
1057 1348 1076 1401 l'
1090 1335 1196 1416 Eglise
1219 1361 1325 1401 rusae«
1346 1348 1391 1402 in·

134 1415 261 1484 scripti,
282 1415 510 1472 mariniacum
534 1433 569 1472 ac
593 1417 753 1488 diligentia
777 1417 951 1488 compositi,
976 1433 1069 1488 quem
1092 1431 1196 1471 rernm
1222 1416 1252 1470 in
1276 1416 1390 1470 Russia

135 1485 237 1538 modo
257 1493 418 1555 gestarum
439 1487 555 1542 tuturis
575 1487 784 1556 scriptoribus
805 1502 996 1556 magnopere
1015 1487 1344 1610 commendfflgusipeq

1236 1599 1241 1609 .
1289 1575 1296 1606 l
1339 1572 1354 1609 ’.

308 1731 584 1810 RESPONSA
611 1731 685 1808 ΑΙ)
713 1730 1233 1809 INTERROGATIONES.

756 1909 778 1969 l.

237 2043 281 2110 fle
305 2042 415 2112 salute
440 2043 634 2128 peccatoria
658 2043 832 2113 morientia
856 2044 887 2112 in
911 2042 1085 2112 attritione
1111 2041 1300 2109 existentia.

246 2185 281 2241 In
305 2185 444 2243 fasciculo
468 2187 561 2262 primo
585 2185 671 2244 huius
695 2187 766 2243 antri
790 2187 829 2263 (p.
854 2181 995 2261 92-111)
1019 2185 1186 2262 quaestioni
1209 2185 1385 2262 propositae.

134 2285 235 2330 utrum
266 2291 331 2330 cum
355 2271 478 2330 Graecis
501 2270 621 2330 defendi
650 2275 749 2350 possit,
777 2273 891 2344 ,ileum
922 2275 1011 2329 etium
1043 2273 1087 2340 iis,
1122 2272 1173 2350 qui
1205 2272 1235 2328 iu
1266 2286 1387 2348 peceato

136 2359 225 2432 gravi
248 2360 418 2430 moriuntur,
452 2361 603 2436 ignoscere
626 2381 711 2437 posse
742 2369 771 2417 et
798 2362 952 2436 ignoscere
976 2379 1053 2425 vere,
1087 2359 1112 2416 ei
1136 2378 1188 2436 pro
1210 2359 1253 2416 eie
1286 2377 1388 2435 preces

137 2447 212 2504 tiaut
229 2447 260 2502 in
276 2447 391 2517 terrie“,
414 2467 594 2525 responsum,
617 2445 768 2504 doetrinae
784 2447 918 2504 claritate
934 2443 1180 2516 commendatum,
1204 2447 1386 2523 propositum

135 2543 191 2591 est.
230 2531 305 2591 Onm
328 2545 428 2592 tamen
450 2533 488 2592 ad
510 2532 584 2592 illud
608 2533 705 2612 plures
729 2533 909 2591 obiectiones
933 2533 1028 2590 factae
1051 2535 1118 2603 sint,
1143 2533 1257 2599 iuverit,
1282 2533 1384 2608 paneis

135 2618 210 2698 qnid
243 2617 280 2678 de
318 2629 379 2680 tota
413 2622 584 2699 quaestione
615 2619 806 2696 sentiendum¹
840 2620 976 2678 videatur
1006 2622 1047 2678 ita
1070 2621 1192 2696 aperire,
1227 2630 1311 2676 utet
1341 2637 1385 2673 re-

137 2707 237 2785 sponsi
268 2708 328 2766 iam
359 2707 421 2766 dati
452 2719 481 2766 et
504 2706 709 2778 obiectionum,
744 2727 818 2784 qnae
843 2707 938 2764 factae
961 2718 1037 2769 sunt,
1073 2704 1159 2763 simul
1182 2703 1284 2761 debita
1307 2706 1382 2760 ratio

140 2791 294 2853 habeatur.

242 2882 288 2939 Ae
320 2883 446 2960 primum
476 2880 595 2960 quidem
626 2880 743 2938 videtur
776 2881 935 2958 propositio
964 2880 1114 2957 proposita
1144 2898 1232 2935 sensu
1264 2878 1384 2934 omnino

137 2987 209 3026 sano
231 2977 261 3026 et
283 2968 428 3028 catholico
451 2971 545 3046 accipi
567 2987 660 3046 posse.
684 2968 730 3026 De
754 2967 812 3026 fide
835 2978 880 3025 est
902 2988 940 3024 en
963 2969 1026 3043 ipso
1050 2964 1175 3022 concilio
1199 2964 1381 3035 Florentino,

136 3075 194 3126 eos,
218 3057 268 3133 qui
291 3057 323 3113 in
345 3057 453 3114 actuali
477 3057 590 3114 mortali
617 3065 736 3133 peceato
752 3053 917 3120 discedunt,
940 3073 1009 3110 mox
1033 3054 1064 3109 in
1087 3051 1235 3109 infernum
1257 3050 1382 3108 descen-

137 3141 215 3214 dere,
238 3163 276 3200 ex
299 3142 415 3200 inferno
438 3153 535 3201 antem
559 3141 670 3202 nullam
690 3163 754 3200 esse
777 3140 1017 3218 redemptionem.
1041 3140 1140 3214 Quare
1163 3140 1296 3216 quaestio
1320 3157 1379 3194 non

141 3232 200 3288 iam
223 3228 260 3287 de
288 3229 407 3288 homine
431 3239 552 3301 mortuo,
587 3229 638 3289 sed
661 3229 698 3290 de
727 3231 871 3287 moriente
893 3224 1090 3304 intelligenda
1112 3239 1164 3284 eet.
1210 3225 1268 3281 Hie
1300 3223 1386 3280 homo

141 3319 312 3394 supponitur
334 3337 399 3374 esse
421 3319 454 3376 iu
477 3327 555 3377 statu
571 3319 683 3396 peccati
700 3317 840 3387 mortalis,
864 3324 994 3373 attamen
1012 3311 1133 3379 habens,
1157 3331 1195 3368 ex
1207 3311 1266 3368 Ilei
1281 3311 1386 3388 gratia,

141 3405 345 3462 contritionem
376 3405 577 3483 imperfectam
607 3424 657 3462 sen
680 3405 870 3461 attritionem.
915 3401 1082 3477 Quaeritur,
1117 3419 1187 3458 num
1211 3398 1258 3456 hic
1290 3397 1385 3466 homo,

142 3492 165 3548 ei
187 3511 239 3568 pro
261 3492 325 3569 ipso
348 3511 449 3568 preces
472 3494 504 3549 in
527 3503 605 3549 terra
629 3489 796 3562 fundantur,
831 3489 940 3548 salvari
964 3489 1063 3566 possit.
1110 3485 1159 3544 Ad
1184 3506 1272 3562 quam
1296 3504 1385 3562 quae-

142 3579 265 3636 stionem
288 3579 352 3635 sine
375 3577 436 3636 nlla
459 3575 642 3638 dubitatione
666 3575 903 3656 respondendnm
927 3586 984 3633 eat:
1016 3585 1052 3632 et
1083 3573 1238 3632 salvari
1269 3591 1385 3650 posse

142 3679 176 3722 et
200 3662 243 3722 de
267 3664 373 3722 facto
397 3665 537 3723 multoe
562 3687 627 3744 pro
652 3665 721 3722 Dei
746 3661 1032 3723 misericordia
1054 3661 1217 3718 salvari.
1242 3659 1384 3716 Attamen

143 3753 295 3828 quaeritur,
320 3771 378 3829 qua
397 3753 447 3810 via
462 3755 554 3809 oratio
570 3751 702 3810 fidelium
727 3751 850 3809 salntem
874 3750 960 3808 lmine
983 3749 1111 3807 hominis
1129 3746 1269 3804 obtineat.
1292 3746 1384 3803 liecte

143 3858 210 3896 sane
234 3836 472 3896 animadversum
495 3849 539 3897 est
562 3840 698 3918 pervim
721 3839 861 3896 orationis
885 3838 1103 3915 impetrativam
1128 3855 1146 3892 a
1168 3833 1233 3891 lieo
1256 3832 1383 3890 obtineri

142 3945 222 4002 posse
246 3935 275 3983 et
298 3923 426 3984 obtineri
448 3927 545 4005 reipsa
568 3923 710 4004 quasdam
726 3927 845 4002 gratiae,
869 3923 907 3982 ad
930 3943 1003 4002 qum
1026 3943 1064 3980 ex
1087 3941 1174 4000 opere
1198 3929 1317 3998 operato
1334 3918 1385 3976 ob-

142 4011 277 4070 tinendas
307 4012 356 4070 vel
379 4025 595 4072 sacramentum
628 4012 739 4071 nullum
772 4014 938 4093 institutum
968 4009 1017 4066 vel
1039 4008 1143 4067 natitent
1167 4010 1198 4065 in
1221 4027 1291 4066 casu
1315 4005 1384 4065 dato

146 4119 201 4157 non
224 4099 404 4177 applicatum
428 4109 484 4172 est3
508 4109 537 4156 et
561 4102 637 4158 inter
660 4099 714 4157 has
729 4101 839 4176 gratias
862 4099 927 4156 eine
949 4095 1039 4154 dnbio
1062 4095 1140 4154 salus
1162 4095 1231 4153 talis
1254 4094 1383 4152 hominia

145 4187 243 4244 merito
266 4185 532 4264 comprehenditur.
575 4185 633 4244 Sed
657 4187 814 4263 quaeritur,
837 4187 940 4263 primo,
963 4185 1029 4260 qnia
1052 4182 1171 4240 allectus
1194 4179 1382 4240 immediatus

144 4272 207 4330 talis
230 4275 371 4331 orationis
394 4275 440 4344 sit,
474 4293 526 4332 seu
556 4293 701 4351 quaenam
726 4275 763 4330 sit
794 4274 926 4348 praecise
957 4273 1014 4328 ieta
1044 4269 1148 4346 gratia,
1183 4287 1258 4344 quae
1282 4270 1383 4324 imme-

145 4358 236 4418 diatus
266 4359 375 4419 fructus
407 4360 475 4418 talis
506 4361 646 4419 orationis
670 4371 722 4430 est,
757 4379 807 4416 seu
831 4377 977 4436 quaenam
999 4353 1135 4423 secundo,
1170 4365 1266 4410 utrum
1289 4354 1383 4410 oratio

146 4465 221 4504 snum
239 4447 374 4506 effectum
397 4447 559 4506 finalem
584 4449 602 4505 i.
615 4467 640 4508 e.
653 4447 776 4504 sulutem
793 4447 910 4503 animae
926 4440 1223 4500 infallibiliter
1246 4437 1386 4496 obtineat.

243 4532 329 4609 Quod
361 4536 485 4612 primam
516 4535 718 4612 quaestionem
743 4534 856 4597 attinet,
892 4530 943 4588 ille
967 4531 1086 4586 allectus
1110 4525 1298 4583 immediatus
1321 4543 1384 4582 ora·

146 4621 228 4678 tionis
252 4623 315 4679 sine
339 4619 428 4679 dubio
452 4623 483 4678 in
506 4623 602 4698 gratia
619 4621 674 4678 ilei
701 4619 821 4698 speciali
847 4615 1031 4695 reponendus
1054 4627 1106 4673 eet.
1130 4633 1188 4690 qua
1211 4612 1279 4669 talis
1299 4611 1385 4668 homo
