3450 5342
916 448 1110 504 -166—

386 658 476 698 unam
507 639 689 698 voluntatem
720 637 937 696 Monotheietas
966 637 1086 696 Christo
1116 634 1308 712 adscripsisse
1339 637 1373 692 in
1405 655 1567 713 comperto
1593 655 1636 692 er.

387 746 454 784 cunr
477 725 624 784 humanae
648 725 761 784 Christi
789 733 911 783 naturae
934 725 1097 802 potentiam
1120 723 1275 780 volitivam
1294 721 1501 798 denegarent,
1539 723 1636 780 nullan

387 814 418 870 in
435 811 555 870 Christo
578 813 740 890 potentiam
762 811 919 869 volitivam
941 819 1058 889 practer
1080 808 1223 878 divinam,
1246 827 1321 886 quae
1345 807 1461 868 eadem
1488 823 1536 868 est
1551 810 1635 867 Parta

386 910 416 957 et
440 900 567 977 Spiritus
590 900 702 967 Sancti,
723 907 926 976 agnoscentes.

488 986 592 1044 Potest
619 985 791 1058 ,voluntas“
829 983 957 1044 secundo
981 985 1043 1042 loco
1067 985 1163 1062 ipsum
1185 994 1309 1040 actum
1342 982 1523 1040 uolendi
1559 986 1636 1058 sigul-

386 1073 481 1135 ticare,
515 1081 586 1150 puta
619 1080 717 1130 actum
751 1071 880 1151 aliquem
915 1073 1031 1142 amoris,
1064 1068 1213 1142 desiderii,
1243 1069 1291 1126 vel
1315 1068 1388 1126 odii.
1423 1070 1522 1128 'l'nnc
1552 1089 1632 1138 ,uns

385 1160 521 1217 voluntas
543 1179 634 1217 unum
657 1168 754 1216 actum
777 1157 897 1217 volendi
926 1159 1083 1235 significat,
1106 1166 1136 1214 et
1159 1159 1294 1215 unitas
1317 1159 1383 1214 eius
1409 1168 1518 1234 potest
1543 1160 1637 1214 iterun

384 1267 448 1304 esse
479 1246 527 1302 vel
563 1246 685 1305 realis
708 1259 746 1304 ct
769 1247 974 1304 numerica
1006 1245 1053 1303 vel
1077 1264 1156 1302 mere
1187 1245 1328 1320 logica
1359 1244 1414 1302 Sic
1450 1247 1567 1303 iterum
1590 1265 1637 1300 um

384 1345 498 1392 tanturn
530 1333 666 1391 voluntas
689 1353 748 1390 non
771 1341 886 1390 tanturn
917 1333 1012 1409 logico
1035 1330 1087 1390 sed
1110 1333 1200 1390 etiam
1228 1329 1352 1410 physice
1377 1344 1410 1388 et
1436 1353 1459 1388 n
1472 1335 1637 1389 nmerire

385 1418 510 1478 hahetur
533 1422 563 1477 in
587 1420 676 1477 Patre
707 1419 785 1477 Filio
808 1429 838 1478 et
860 1419 973 1497 Spiritu
1005 1423 1121 1488 Sancto,
1152 1428 1296 1496 quatenus
1327 1437 1436 1475 omnes
1471 1419 1566 1476 simul
1591 1440 1638 1475 nor

387 1509 443 1564 nisi
469 1509 587 1564 unicum
611 1516 708 1564 actoru
731 1505 852 1564 volendi
874 1503 994 1576 babent,
1016 1507 1127 1584 pariter
1148 1525 1213 1562 com
1236 1506 1366 1564 essentia
1399 1504 1519 1564 divina
1544 1505 1638 1564 idenri-

386 1593 513 1651 ticatum.
551 1595 581 1651 ai
617 1613 688 1650 vero
721 1591 795 1650 duo
826 1593 1008 1651 homines
1041 1593 1119 1651 inter
1153 1613 1184 1651 se
1214 1601 1434 1669 comparentur,
1472 1594 1526 1650 rel
1561 1597 1638 1650 etiarn

385 1679 494 1737 horno
516 1692 553 1736 et
576 1679 687 1746 Deus,
711 1689 855 1738 natura
877 1679 1043 1738 humana
1066 1692 1095 1738 et
1118 1677 1268 1748 divina,
1291 1681 1333 1735 sic
1357 1681 1442 1736 int-er
1470 1701 1527 1738 eos
1552 1683 1639 1738 nnita-

385 1767 546 1824 voluntatis
575 1776 708 1845 sumptae
732 1787 783 1844 pro
806 1776 873 1824 actu
897 1764 1017 1824 volendi
1048 1768 1150 1844 nequit
1173 1786 1237 1824 esse
1265 1765 1393 1844 physica
1418 1766 1479 1824 sed
1507 1783 1639 1825 tantun

385 1853 510 1930 logica,
543 1863 614 1930 quot
637 1855 717 1910 enirn
740 1873 861 1911 numero
892 1863 1014 1912 naturae
1038 1865 1112 1924 sunt,
1136 1855 1199 1910 sire
1223 1851 1260 1910 ad
1283 1851 1412 1911 eandem
1440 1856 1516 1911 sire
1542 1854 1581 1911 ad
1603 1855 1638 1911 di-

386 1959 485 1998 versos
513 1960 652 2017 personas
682 1942 840 2018 pertinent,
863 1948 906 1998 tot
929 1942 1094 2000 necessario
1117 1949 1145 1996 et
1169 1955 1251 1997 aetus
1283 1937 1406 1998 volendi
1432 1955 1523 1999 sunt.
1548 1941 1639 2017 Quare

383 2029 415 2085 in
439 2027 584 2085 Christo
607 2027 780 2098 necessario,
804 2038 835 2085 ut
857 2026 933 2085 duae
950 2037 1080 2098 naturae,
1103 2027 1145 2084 sic
1168 2025 1233 2085 duo
1257 2035 1339 2084 actus
1356 2026 1491 2088 volendi
1520 2029 1639 2106 ideoqn:

384 2112 453 2172 hoc
476 2134 563 2172 sensu
579 2112 655 2172 duae
681 2114 883 2186 ,voluntates“
911 2123 987 2185 sunt,
1010 2135 1085 2192 quae
1101 2112 1259 2192 siquando
1281 2117 1373 2184 ,una“
1396 2135 1470 2172 csse
1497 2115 1639 2174 dicantur.

386 2200 415 2257 id
439 2199 477 2258 ad
500 2221 644 2258 summurn
668 2199 705 2258 de
727 2203 841 2258 unitate
863 2201 991 2276 logica
1018 2199 1245 2278 intelligendum
1268 2212 1320 2264 est,
1342 2220 1384 2260 sc.
1402 2212 1498 2260 actus
1525 2203 1638 2260 volendi

384 2286 535 2345 divinus
559 2289 590 2344 in
614 2286 733 2345 Christo
756 2297 786 2345 et
808 2299 890 2346 actus
914 2288 1033 2346 volendi
1057 2287 1242 2346 humanus
1265 2290 1296 2344 in
1318 2285 1427 2344 cedern
1455 2291 1545 2348 inter
1570 2313 1599 2347 se
1615 2293 1639 2346 in

384 2374 438 2431 hec
455 2376 643 2444 conveniunt,
659 2373 735 2452 qnod
759 2384 927 2452 uterque
951 2375 1058 2453 aliquis
1082 2385 1179 2432 actus
1202 2373 1348 2431 volendi
1373 2386 1431 2432 est.
1453 2375 1520 2434 l'hi
1540 2380 1638 2434 iterun

383 2460 679 2520 animadvertendum
713 2474 765 2532 est,
799 2461 1018 2520 Monotheletos
1052 2462 1234 2519 voluntatem
1267 2463 1309 2518 sic
1331 2479 1509 2538 acceptam,
1547 2463 1578 2522 id
1603 2480 1637 2518 eu

383 2569 435 2626 pro
458 2547 578 2605 volendi
600 2559 675 2619 actu,
699 2550 730 2606 in
754 2547 873 2607 Christo
896 2559 1011 2607 tuntum
1034 2547 1157 2628 physice
1180 2557 1208 2605 et
1231 2551 1380 2606 numeriee
1407 2569 1527 2608 unam
1555 2573 1638 2614 aeno·

382 2638 470 2701 visse,
504 2635 616 2692 scilicet
649 2635 832 2706 divinam,
864 2635 1009 2694 voluntati
1032 2635 1180 2694 humanae
1204 2634 1324 2704 Christi,
1355 2637 1377 2692 si
1406 2636 1543 2714 quidem
1572 2645 1637 2695 torte

382 2723 464 2781 illam
489 2733 588 2779 tamen
611 2720 817 2794 admittebant,
841 2743 957 2780 omnem
981 2732 1076 2780 actum
1101 2721 1291 2798 denegantes.

490 2809 576 2878 ,l'na
608 2809 762 2867 voluntas“
800 2812 890 2866 etiam
921 2812 1043 2867 tertio
1074 2829 1161 2866 sensu
1195 2811 1290 2888 accipi
1313 2819 1419 2886 potest,
1453 2811 1535 2868 Sive
1561 2815 1635 2868 enirn

382 2894 563 2952 voluntatem
586 2904 618 2952 ut
641 2895 796 2954 volitivarn
819 2898 981 2973 potentiam
1006 2907 1127 2974 spectes,
1151 2897 1214 2954 sire
1234 2893 1312 2974 quod
1329 2895 1418 2971 longe
1435 2897 1630 2975 frequentin-

382 2993 414 3039 ut
435 2992 554 3039 actuum
584 2983 703 3040 volendi
727 2985 890 3040 seuctiani
914 2995 945 3040 ut
968 2982 1151 3061 quorundam
1182 2994 1297 3040 actuum
1328 2981 1452 3040 volendi
1487 3005 1635 3043 summanr

380 3089 431 3125 seu
447 3068 659 3140 collectionem,
681 3081 778 3147 potest
800 3071 933 3128 unitus
956 3089 1032 3148 (lirae
1055 3070 1198 3128 voluntati
1216 3073 1257 3126 sic
1274 3078 1413 3146 acceptae
1437 3069 1633 3129 adscribitur.

380 3176 445 3212 esse
467 3157 565 3214 unitas
586 3177 646 3214 non
668 3158 826 3226 numerica,
849 3177 945 3234 neque
961 3158 1057 3234 logica
1079 3155 1131 3215 sed
1154 3157 1323 3214 moralis.
1356 3155 1513 3215 Videlicet
1540 3160 1636 3236 plures

379 3252 461 3301 actus
492 3242 609 3321 physici
639 3245 702 3300 sire
724 3243 856 3301 eiusdem
887 3244 1014 3302 volentis
1044 3246 1107 3302 sive
1130 3243 1311 3301 diversorum
1341 3243 1524 3304 volentium.
1559 3261 1588 3302 et
1612 3249 1632 3300 si

380 3329 499 3408 quidem
522 3329 559 3386 de
592 3329 711 3386 Christo
746 3351 841 3388 sermo
863 3344 916 3400 est,
940 3333 1003 3388 sive
1027 3329 1157 3389 eiusdem
1192 3331 1255 3388 sivo
1288 3329 1425 3388 diuersae
1450 3333 1486 3388 iu
1513 3333 1632 3390 Christo

380 3429 510 3480 naturae,
549 3419 773 3495 comparari
807 3431 929 3495 possunt
952 3416 990 3476 ad
1014 3419 1162 3490 invicem3
1197 3433 1226 3474 et
1249 3427 1317 3474 tunc
1354 3416 1423 3474 duo
1465 3419 1629 3499 physici

379 3516 470 3573 actua,
494 3505 544 3580 qui
568 3501 668 3560 idern
691 3503 837 3561 obiectum
871 3507 1024 3582 pariter
1061 3515 1253 3582 appetunt
1284 3503 1331 3561 vel
1354 3507 1469 3581 puriter·
1494 3511 1630 3565 reiciunt.

380 3593 571 3650 unitatem
596 3589 704 3648 haber-e
719 3589 864 3659 dicuntur,
887 3612 947 3650 non
963 3591 1125 3670 physicam,
1150 3611 1202 3648 nec
1219 3612 1296 3648 ruere
1311 3591 1439 3668 logicum
1455 3592 1514 3650 sed
1534 3597 1630 3671 posim

379 3691 411 3737 ut
434 3677 531 3736 dicere
555 3677 682 3735 solemus
705 3678 908 3735 moralem.

483 3767 532 3822 Sic
555 3779 645 3831 actus,
669 3766 719 3841 qui
735 3767 818 3842 quasi
843 3785 881 3821 cx
905 3767 967 3842 ipso
991 3763 1082 3822 fundo
1105 3765 1266 3822 voluntatis
1301 3774 1418 3822 nostrae
1450 3766 1629 3822 nntrnulirer

378 3855 477 3915 oritur,
512 3854 621 3930 (ruique
645 3855 676 3908 in
700 3850 785 3908 nobis
822 3849 1036 3909 indeliberatus
1071 3871 1135 3910 esse
1159 3851 1241 3922 solet,
1274 3869 1338 3908 eum
1363 3852 1394 3908 in
1419 3851 1546 3910 Christo
1573 3855 1626 3908 iarn

379 3937 559 3994 deliberatus
593 3940 689 3996 fucrit.
714 3939 876 4015 comparari
901 3948 996 4016 potest
1020 3958 1085 3996 cunr
1109 3938 1160 3996 illo
1184 3953 1259 4008 actu,
1282 3958 1340 4016 quo
1374 3937 1525 3995 obiectum
1551 3939 1629 3995 illis<

379 4034 461 4080 actus
484 4034 550 4079 actu
574 4044 650 4080 novo
674 4023 907 4082 deliberato
931 4045 971 4084 et
994 4025 1227 4083 efficaciter
1253 4026 1395 4090 colurnus,
1412 4033 1442 4082 et
1458 4027 1484 4081 si
1505 4041 1627 4102 utenpnc

377 4122 459 4166 actus
482 4108 560 4167 idem
583 4109 729 4169 obiectum
760 4113 870 4189 pariter
892 4111 1079 4188 amplectitur
1103 4111 1148 4168 vel
1173 4115 1282 4189 paritor
1306 4115 1397 4172 reicit.
1421 4121 1507 4170 actus
1529 4133 1626 4169 mom-

377 4196 444 4252 litcr
465 4216 540 4253 unus
572 4216 637 4255 esse
660 4197 774 4256 dicitur.
809 4199 960 4268 Similiter,
984 4200 1007 4253 si
1032 4211 1122 4268 actus,
1154 4219 1210 4275 quo
1231 4199 1317 4258 hodie
1341 4198 1453 4276 aliquid
1479 4199 1626 4256 volumus.

375 4283 523 4340 confertur
545 4303 611 4341 curn
633 4295 709 4355 actu,
732 4305 789 4361 quo
812 4285 876 4343 heri
899 4285 947 4342 vel
971 4305 1036 4343 cum
1059 4283 1194 4362 plurimis
1217 4283 1338 4354 actibus,
1367 4285 1474 4364 quibus
1498 4285 1623 4344 decursu

375 4373 465 4427 totius
488 4373 568 4428 vitae
592 4370 670 4429 idem
705 4373 859 4444 voluimus,
883 4382 943 4430 toto
967 4372 1017 4429 illo
1041 4384 1171 4448 ternpore
1206 4391 1327 4430 uuam
1362 4373 1546 4431 voluntatem
1575 4373 1623 4428 hcr-

378 4457 476 4515 buissc
499 4457 632 4516 dicimur.

430 4597 435 4606 ,
484 4544 566 4601 llaec
589 4543 692 4601 eadem
728 4547 825 4603 unit-as
860 4545 988 4615 moralis,
1012 4547 1087 4603 sicut
1109 4557 1205 4624 potest
1228 4548 1259 4603 in
1294 4543 1422 4604 nobis
1456 4565 1521 4600 csse
1546 4547 1623 4600 inter

375 4640 471 4686 acturn
494 4629 689 4687 deliberatum
712 4641 828 4688 nostrae
859 4633 1019 4690 voluntatis
1042 4647 1071 4689 ct
1095 4633 1275 4692 voluntatem
1308 4631 1451 4694 divinam,
1475 4643 1621 4708 quatenu-

376 4713 407 4769 id
441 4717 536 4790 ipsum
572 4715 713 4777 volumus,
748 4715 826 4790 quod
862 4717 941 4772 licus
978 4717 1046 4786 vult,
1081 4732 1113 4774 ut
1136 4720 1268 4788 velimus,
1304 4720 1346 4776 ita
1369 4727 1465 4796 potest
1500 4737 1567 4774 csse
1594 4719 1621 4772 in
