3450 5342
724 497 763 509 -
789 468 848 535 aul
876 499 915 509 -

190 644 501 769 opinioncmtcprere
520 662 596 702 vero
616 646 828 715 fundamento,
848 664 962 718 eosque
981 650 1022 705 ab
1034 650 1175 707 eiusdem
1200 650 1321 708 influxu
1340 668 1444 709 remo·

196 730 264 771 veri
284 730 377 784 praes
393 731 409 769 a
425 757 431 771 .

303 784 436 839 Maxime
464 784 640 857 religiosam
669 785 884 843 educationem
912 788 1083 844 liberorum
1112 795 1278 859 promovet
1303 790 1441 859 ecclesia,

190 869 306 909 eorum
327 858 427 909 mater
446 853 626 924 spiritualis.
663 854 724 910 Per
742 856 821 910 lianc
840 856 1147 927 enimspiritualiter
1166 866 1382 927 renascuntur,
1407 862 1441 917 in

188 923 305 978 eadem
325 923 438 979 auxilia
457 924 610 1005 recipiunt
628 924 668 979 ad
688 925 891 995 pugnandum
911 933 1016 982 contra
1034 928 1196 997 improbas
1214 928 1440 987 inclinationes.

192 991 273 1047 Ideo
298 1008 416 1061 corum,
441 994 495 1064 qui
515 994 631 1049 liberos
650 993 791 1059 edumnt,
816 1002 864 1050 est
883 995 1005 1051 animos
1030 1012 1139 1053 eorum
1166 998 1312 1053 ecclesiae
1336 1007 1441 1055 aucto-

192 1062 279 1117 ritati
301 1062 442 1117 subicere
462 1065 547 1131 (191).
1300 1066 1330 1123 0.
1349 1069 1406 1125 tsi.

303 1202 348 1271 tte
375 1204 479 1287 statu,
510 1204 562 1288 cut
594 1220 679 1273 nunc
703 1204 768 1287 sat,
803 1204 1000 1289 disciptinae
1030 1205 1111 1274 turta
1142 1205 1371 1277 ecclesiastici
1405 1209 1438 1277 tn

187 1288 315 1358 nussia
339 1291 498 1375 quasdam
522 1290 839 1361 animadversiones.
864 1294 950 1389 iljars
976 1292 1044 1374 11¹.)

792 1416 847 1473 111.

301 1518 419 1578 lluobus
450 1519 587 1584 decretis,
621 1540 742 1597 quorum
776 1523 870 1599 primo
900 1542 925 1579 a.
952 1523 1034 1579 1835
1062 1521 1276 1599 praelectiones
1307 1543 1345 1579 cx
1375 1525 1441 1581 iure

185 1608 334 1665 canonico
359 1610 389 1665 in
405 1607 559 1665 facultates
576 1606 715 1665 iuridicas
732 1606 923 1679 introductae,
947 1608 1077 1667 secundo
1092 1619 1191 1667 autem
1214 1630 1238 1667 a.
1255 1610 1337 1667 1863
1354 1608 1441 1669 inde-

190 1692 355 1773 pendentes
378 1693 419 1752 ihi
444 1692 602 1752 cathedrae
626 1704 740 1751 erectae
764 1705 840 1763 suut,
864 1697 977 1772 positae
1001 1707 1069 1753 sunt
1091 1694 1278 1753 conditiones
1302 1696 1439 1755 lavantes

190 1780 259 1839 hnic
292 1781 403 1839 florenti
437 1782 534 1844 statui,
568 1780 605 1838 ad
629 1800 716 1859 quem
740 1783 863 1839 scientia
895 1784 967 1839 iuris
990 1782 1125 1841 canonici
1148 1781 1180 1839 in
1204 1782 1310 1839 Russia
1338 1785 1439 1841 novis·

188 1870 274 1927 simis
297 1866 476 1945 temporibus
493 1870 635 1945 pervenit.
659 1866 869 1945 Irrei'ragabile
884 1870 1085 1927 testimonium
1110 1868 1196 1925 huius
1219 1871 1322 1946 optimi
1343 1877 1437 1928 status

184 1974 285 2013 rernm
321 1968 387 2012 sunt
418 1954 578 2032 compluria
614 1975 703 2033 opera
736 1957 935 2033 systematica
969 1975 1034 2013 cum
1070 1957 1236 2014 necessario
1270 1964 1438 2033 supponant

185 2061 323 2119 campum
348 2043 489 2099 scientiae
513 2043 567 2098 etsi
593 2062 650 2099 uun
674 2041 804 2099 totaliter
826 2057 906 2099 certe
928 2056 1027 2100 tamen
1052 2044 1161 2100 maiore
1185 2062 1221 2099 ex
1246 2052 1329 2120 parte
1351 2062 1436 2120 prae·

181 2128 326 2187 euntibus
357 2126 505 2186 laboribus
536 2129 693 2185 excultum.
742 2128 784 2187 ile
807 2131 919 2207 optimo
942 2140 1020 2187 statu
1042 2139 1167 2187 testatur
1198 2129 1290 2187 etium
1313 2139 1436 2189 conatus

183 2214 371 2293 quorundam
399 2217 618 2273 canonistarum
641 2214 771 2293 eligendi
796 2226 825 2273 et
842 2214 1020 2292 designandi
1043 2226 1155 2293 patrem
1172 2214 1259 2273 huius
1281 2218 1437 2290 scientiae;

185 2304 213 2361 si
245 2304 418 2380 respiciatur
440 2302 478 2359 ad
501 2300 590 2359 breve
620 2314 735 2380 tempus
759 2323 817 2361 non
841 2302 988 2360 excedens
1018 2301 1173 2361 dimidiam
1197 2302 1306 2361 saeculi
1336 2304 1437 2361 evola·

185 2390 288 2459 tionis,
321 2389 421 2467 procul
445 2388 533 2447 dubio
557 2408 700 2447 corramen
724 2388 778 2447 hoc
802 2410 945 2447 summam
969 2390 1052 2447 affert
1076 2389 1193 2449 laudem
1217 2399 1276 2447 tam
1300 2390 1437 2447 evolutae

184 2478 330 2533 scientiae
354 2477 425 2533 iuris
449 2478 582 2533 canonici
608 2496 694 2553 quam
719 2476 849 2534 eiusdem
875 2475 1042 2535 cultoribus.

292 2564 328 2621 N.
364 2562 499 2623 Miles.
534 2562 752 2621 Kirchenrecht
781 2562 832 2621 der
867 2563 1068 2639 morgenldnd.
1093 2563 1215 2621 Kirchc.
1250 2563 1435 2635 Czornorita‚

188 2650 282 2716 1897,
306 2671 332 2727 p.
347 2652 386 2707 24
411 2648 539 2707 celebrat
563 2648 823 2709 archimandritam
837 2652 980 2708 loannem
1004 2661 1035 2707 ut
1058 2662 1171 2728 patrem
1195 2652 1267 2707 iuris
1290 2651 1436 2707 scientiae

180 2739 347 2794 canonicae
379 2738 548 2821 inlliussia,
582 2738 632 2813 qni
655 2758 680 2794 a.
708 2740 786 2794 taor
814 2738 1021 2814 incompletum
1054 2756 1169 2795 cursum
1200 2737 1272 2794 iuris
1295 2736 1434 2795 ecclesia·

180 2825 254 2881 stici
274 2822 435 2901 publicavit
453 2826 654 2883 continentem
672 2824 920 2882 introductionem
944 2837 971 2881 et
990 2824 1143 2881 historiam
1160 2822 1270 2881 codicis
1286 2842 1432 2881 canonum

180 2910 331 2967 ecclesiae
355 2911 506 2969 orientalis
530 2930 594 2969 cum
619 2910 735 2969 adnexo
758 2913 978 2969 commentario.
1009 2909 1124 2968 Eodem
1147 2921 1247 2969 tamem
1269 2910 1318 2967 rel
1341 2911 1432 2967 stiam

186 3000 300 3075 potiore
322 2999 383 3055 iure
407 3009 504 3074 posset
521 2997 758 3076 protopresbpter
781 2997 985 3056 Skvoreor
1008 2997 1086 3055 hauc
1109 2994 1287 3074 dignitatem
1302 2995 1433 3068 induere,

181 3086 238 3161 qui
262 3094 399 3160 quantuor
415 3086 501 3143 annis
524 3096 592 3143 ante
616 3084 852 3145 arclr.Icanne1u
876 3105 901 3141 a.
917 3088 998 3143 luta
1015 3083 1109 3143 edidit
1122 3085 1300 3162 completum
1316 3103 1432 3141 cursum

184 3190 239 3247 per
261 3172 368 3229 multos
391 3170 499 3228 deinde
523 3192 615 3229 annos
639 3192 689 3248 pro
712 3174 821 3249 optimo
846 3169 921 3229 libro
945 3170 1077 3229 habitum
1101 3183 1129 3227 et
1154 3173 1293 3229 usitatum
1318 3173 1349 3247 (4
1369 3170 1432 3229 edi-

184 3254 305 3335 tiones).
329 3290 369 3301 -

294 3344 358 3402 Hac
382 3346 534 3403 occasione
558 3342 762 3421 corrigendum
786 3358 829 3403 cst
853 3344 1001 3408 mendum.
1036 3342 1114 3421 quod
1137 3345 1255 3421 irrepsit
1278 3345 1308 3400 in
1332 3363 1434 3401 recen-

182 3432 299 3489 sionem
334 3452 453 3509 operum
489 3433 743 3511 systematicorum
777 3430 855 3509 apud
888 3431 985 3498 utilas,
1023 3429 1243 3488 Kirchenrecht
1265 3450 1289 3490 o.
1313 3449 1346 3499 c„
1381 3431 1432 3507 qui

185 3520 347 3595 respiciens
370 3517 408 3577 ad
432 3518 523 3577 solam
548 3516 706 3576 secundam
730 3516 890 3577 editionem
914 3518 1080 3595 compendii
1104 3537 1123 3575 a
1142 3517 1294 3575 Skvorcov
1316 3517 1431 3574 exarati

181 3604 311 3663 collocat
333 3605 363 3664 id
388 3614 451 3683 post
475 3626 547 3683 opus
570 3604 649 3663 arch.
673 3606 806 3679 Ioannis3
831 3604 886 3663 hoc
909 3604 1048 3663 mendum
1071 3606 1259 3680 coniungitur
1274 3602 1432 3662 manifeste

183 3712 264 3749 nexu
288 3693 397 3751 causali
422 3713 486 3750 cunr
510 3694 648 3769 opinione
672 3694 798 3751 auctoris
822 3691 858 3749 de
875 3703 957 3769 patre
981 3693 1123 3751 scientiae
1147 3692 1218 3749 iuris
1241 3692 1375 3749 canonici
1400 3691 1431 3747 in

184 3778 301 3837 Russia.
346 3780 477 3839 Omnino
506 3790 603 3837 autent
635 3778 804 3857 imprudens
835 3777 961 3837 eundem
992 3798 1119 3836 errorem
1149 3778 1295 3835 commisit
1326 3777 1360 3835 L.
1392 3777 1430 3834 K.

181 3864 309 3923 Gaetu
332 3867 364 3925 in
387 3888 474 3945 opere
498 3886 562 3925 suo:
579 3865 878 3924 Kirchenrechtlichc
901 3864 961 3923 und
977 3864 1311 3941 kulturgeschichtliche
1326 3864 1430 3921 Deuk-

182 3952 278 4010 mttler
317 3954 520 4012 Altrusslands
561 3952 646 4011 nebat
684 3952 863 4011 Geschichte
902 3950 954 4010 des
993 3951 1161 4010 russischcu
1196 3951 1429 4010 Kirchenrechts

178 4038 498 4115 (Kirchenrechtliche
522 4038 765 4117 Abhandlungen
787 4038 1028 4115 herausgegehen
1052 4058 1110 4096 von
1134 4038 1171 4095 U.
1194 4038 1276 4097 Statu
1303 4041 1350 4095 la.
1369 4036 1429 4095 und

186 4128 235 4185 19.
260 4124 345 4202 Heft)
369 4130 522 4205 stuttgart,
555 4128 637 4185 1905
670 4162 708 4169 —
740 4148 767 4205 p.
792 4129 819 4185 t.
844 4126 930 4183 iuvat
960 4126 1034 4183 haec
1055 4144 1150 4203 pauca
1183 4124 1292 4182 referre
1314 4123 1351 4182 de
1375 4124 1431 4181 hoc

179 4234 291 4292 opere:
328 4214 361 4272 L.
385 4214 424 4275 K.
448 4216 541 4273 (loeta
572 4216 721 4292 proposuit
744 4212 801 4271 sibi
824 4214 972 4290 suscipere
1002 4222 1032 4270 et
1054 4211 1217 4289 adimplere
1240 4231 1433 4289 permagnum

182 4300 316 4361 laborem
350 4302 412 4361 scil.
444 4299 610 4360 describere
645 4300 797 4359 historiam
833 4300 1046 4358 christianismi
1080 4308 1110 4355 et
1143 4298 1238 4356 cultus
1269 4299 1301 4355 in
1333 4307 1442 4383 vetere

182 4388 300 4461 Russiu‚
323 4391 498 4447 nominatim
523 4391 554 4447 in
577 4390 684 4447 Russia
707 4388 863 4446 Kioviensi
888 4407 940 4445 scu
958 4386 1102 4444 llhraina.
1125 4383 1175 4442 Ad
1199 4384 1254 4442 hoc
1277 4385 1434 4462 praeparat

178 4496 216 4534 se
239 4478 413 4535 necessariis
437 4476 554 4538 studiis:
579 4496 700 4554 quornm
725 4474 834 4533 fructus
858 4482 943 4532 sunt:
975 4474 1038 4531 Das
1061 4472 1176 4529 Kiever
1197 4470 1435 4529 Hohlenkloster

181 4563 228 4621 als
256 4564 500 4621 Knlturcentrum
532 4562 584 4621 des
616 4560 894 4637 vormoogolischen
924 4558 1097 4630 Russiauds,
1131 4558 1252 4627 Passau
1287 4558 1380 4615 1904.
1403 4565 1434 4614 et

178 4668 264 4727 opus,
298 4670 387 4729 supra
410 4648 581 4716 indicatum,
616 4648 694 4727 quod
717 4657 832 4707 constat
858 4668 896 4704 ex
919 4645 1033 4704 duabus
1054 4644 1204 4724 partibus:
1235 4646 1331 4721 prima
1353 4663 1432 4701 com-

181 4736 372 4815 prehendens
404 4738 509 4795 1-94
540 4758 606 4815 pag.
629 4733 750 4814 praebet
780 4734 866 4793 nobis
897 4734 1050 4791 historiam
1080 4733 1152 4791 iuris
1175 4731 1368 4789 ecclesiastici
1398 4731 1432 4787 in
