3450 5342
834 297 1002 352 -lti-

297 494 332 535 ac
354 481 452 536 Deum
475 497 545 537 esse
564 480 659 544 idem)
678 486 707 534 et
726 479 902 534 dualismus
922 481 1017 549 (quod
1039 479 1197 533 materiam
1220 485 1375 532 aeternam
1392 476 1556 546 posuerit)

297 551 484 620 appellatur,
505 566 573 606 sum
580 566 629 604 ma
643 548 669 602 ei
684 548 797 602 iniuria
811 549 955 604 infertur.
974 551 1091 603 Auctor
1105 546 1259 602 Zellerum
1274 552 1399 601 secutus
1412 547 1557 601 omnino

294 621 473 689 neglexisse
499 620 625 675 videtur
650 633 730 687 quae
751 617 859 684 Ritter,
889 618 1054 684 Susemihl,
1085 617 1231 679 Micholis,
1259 615 1308 670 alii
1328 616 1556 684 scripserunt;

293 696 377 745 certe
402 690 450 744 hic
479 690 547 754 (Die
573 687 774 756 Philosophia
799 688 926 742 Platons
947 687 997 753 ΙΙ.,
1026 689 1090 741 2871
1121 688 1199 742 bene
1219 686 1356 740 ostendit
1374 701 1457 749 eum,
1486 685 1553 755 qui

294 759 415 814 Platoni
427 759 599 814 doctrinam
614 758 652 811 de
666 757 847 812 aeternitate
865 757 972 811 mundi
987 757 1104 818 tribuit.
1120 756 1313 811 committere
1327 755 1408 810 »eine
1421 755 1556 809 directe

292 830 357 883 und
388 828 598 896 vollstiindige
629 826 828 896 Entstellung
853 825 910 880 des
940 826 1153 896 platonischen
1184 825 1427 886 Stanoounkts.
1459 826 1556 879 Sane

293 897 362 967 ipsa
375 913 479 967 opera,
499 912 590 966 quam
604 896 635 950 in
650 911 685 950 ea
697 911 730 950 re
745 895 904 964 impendit,
916 901 1050 951 testatur
1063 911 1132 950 eum
1149 896 1321 950 secundum
1337 895 1552 949 intentionem

295 967 409 1022 mentis
435 983 510 1022 suae
534 967 615 1021 nolle
641 966 748 1021 mundi
775 965 987 1020 aeternitatem
1014 965 1187 1020 admittere.
1217 963 1253 1018 ld
1279 964 1400 1032 quidem
1428 963 1551 1033 negari

293 1037 401 1104 nequit
425 1036 632 1106 cognitionem
664 1035 727 1102 Dei,
753 1051 847 1104 quam
871 1036 958 1089 Plato
979 1035 1087 1090 habuit
1106 1035 1202 1089 variis
1221 1033 1468 1089 obscuritatibus
1489 1048 1553 1088 su·

293 1106 425 1161 biectam
446 1106 560 1171 fuisse;
583 1105 636 1159 sed
657 1120 720 1160 non
739 1103 885 1169 docuit,
904 1120 982 1173 quae
1002 1120 1151 1227 superare
1177 1120 1239 1158 nou
1259 1103 1367 1172 potuit,
1394 1102 1552 1172 quamvis

298 1191 449 1245 superare
469 1174 613 1230 voluerit.
633 1174 681 1228 lta
700 1190 810 1230 verum
832 1179 881 1229 est
901 1174 993 1229 etiam
1016 1176 1184 1239 Patonem,
1209 1189 1279 1228 cum
1300 1173 1338 1227 de
1357 1172 1553 1227 diversitate

293 1245 376 1300 inter
402 1244 563 1314 spirituale
587 1248 618 1299 et
646 1244 806 1299 materiam
827 1252 940 1312 ageret,
972 1245 1031 1298 sub
1053 1245 1194 1298 membro
1214 1242 1319 1312 priore
1338 1241 1546 1310 coiirplexurn

294 1330 364 1369 esse
390 1321 420 1369 et
444 1314 624 1369 absolutum
652 1319 682 1368 et
708 1313 892 1378 relativum;
922 1314 975 1367 sed
998 1322 1214 1382 praeterquam
1257 1312 1317 1366 uod
1339 1327 1435 1380 qiaene
1454 1312 1549 1365 idem

294 1384 494 1439 committunt
513 1383 605 1437 etiarn
621 1383 760 1438 norinulli
776 1381 942 1452 dogmatici
956 1383 1125 1445 christiani,
1145 1383 1226 1450 quia
1270 1398 1306 1436 eo
1319 1381 1427 1436 eodem
1443 1381 1550 1434 modo

294 1459 458 1508 removent
488 1453 658 1517 materiam,
686 1468 750 1521 quo
778 1468 794 1507 a
824 1452 987 1522 spiritibus
1016 1452 1136 1513 creatis
1165 1467 1234 1505 cum
1265 1458 1367 1505 tamen
1398 1451 1481 1504 Deus
1512 1455 1552 1505 et

271 1522 472 1578 ,virtualiter
491 1528 520 1576 et
540 1523 713 1576 eminenter
731 1537 797 1576 eam
819 1522 850 1577 iu
872 1538 904 1576 se
924 1521 1087 1585 contiueat,
1107 1521 1208 1591 angeli
1229 1521 1377 1574 sonitem
1399 1551 1431 1558 —
1451 1519 1553 1574 Plato

293 1592 326 1647 in
352 1592 421 1647 dial.
447 1592 485 1647 de
513 1607 546 1645 re
566 1592 650 1660 publ.
670 1607 726 1645 eris
746 1591 924 1646 absolutum
947 1592 1034 1660 ponit
1054 1606 1150 1659 suipra
1169 1591 1383 1644 diversitatem
1404 1597 1448 1642 wi
1466 1605 1549 1643 esse

295 1668 326 1717 et
344 1670 389 1716 τοῦ
408 1677 597 1731 cognoscere
616 1661 666 1729 ita,
687 1666 720 1715 ut
739 1661 829 1715 simul
849 1660 922 1715 insit
943 1661 973 1714 in
993 1677 1029 1714 eo
1044 1661 1230 1729 principium
1246 1659 1438 1727 cognitionis
1457 1659 1552 1727 cogi·

296 1731 432 1799 tationis,
453 1732 573 1797 mentis,
599 1731 684 1799 quod
706 1730 856 1796 similiter,
877 1746 911 1785 ac
931 1731 977 1784 sol
997 1731 1095 1785 lucem
1116 1730 1266 1784 diffundit
1285 1744 1477 1797 corpoream,
1498 1729 1549 1783 sit

297 1802 369 1855 fons
389 1801 466 1855 lucis
487 1799 659 1868 spiritualis
680 1800 724 1861 tP.
744 1802 803 1864 509,
824 1801 869 1868 Bt.

401 1870 523 1939 Opinio‚
543 1885 605 1939 qua
625 1878 733 1924 auctor
751 1871 782 1924 in
802 1870 866 1924 fine
884 1871 958 1935 (422)
978 1870 1119 1923 dirimere
1133 1876 1264 1923 conatur
1283 1867 1547 1933 eoritroversiam,

299 1940 474 1995 tenueritne
495 1940 582 1993 Plato
602 1939 688 1993 ideas
707 1943 795 1994 extra
817 1940 915 1994 Deum
936 1954 974 1993 an
994 1940 1024 1993 in
1047 1939 1118 2001 lieo,
1138 1938 1321 2007 praemissis
1337 1938 1548 2006 respondenS,

298 2010 370 2064 felix
395 2025 457 2063 non
483 2014 540 2063 est.
573 2008 732 2062 Platonem
759 2009 839 2063 euim
867 2009 897 2062 in
924 2015 994 2062 ente
1019 2008 1172 2074 absoluto,
1203 2009 1234 2062 in
1259 2007 1343 2078 quod
1370 2008 1459 2077 spatii
1487 2012 1553 2062 aut

299 2079 452 2201 tempgris
485 2077 622 2131 rationes
654 2078 763 2132 cadere
795 2078 928 2146 negavit,
966 2077 1128 2146 quicquam
1162 2077 1340 2146 itixtapositi
1373 2076 1549 2131 collocasse

297 2149 367 2216 quis
408 2147 522 2202 inerit?

402 2216 542 2271 Platonis
562 2225 589 2270 ct
612 2216 778 2271 universae
798 2216 945 2271 historiae
994 2217 1186 2285 hilosophiae
1206 2216 1344 2271 studium
1366 2230 1543 2284 numquam

298 2287 374 2341 satis
400 2287 611 2340 commendari
639 2286 798 2340 laudarive
824 2292 935 2355 potest.
966 2233 1162 2355 Suapriipter
1180 2286 1238 2340 etsi
1257 2286 1375 2341 auctori
1395 2285 1486 2339 etiam
1508 2285 1544 2338 in

299 2355 471 2411 maioribus
494 2358 587 2410 rebus
612 2370 778 2410 assensum
806 2357 1000 2424 negauimus,
1029 2361 1131 2410 tamen
1158 2356 1339 2410 industriam
1367 2356 1434 2409 eius
1454 2354 1485 2407 in
1508 2368 1550 2409 re

296 2425 414 2549 ogtima
434 2425 612 2480 collocatam
629 2425 756 2479 omnino
776 2425 982 2494 agnoscimus.
1004 2417 1157 2491 Floreant,
1178 2433 1318 2479 crescant
1331 2426 1406 2479 haec
1419 2423 1545 2478 studia!

298 2495 311 2548 l
356 2495 464 2549 saltem
485 2509 594 2548 omues
608 2508 666 2547 nos
686 2499 840 2562 optamus,
859 2495 911 2563 qui
928 2494 1050 2548 veritati
1066 2495 1232 2550 catholicae
1247 2510 1307 2549 non
1323 2494 1469 2548 timemus
1483 2508 1545 2548 nec

298 2562 527 2633 philosophiam
555 2562 757 2617 christianam
783 2563 845 2617 iam
866 2565 1041 2618 absolutam
1062 2569 1264 2635 exactamque
1283 2580 1354 2618 esse
1372 2564 1549 2633 opinamur·

296 2640 326 2687 et
347 2633 580 2703 progressui
603 2632 752 2686 scientiae
772 2632 864 2687 etiam
886 2633 1052 2687 catholicae
1072 2634 1271 2690 intendimus
1394 2632 1423 2686 J.
1449 2632 1506 2685 vta.

398 2762 525 2842 daconis
545 2772 740 2832 latollclrtho
761 2772 998 2834 inchoassetis.
1017 2773 1096 2832 10⁰5.

397 2861 424 2915 J.
445 2861 494 2914 Va
500 2861 510 2930 j
522 2877 550 2923 S,
571 2848 646 2915 [lota
667 2860 951 2927 neposkvrnendho
971 2861 1072 2928 pedeti
1094 2860 1125 2914 B.
1143 2860 1238 2913 llario
1251 2859 1281 2912 P.
1297 2876 1314 2911 r
1330 2858 1539 2928 liturgickpch

294 2929 429 2983 kniha‘ich
459 2930 662 2999 litabolskpcli
693 2931 818 2994 (Cultus
847 2931 1060 2984 immaculatae
1086 2929 1295 2997 eoriceptionis
1318 2930 1349 2982 B.
1371 2927 1484 2982 llariae
1506 2929 1539 2983 V.

293 2999 324 3053 in
344 2999 497 3063 literatus
517 3000 606 3054 libris
626 3001 831 3069 glagoliticis).
861 3017 889 3068 p.
910 3003 983 3054 1-6.
1014 2999 1079 3052 llac
1102 2998 1361 3052 commentatione
1380 2998 1539 3066 quomodo

294 3068 326 3122 B.
360 3069 391 3123 V.
423 3070 462 3122 ab
494 3072 547 3135 eis,
584 3069 634 3138 qui
668 3071 843 3140 glagolitioa
875 3070 1000 3137 liturgia
1036 3070 1212 3126 utebantur.
1241 3067 1271 3121 in
1302 3084 1417 3136 genere
1448 3068 1542 3135 culta,

293 3142 324 3192 et
343 3138 508 3206 praecipue
527 3140 594 3194 eius
614 3141 811 3195 immaculata
831 3140 990 3206 conceptio
1010 3139 1163 3191 celebrata
1183 3137 1231 3201 sit,
1252 3138 1443 3200 ostenditur;
1461 3138 1538 3208 quid

292 3207 365 3262 festi
385 3207 479 3263 huius
499 3209 652 3265 obiectum
674 3211 776 3273 fuerit,
797 3209 922 3262 aliunde
935 3215 1077 3261 constare
1093 3208 1288 3276 supponitur.
1310 3207 1450 3261 Primum
1464 3224 1540 3261 cnu-

294 3284 455 3333 merantur
474 3279 553 3333 festa
575 3281 605 3333 B.
628 3280 718 3333 1111.
740 3277 1161 3331 secundum‹iiidicemanni
1189 3279 1252 3330 1371
1283 3284 1313 3329 et
1341 3292 1410 3330 cum
1438 3283 1539 3345 poste·

294 3346 432 3402 rioribus
452 3349 672 3417 ‹ninfcruntur;
702 3348 813 3402 deinde
839 3347 944 3415 agitur
962 3347 1000 3399 dc
1021 3346 1127 3399 missis
1148 3345 1262 3399 votivis
1281 3346 1311 3399 in
1333 3347 1482 3400 honorem
1504 3347 1538 3401 B.

296 3416 335 3470 M.
355 3417 388 3471 V.
407 3449 441 3456 —
460 3420 594 3472 duarum
625 3417 858 3486 sequentiarum
881 3421 984 3469 textus
1004 3432 1041 3468 cx
1062 3415 1237 3483 falagolitico
1269 3415 1387 3470 missali
1415 3432 1432 3470 a
1471 3419 1540 3469 1483

294 3486 379 3554 typis
399 3487 557 3556 exscripto
577 3487 688 3540 formis
708 3486 811 3540 latinis
831 3484 984 3550 repetitur
997 3517 1037 3550 —-,
1057 3492 1121 3539 tum
1143 3486 1181 3538 de
1201 3484 1313 3538 officiis
1335 3485 1449 3540 votivis
1470 3486 1540 3540 bre·

295 3554 465 3610 viariorum
487 3555 745 3625 glagoliticorum.
772 3558 840 3617 Quo
860 3555 941 3607 facto
961 3554 1086 3623 liturgia
1112 3554 1181 3608 festi
1212 3554 1432 3609 lnunaculatac
1461 3556 1540 3611 Con-

295 3625 446 3692 ceptionis
466 3625 662 3678 describitur.
685 3626 806 3679 Novum
828 3633 910 3677 certe
924 3632 971 3678 est
984 3625 1039 3676 hoc
1053 3625 1168 3677 festum
1184 3625 1213 3678 in
1230 3624 1385 3679 breviario
1398 3627 1538 3695 quodam

295 3707 320 3746 a.
341 3696 406 3748 1561
428 3694 488 3747 ritu
509 3694 640 3815 duplicis
660 3710 730 3747 cum
751 3701 859 3747 octava
870 3698 1014 3747 ornatum
1027 3708 1147 3747 esse—
1162 3694 1309 3748 Eiusdem
1321 3694 1537 3749 immaculatae

293 3762 503 3831 conceptionis
523 3763 554 3816 iu
566 3763 691 3817 :iilaeum
711 3764 801 3817 etiarn
822 3762 950 3816 alterius
970 3764 1239 3817 commentationis
1259 3765 1379 3818 occasio
1398 3765 1466 3818 luit:

397 3954 458 4008 luce
479 3954 519 4007 sui
540 3953 653 4021 generis
674 3954 846 4021 incorporea,
867 3955 1098 4021 queamdmodum
1131 3955 1227 4007 oculus
1245 3955 1336 4006 carnis
1356 3954 1442 4018 videt,
1462 3969 1535 4021 quac

400 4023 425 4076 in
447 4024 499 4077 hac
517 4039 653 4090 corporea
673 4025 734 4077 lucc
745 4024 988 4085 circumducent,
1008 4024 1085 4076 cuins
1096 4024 1164 4077 lucis
1175 4039 1265 4091 capax
1286 4024 1367 4090 eiquo
1380 4040 1539 4089 congruens

397 4099 440 4146 cst
458 4094 591 4146 creatus.“
613 4094 653 4146 Cl'.
676 4094 715 4145 lle
734 4093 808 4145 'liin
828 4093 845 4144 l.
864 4096 889 4152 a
909 4111 931 4145 c.
952 4097 974 4147 i.
994 4093 1085 4145 Etiam
1105 4108 1261 4161 processus,
1294 4108 1348 4159 ipio
1380 4108 1414 4145 eo
1441 4107 1538 4161 perve-

399 4174 506 4227 nerunt,
527 4163 624 4216 similis
643 4161 695 4215 l'uit
716 4162 873 4227 Platonic03
893 4162 926 4216 cf.
938 4163 1120 4228 Augustinus,
1141 4162 1289 4230 Q11.83,q.
1309 4167 1325 4214 il
1346 4163 1536 4230 t'quodaiitem

401 4249 455 4286 nou
475 4238 578 4297 innuet,
598 4231 704 4301 percipi
724 4248 778 4285 non
798 4234 918 4300 potenti:
939 4231 1082 4293 lleuricus,
1103 4230 1204 4285 Sumui.
1225 4238 1276 4285 art.
1297 4237 1320 4295 1,
1340 4250 1366 4300 p.
1385 4236 1417 4295 *ἐς
1437 4231 1535 4296 Quodl.

323 4335 331 4337 e
396 4305 420 4367 5,
441 4318 466 4369 q.
486 4304 509 4354 t.
530 4301 676 4355 {Notitiam
702 4301 832 4355 veritatis
860 4309 964 4355 certam
993 4313 1021 4355 et
1048 4300 1223 4354 infallibilem
1253 4318 1334 4356 nemo
1365 4301 1459 4365 habet,
1485 4301 1537 4355 nisi

399 4370 510 4431 lrabeat,
533 4371 605 4424 unde
624 4375 715 4439 possit
733 4371 892 4425 disccmere
910 4386 1006 4424 verum
1025 4386 1042 4422 a
1061 4370 1120 4423 veri
1139 4371 1235 4436 simili3
1254 4371 1321 4438 quia
1339 4371 1361 4425 si
1373 4387 1427 4424 non
1442 4377 1537 4441 potest

367 4503 368 4507 ἵ
399 4441 557 4495 discernere
576 4456 672 4494 verum
692 4457 709 4492 u
728 4440 799 4494 falso
818 4440 863 4493 vel
884 4440 1027 4493 verisimili
1057 4446 1152 4506 potest
1182 4440 1312 4495 dubitare
1332 4456 1361 4495 se
1380 4439 1455 4501 falli·
1486 4440 1536 4494 sed

398 4510 458 4565 sine
476 4511 591 4578 speciali
613 4509 799 4565 illustratione
819 4508 845 4561 in
865 4510 963 4563 ordine
982 4509 1017 4562 ad
1037 4510 1116 4563 ideas
1140 4525 1190 4564 seu
1215 4510 1387 4580 exemplaria
1415 4512 1539 4564 increata

400 4596 455 4633 nou
475 4587 571 4648 potest
590 4579 748 4633 discerncre
769 4594 863 4631 verum
885 4594 900 4632 a
920 4578 1074 4636 verisimili)
1094 4584 1147 4633 etc.
