3450 5342
843 456 1039 511 -134-

317 644 450 725 Cyrillus
474 644 603 703 Contaru
627 642 836 702 coudeumavit
858 647 922 702 eius
945 664 1064 701 errores.
1088 646 1163 701 Cum
1187 654 1284 701 autem
1300 640 1338 699 ad
1354 640 1457 699 sedem
1473 640 1563 699 Cous·

316 731 595 810 tantinopolitanam
618 730 797 789 Parthenius
825 742 945 788 evectus
967 742 1044 789 esset
1067 729 1214 788 celebrato
1237 729 1370 792 concilio,
1405 730 1452 785 cui
1477 730 1563 785 inter-

316 819 435 877 fuerunt
464 829 523 877 tres
554 817 748 895 patriarchae,
785 819 894 894 viginti
929 826 957 875 et
992 836 1066 876 unus
1102 818 1240 894 episcopi,
1290 816 1366 874 aliae
1397 814 1564 891 dignitates,

318 907 399 963 misit
415 904 570 982 epistolam
586 903 760 983 synodicam
773 903 810 963 ad
827 902 972 983 synodum
986 904 1206 982 provincialem,
1228 922 1315 981 quam
1332 902 1439 959 Petrus
1455 899 1566 977 Mogila

317 995 350 1050 in
372 991 473 1049 urbem
504 1010 587 1049 suam
610 991 704 1049 lasios
727 994 910 1057 convocavit,
941 990 1040 1069 ibique
1064 1010 1129 1049 eum
1153 988 1245 1048 tribus
1276 991 1431 1068 episcopis,
1463 986 1566 1066 quibus

317 1078 452 1157 praefuit.
489 1078 614 1154 aliisque
637 1098 707 1135 suae
731 1080 903 1155 provinciae
934 1078 1049 1135 clericis
1071 1096 1105 1134 ac
1128 1075 1276 1135 nobilibus
1299 1074 1470 1133 hominibus
1505 1090 1567 1152 pro-

317 1167 434 1243 scripsit
457 1163 621 1222 doctrinam
645 1164 753 1243 Cyrilli
776 1164 898 1223 Lucaris
923 1164 969 1222 his
991 1163 1091 1221 verbis
1116 1159 1181 1243 4⁰J:
1209 1164 1350 1241 ,lusuper
1366 1178 1395 1220 et
1411 1182 1486 1239 quas
1509 1163 1568 1219 suis

319 1254 447 1310 attexuit
469 1249 615 1329 capitibus
646 1253 834 1328 quaestiones
863 1252 995 1329 prolatae
1027 1251 1163 1320 lueruut;
1194 1262 1223 1309 et
1245 1250 1300 1307 has
1323 1244 1444 1327 quidem
1473 1248 1568 1305 nihilo

318 1338 455 1397 meliores
477 1336 623 1415 capitibus
646 1336 750 1395 eadem
775 1340 914 1396 universa
926 1349 1029 1396 sancta
1041 1335 1172 1417 synodus
1184 1339 1308 1395 invenit.
1331 1335 1451 1413 Quippe
1469 1334 1568 1393 elabo-

317 1435 397 1484 ratas
419 1445 437 1483 a
460 1427 570 1483 sanctie
593 1423 725 1502 patribus
749 1427 857 1483 Sacrae
882 1426 1049 1503 Scripturas
1072 1426 1272 1503 expositiones
1295 1436 1323 1481 et
1347 1422 1396 1480 hie
1420 1425 1462 1480 uti
1481 1440 1569 1500 supra

320 1533 379 1571 uou
402 1510 489 1569 modo
511 1513 630 1589 respuit,
653 1532 785 1569 verum
808 1521 844 1568 et
877 1511 1093 1570 nonnullos
1124 1508 1301 1569 cittsdem
1334 1512 1567 1586 Scripturas

318 1597 445 1656 libros
468 1598 577 1655 velut
599 1600 810 1656 canonicos
842 1618 860 1655 a
883 1601 1036 1656 sanctis
1060 1608 1095 1655 et
1119 1598 1386 1656 oecumenicis
1417 1594 1569 1675 synodis

318 1694 523 1762 receptos
546 1686 761 1762 expungit
784 1728 791 1741 .
814 1732 822 1745 .
846 1730 852 1742 .
877 1730 883 1742 .
907 1688 1093 1763 (Quapropter
1115 1684 1309 1761 dictacapita
1331 1694 1361 1740 et
1379 1685 1570 1761 quaestiones

318 1772 466 1830 communi
490 1772 629 1847 sullragio
657 1773 766 1849 (inquit
788 1771 862 1829 haec
885 1780 988 1831 sancta
1012 1770 1154 1852 synodus)
1184 1770 1317 1829 absolute
1340 1768 1518 1827 damnamus
1540 1778 1570 1825 et

320 1869 472 1937 tamquam
495 1858 633 1916 haereses
655 1856 765 1937 ubique
788 1860 932 1935 spirantia
944 1869 1032 1936 atque
1046 1856 1082 1917 ab
1095 1857 1266 1925 orthodoxa,
1290 1876 1377 1935 quarn
1390 1855 1569 1935 profitemur,

320 1945 379 2005 fide
401 1965 519 2024 prorsus
542 1945 648 2015 aliena,
671 1947 779 2004 nostris
802 1944 839 2001 ab
863 1944 1015 2003 liminibus
1038 1944 1276 2024 proscribimus“.
1306 1942 1479 2021 Subscripta
1502 1952 1570 2001 sunt

321 2035 442 2091 nomina
471 2032 636 2103 Parthenii,
676 2026 862 2110 patriarchae
894 2032 1223 2110 constantinopolitani,
1260 2032 1342 2089 Petri
1373 2026 1569 2107 Mogilaess),

318 2119 529 2196 archiepiscopi
555 2117 640 2176 Ciobi
664 2115 780 2199 (Κίων),
806 2120 1008 2197 episcoporum
1032 2128 1103 2189 octo,
1127 2131 1291 2177 curatorum
1315 2115 1422 2195 synodi
1445 2118 1570 2194 triginta

318 2208 458 2284 quinque,
475 2206 636 2282 intorques
648 2207 718 2263 item
731 2206 816 2263 multi
828 2214 913 2265 eraut
925 2208 1054 2284 episcopi
1072 2206 1182 2284 aliique
1195 2224 1320 2282 magnae
1332 2203 1490 2279 dignitatis
1503 2204 1569 2260 viri

423 2316 527 2394 ltaque
550 2317 655 2375 Petrus
677 2318 790 2395 Mogila
824 2320 944 2377 nomine
976 2320 1066 2378 totius
1090 2318 1217 2395 Magnae
1249 2318 1371 2375 llussiae
1395 2316 1570 2393 subscripsit

320 2422 464 2461 canonem
496 2403 796 2463 anathematizantem
830 2405 994 2464 doctrinam
1019 2405 1125 2485 Cyrilli
1154 2406 1283 2475 Luceria,
1314 2405 1364 2481 qui
1393 2402 1570 2475 ,nonnullos

319 2492 476 2548 canonicos
498 2490 589 2548 libros
624 2494 731 2549 Sacrae
767 2492 934 2570 Scripturae
965 2494 1128 2569 expunxit*
1156 2494 1175 2551 i.
1209 2513 1234 2553 e.
1268 2492 1380 2549 amovit
1414 2508 1569 2547 acanoue

319 2578 421 2653 agnito
444 2586 532 2655 atque
556 2578 717 2655 approbato
739 2599 757 2636 a
780 2600 816 2637 ss.
829 2578 962 2656 patribus
975 2590 1004 2636 et
1020 2582 1217 2656 oecumenicis
1229 2576 1359 2657 synodis.
1383 2578 1493 2653 Agitur
1505 2578 1571 2635 siue

318 2662 408 2721 dubio
431 2662 468 2721 de
491 2664 639 2742 aliquibus
661 2663 746 2722 libris
780 2664 1061 2737 deuterocanonicis,
1096 2686 1168 2743 epiros
1192 2685 1287 2743 neque
1311 2663 1469 2723 concilium
1493 2661 1571 2721 Lao·

319 2749 456 2809 dicenum
479 2761 639 2812 enumerat.

424 2863 460 2920 ln
482 2863 657 2941 provinciali
682 2865 807 2922 concilio
830 2864 918 2921 Iasiis
942 2863 1044 2921 habito
1067 2863 1172 2921 Petrus
1196 2863 1307 2939 Mogila
1340 2862 1569 2933 ,catechismum

320 2946 415 3027 (cuius
438 2950 548 3025 primus
571 2961 671 3008 auctor
705 2950 796 3009 fuisse
818 2950 909 3007 fertur
940 2951 1034 3009 lsaias
1068 2950 1326 3028 'l'rophimovicius
1359 2948 1571 3025 Kozlovslrius,

320 3037 491 3093 monasterii
524 3038 697 3095 Kioviensis
727 3037 851 3095 Nieolao
886 3035 976 3095 dicati
999 3038 1133 3113 Igumeu,
1167 3038 1217 3115 qui
1241 3032 1373 3111 vocatur)
1408 3038 1569 3093 iterum

321 3126 657 3201 atquesaepius
691 3123 816 3200 legit,
851 3136 1214 3202 utquaecumque
1249 3124 1387 3181 minus
1421 3121 1569 3199 proba-

320 3219 482 3278 rentur,
507 3223 745 3282 resecaret,
769 3221 939 3287 atquae
963 3208 1351 3281 desiderarentur,
1375 3208 1537 3267 adicere

318 3336 531 3351 -n—-·—-o

371 3396 408 3465 ⁴⁰)
425 3395 452 3450 K
463 3396 473 3448 i
484 3410 546 3449 mm
559 3395 602 3460 el,
629 3394 705 3449 llon.
724 3392 771 3448 fid.
789 3395 820 3461 L,
844 3411 872 3464 p.
890 3396 1043 3451 415-416:
1075 3398 1160 3464 „llpbg
1177 3399 1275 3462 τούοοις
1294 3398 1502 3463 ἐνεφανίσθησαν
1520 3400 1568 3447 ναι

424 3469 454 3531 δὶς
476 3473 530 3530 τοῖς
547 3467 705 3530 κεφαλαίοις
730 3468 896 3531 προσέθηκεν
916 3469 1062 3533 ἐρωτήσεις,
1091 3471 1138 3517 καὶ
1156 3468 1326 3535 ἐγνώσθησαν
1353 3469 1423 3532 πάση
1442 3471 1473 3531 τῇ
1502 3468 1567 3534 ἀγῑφ

422 3538 504 3602 ταύτῃ
522 3539 619 3601 συνόδῳ
636 3537 710 3587 ούδὲν
729 3536 832 3601 δμεινον
855 3542 907 3588 τῶν
925 3538 1079 3601 κεφαλαίων
1097 3540 1264 3602 διαπείρεται
1300 3538 1336 3587 ot
1354 3540 1431 3601 μόνον
1449 3539 1500 3605 γὰρ
1518 3540 1564 3599 τῆς

421 3612 526 3675 γραφῆς
543 3608 688 3672 ἑρμηνείας,
716 3607 763 3669 τὰς
780 3612 835 3669 τοῖς
853 3609 980 3671 πατράσιν
1004 3608 1077 3672 ἡμῶν
1095 3606 1295 3671 ἐκπονηθείσας,
1324 3608 1359 3669 ὡς
1377 3610 1424 3656 καὶ
1441 3608 1564 3670 πρύσερον

422 3677 625 3739 παρακρούεται,
646 3676 721 3726 ἀλλὰ
738 3680 784 3727 καί
800 3690 857 3726 τινα
875 3681 921 3741 τῆς
939 3678 1041 3741 ἐκείνης
1061 3676 1152 3727 ἀθετεῖ
1171 3678 1278 3740 βιβλίων,
1298 3677 1365 3741 ἅπερ
1383 3680 1412 3725 αι
1430 3678 1503 3743 ᾰγιαι
1520 3677 1566 3725 καὶ

422 3747 599 3808 οἰκουρενιααὶ
615 3746 715 3796 σύνοδοι
741 3746 776 3809 ύνς
794 3748 922 3797 κανονικοὶ
941 3746 1060 3806 edificata
1079 3781 1086 3796 .
1105 3782 1137 3795 ..
1172 3749 1218 3797 Διὰ
1234 3750 1310 3797 τούτο
1328 3748 1361 3795 τά
1381 3760 1410 3795 τε
1428 3746 1564 3809 κεφάλαια

422 3818 505 3864 ταῦτα
521 3817 568 3865 καὶ
585 3817 632 3878 τὰς
650 3816 788 3880 ἐρωτήσεις
814 3820 889 3881 κοινῇ
907 3818 986 3881 ψήφῳ
1004 3816 1112 3878 τελείως
1140 3814 1228 3882 (φησιν
1246 3816 1263 3880 ἡ
1283 3818 1346 3882 ἁγία
1364 3816 1468 3877 σύνοδος
1486 3816 1562 3877 αὕτη)

423 3884 599 3948 ἀνατρέπομεν
616 3888 663 3935 καὶ
675 3888 721 3949 τῆς
739 3884 868 3950 ἡμπδρας
879 3886 963 3950 αύλῆς
982 3886 1162 3949 ἀπελαύνομεν
1180 3886 1215 3947 ὡς
1229 3886 1353 3950 αἰρδσεων
1371 3885 1563 3949 πεπληρωμένα

423 3955 470 4002 καὶ
487 3954 571 4016 πάντῃ
590 3954 719 4019 ἀλλότρια
736 3960 783 4019 τῆς
800 3955 942 4019 δρύοδδξου
960 3959 1033 4019 ἡμῶν
1051 3953 1184 4017 πίστεως“.

370 4035 408 4107 ¹¹)
428 4035 575 4091 Petrus
592 4036 647 4091 Mo
657 4038 743 4106 gila
760 4053 786 4093 a.
797 4039 867 4093 1632
885 4038 981 4094 sedem
1000 4038 1198 4107 metropolitae
1210 4038 1333 4093 Kioviae
1351 4038 1488 4101 obtinuit;
1508 4041 1567 4091 erat

421 4105 464 4160 vir
482 4105 653 4174 amplissimo
679 4121 784 4176 genere
808 4108 953 4175 oriundus,
979 4108 1099 4164 scientia
1116 4108 1290 4177 conspicuus,
1318 4106 1425 4178 optime
1444 4106 1480 4163 de
1499 4106 1566 4162 Rus·

420 4190 513 4229 sorum
532 4174 653 4230 ecclesia
671 4177 793 4232 meritus.
821 4176 914 4233 Alteri
933 4178 1044 4249 syuodo
1062 4177 1200 4233 adversus
1218 4176 1352 4250 cyrillum
1372 4177 1501 4233 Lucerim
1520 4176 1565 4230 ha·

420 4244 498 4299 bitae
526 4260 628 4301 nomeu
655 4245 821 4316 subscripsit
846 4246 891 4301 his
909 4247 1017 4303 verbis:
1050 4251 1104 4317 ,Ta
1123 4252 1242 4315 σονοδικῇ
1271 4251 1496 4315 metalemsin
1523 4252 1567 4300 σοῖν

420 4319 618 4385 παναγιωιάτον
636 4319 734 4382 πατρὸς
756 4322 803 4369 καὶ
820 4322 940 4385 ποιμδνος
958 4319 1030 4384 hirtio
1047 4320 1213 4385 Πατρισὶρχου
1232 4320 1402 4371 Κωνσταντιν.
1426 4322 1566 4384 συμφωνῶν

421 4387 449 4436 δν
467 4393 529 4438 πᾶσι
546 4391 734 4439 artavasdo
753 4389 806 4456 ἐγὼ
824 4388 923 4453 Πέτρος
942 4388 1069 4457 Μογίλας,
1090 4392 1220 4452 ταπεινός,
1239 4392 1451 4454 'appareatur
1469 4388 1567 4454 Μητρο-

421 4457 530 4521 πολίτης
548 4457 641 4520 Κιδβον
668 4460 715 4507 καὶ
733 4458 848 4521 Ἁλιαίας
872 4461 919 4509 acti
943 4461 1062 4524 πάσης
1092 4458 1244 4522 Ῥωσίας
1267 4460 1399 4524 Ἔξαρχος
1422 4460 1468 4509 τού
1485 4457 1568 4526 ζάγιοιν

423 4527 597 4578 ἀποστολιιισύ
624 4525 720 4591 θρόνου
747 4530 793 4578 τού
817 4528 1115 4592 Κωνσταντινουπόλεως
1140 4530 1346 4594 Ἀρχιμανδρίτης
1372 4534 1418 4593 της
1442 4528 1568 4593 Λάμπρος

424 4595 576 4659 Πιετζαρίον
598 4596 742 4665 ὑπογράφω
760 4599 811 4661 ἰδίᾳ
835 4600 902 4661 χειρί
920 4600 957 4648 δι’
975 4600 1021 4662 ἐμέ
1044 4614 1074 4650 τε
1091 4600 1138 4649 καὶ
1157 4599 1189 4648 ἐκ
1213 4600 1350 4663 προσώπου
1369 4600 1455 4663 πάσης
1479 4602 1524 4661 τῆς
1541 4597 1568 4646 ἐν

422 4666 531 4785 ξριοτῷα
547 4666 693 4731 ἐκκλησίας
716 4671 764 4731 τῆς
788 4666 930 4730 epitheton
958 4672 1003 4718 καὶ
1031 4669 1182 4732 armatae<
1205 4672 1251 4733 τῆς
1275 4669 1356 4733 οὔσης
1384 4670 1411 4720 ἐν
1435 4672 1466 4732 σῇ
1491 4669 1567 4731 μικρᾷ

452 4739 540 4798 oeta.
1276 4763 1280 4775 .
