3450 5342
645 329 684 340 -—
710 296 774 354 ant
802 330 839 335 -

229 484 260 544 8.
282 479 459 545 Vertantur
480 482 552 545 libri
576 483 796 548 occidentales
823 487 856 548 in
880 484 1067 562 Russicum,
1089 487 1143 563 qui
1169 490 1363 565 praeparent

96 569 250 630 animos
274 576 389 630 mutua
412 571 461 632 sui
485 571 668 648 cognitione
691 571 731 634 ad
757 581 909 634 mutuam
936 573 1208 636 aestimationem.

228 665 258 719 tt.
289 655 471 719 tlonsulant
501 659 584 720 inter
617 677 651 721 se
681 657 864 722 Orientales
890 668 923 723 et
945 657 1172 724 occidentales
1201 658 1241 722 de
1264 659 1363 722 rebus

99 741 311 820 theologicis
334 749 432 822 atque
456 747 694 809 commercium
719 747 935 826 epistolarum
958 744 1115 810 foveatur.

231 831 279 895 10.
303 827 529 893 Occidentales
543 831 724 911 theologiae
741 831 941 913 professores
952 833 1095 914 optimas
1112 832 1250 896 Russiae
1263 832 1365 896 facul·

101 923 201 980 tates
227 915 438 995 theologicas,
461 915 598 982 [tussiae
622 919 764 998 theologi
787 921 930 998 optimas
952 918 1132 984 catholicas
1155 920 1294 983 visitent.

229 1005 278 1066 11.
308 1001 490 1068 (hiemales
520 1005 655 1084 rogandi
685 1017 771 1084 sont,
802 1015 836 1068 ut
867 1008 1040 1070 instituant
1068 1009 1152 1071 inter
1181 1025 1216 1071 se
1240 1005 1360 1070 sodali-

102 1097 231 1168 tatem,
262 1108 346 1170 qoae
370 1091 520 1170 precibus
550 1094 780 1157 communibus
805 1096 961 1158 unionem
990 1093 1205 1158 ecclesiarum
1227 1111 1363 1172 separa-

106 1185 230 1240 tarum
254 1179 429 1258 impetrare
453 1187 597 1242 norietur.

230 1264 279 1328 12.
309 1261 499 1328 Curandum
529 1275 646 1341 estut
678 1267 708 1328 in
732 1266 878 1345 qualibet
909 1265 1083 1329 Slavorunt
1107 1265 1359 1329 occidentalium

106 1353 253 1416 natione
276 1351 502 1416 introducatur
525 1353 682 1417 sodalitas
707 1356 862 1416 unionem
887 1370 1091 1433 promovens.
1435 1401 1442 1409 .

229 1438 278 1502 19.
311 1438 334 1501 F.
365 1441 533 1502 communi
567 1440 764 1504 bibliotheca
796 1438 1143 1519 Cprillo-Methodiana
1176 1437 1361 1502 Velehradii

107 1524 268 1607 deposita
301 1525 437 1604 singulis
470 1529 671 1606 quaestionis
705 1528 874 1592 orientalis
907 1525 1175 1609 (ecclesiasticae)
1206 1525 1361 1588 studiosis

108 1613 187 1675 libri
214 1612 256 1676 ad
281 1612 533 1677 determinatum
551 1622 681 1694 tempus
697 1612 752 1695 (ad
771 1632 940 1678 summum
957 1621 1023 1677 tres
1039 1615 1182 1693 menses)
1205 1613 1305 1692 gratis
1321 1649 1363 1656 —

109 1701 271 1780 expensis
293 1709 403 1763 tamen
428 1701 594 1764 missionis
617 1703 727 1764 statim
752 1701 869 1764 solutis
892 1737 932 1747 -
955 1700 1215 1764 commodentur.

222 1788 272 1851 20.
307 1785 459 1849 Instituta
482 1793 515 1851 et
546 1797 765 1866 maecenates,
796 1806 900 1868 aeque
937 1788 1113 1852 orientales
1144 1794 1241 1866 atque
1272 1788 1359 1849 occi-

111 1873 275 1952 dentales,
305 1873 439 1952 rogandi
464 1883 550 1954 sunt,
585 1886 620 1938 ut
643 1877 789 1954 praemia
821 1876 1033 1938 instituantur
1063 1885 1096 1938 et
1124 1874 1362 1937 distribuantur

114 1979 174 2040 pro
198 1961 532 2036 commentationibus
555 1971 588 2025 et
610 1962 700 2026 libris
724 1961 764 2025 ad
788 1964 1017 2042 quaestionem
1040 1960 1233 2026 orientalem
1256 1960 1362 2023 eccle-

112 2049 284 2110 siasticam
307 2047 553 2128 pertinentibus.

224 2134 274 2197 21.
305 2134 521 2198 Instituantur
551 2136 726 2200 cathedrae
757 2136 917 2217 speciales
946 2139 979 2199 in
1003 2134 1261 2199 occidentalibus
1284 2135 1356 2196 uni-

112 2221 325 2285 versitatibus
348 2224 640 2302 praestantissimis
671 2225 851 2302 generatim
883 2230 915 2286 et
938 2225 971 2286 in
995 2221 1206 2286 facultatibus
1230 2221 1355 2284 theolo-

113 2309 194 2388 gicis
218 2307 363 2388 Slavicis
381 2307 422 2370 ad
434 2309 604 2373 historiam
616 2319 649 2374 et
664 2311 813 2374 criticam
825 2309 1039 2373 confessionis
1056 2307 1355 2372 Graeco-Russicae

113 2397 322 2476 pertinentes.

219 2483 268 2546 24.
293 2481 384 2546 llocti
408 2481 546 2561 ordines,
579 2486 751 2564 praecipue
785 2482 982 2548 lesuitarum
1015 2491 1047 2547 et
1070 2481 1356 2546 Benedictinorum

115 2577 277 2647 rogentur,
308 2577 344 2632 ut
372 2567 488 2634 studiis
522 2571 753 2650 quaestionum
782 2570 1042 2648 theologicarum
1064 2578 1352 2633 controversarum

116 2656 269 2736 peculiari
293 2655 391 2719 modo
414 2674 550 2738 operam
572 2657 659 2722 dent.
1246 2704 1249 2708 -

221 2743 271 2808 25.
294 2743 494 2824 Bibliopolae
518 2743 737 2809 occidentales
761 2754 794 2809 et
816 2744 992 2825 scriptores
1014 2743 1190 2805 orientales
1214 2738 1352 2818 rogandi

118 2835 201 2908 sunt,
226 2836 260 2893 ut
280 2829 380 2894 libros
401 2850 479 2895 suos
494 2831 712 2896 bibliothecae
725 2830 1090 2912 Cyrillo-Methodianae
1101 2829 1201 2907 gratis
1213 2827 1356 2890 mittant.

117 2914 197 2980 Item
227 2918 402 2998 scriptores
445 2919 665 2983 occidentales
699 2927 854 2998 rogentur
889 2924 925 2981 ut
944 2916 1114 2995 theologis
1144 2913 1358 2979 orientalibus

118 3020 214 3082 opera
237 3022 297 3067 sua
319 3005 460 3068 mittant.

218 3090 266 3155 26.
290 3089 480 3156 Curandum
503 3100 561 3171 est,
593 3099 627 3154 ut
661 3091 769 3156 denuo
792 3093 933 3156 edantur
954 3091 1025 3155 libri
1050 3088 1248 3154 excellentes
1270 3089 1356 3151 anti-

119 3178 171 3256 qui
194 3176 234 3240 ad
256 3196 340 3258 opus
363 3179 493 3242 unionis
516 3181 661 3243 maxime
686 3180 893 3260 pertinentes.

216 3265 265 3329 27.
291 3263 443 3329 Proximo
467 3283 554 3329 auno
586 3265 770 3330 habeantur
799 3273 982 3330 conventus
1005 3263 1220 3345 particulare-s
1243 3262 1354 3337 singu-

120 3349 219 3415 larum
243 3354 414 3416 nationum
437 3352 479 3415 ad
502 3352 611 3416 studia
634 3353 763 3416 unionis
786 3352 915 3416 alenda.

220 3439 270 3503 28.
304 3439 456 3504 Secundo
493 3458 624 3520 quoque
657 3457 745 3503 anno
783 3439 945 3517 generalis
977 3441 1160 3501 conventus
1193 3433 1355 3498 habeatnr

121 3543 235 3603 eorum,
258 3528 312 3607 pui
336 3527 519 3606 quaestioni
544 3527 693 3590 orientali
718 3524 962 3590 ecclesiasticae
985 3523 1126 3588 student.

666 3639 682 3674 ³l¹
786 3639 802 3674 ³l¹

726 3684 742 3718 tlt

215 3811 347 3876 Praeter
381 3813 465 3876 hanc
497 3813 679 3876 uberiorem
716 3813 911 3877 relationem
944 3813 1013 3891 ipse
1051 3817 1232 3873 conventus
1268 3807 1351 3870 alias

125 3897 198 3961 duas
219 3897 452 3964 consribendas
484 3901 618 3976 curavit,
648 3900 782 3964 brevem
805 3900 945 3963 Russico
976 3914 1128 3962 sermone
1159 3913 1218 3976 pro
1241 3891 1354 3958 Orien-

124 3983 231 4048 talibus
265 3993 297 4049 et
337 3986 566 4051 brevissimam
607 3985 756 4050 Latinam
793 4005 850 4066 pro
884 3985 1024 4050 Summo
1058 3981 1223 4062 pontifice,
1259 3981 1287 4045 ei
1311 3980 1355 4044 ab

124 4071 392 4136 Excellentissimo
416 4072 554 4137 Domino
576 4072 730 4137 Relatore
754 4073 793 4136 de
817 4080 992 4150 conventu,
1020 4071 1264 4152 archiepiscopo
1287 4067 1354 4131 Me-

124 4160 181 4220 nini
203 4158 401 4223 tradendam.
424 4159 600 4223 Russicam
623 4161 822 4224 subicimus:

519 4338 707 4423 Konspctt
731 4337 940 4422 conpressa.

214 4478 405 4560 Zasedanija
429 4481 607 4558 kongressa
631 4477 834 4561 prodoltalis
859 4482 897 4543 tri
922 4478 1000 4557 dnja
1023 4498 1039 4540 s
1063 4478 1104 4542 25
1127 4496 1168 4558 po
1192 4475 1233 4538 27
1256 4473 1351 4552 ljulja

126 4565 249 4645 (uorago
274 4566 384 4646 stilja).
