3450 5342
680 411 718 420 —-
750 379 808 436 129-
831 413 863 420 —-

256 571 441 631 Clementem
473 571 593 650 saepius
622 571 661 630 de
693 572 834 650 operibus
848 571 1085 634 'misericordiae
1118 573 1291 654 loquentem
1324 573 1390 648 (cir.

152 659 302 718 vondrck
324 680 392 738 pag.
420 662 471 721 107
495 681 540 719 vr.
570 680 612 737 gr.
642 675 871 740 magnarum
895 656 1125 739 usserman
1148 661 1392 741 ιιιτιιιιιιιιιιι)

153 747 246 808 decet
280 750 398 827 phrasis
427 750 458 808 in
489 759 594 810 nostro
623 748 731 827 fragm.
763 750 818 809 col.
852 751 877 809 Ι.
909 771 938 809 v.
971 753 1045 810 5-7
1078 766 1127 829 ,aa
1161 748 1310 830 npflger'
1341 768 1390 815 Τιι

153 887 302 974 listram
323 903 396 972 'aso
419 923 646 973 corosanum
674 924 916 986 sparciacus.

258 999 338 1058 Item
362 991 457 1062 abac
481 1013 522 1061 ιιιι
546 1015 587 1062 ιιι
610 1015 764 1062 narrare
787 1015 825 1063 cs
849 1013 1092 1088 ιγιιιριιιιιιιιχι
1115 999 1171 1062 col.
1189 1001 1233 1064 ΙΙ.
1254 1022 1284 1060 v.
1299 1002 1387 1072 6-7;

153 1087 322 1168 respondet
346 1090 427 1148 emm
450 1089 514 1148 eius
536 1087 628 1147 modo
650 1087 779 1160 dicendi,
796 1109 841 1149 ex.
870 1109 912 1167 gr.
937 1103 1028 1152 rara
1058 1083 1153 1154 ohne
1177 1105 1270 1153 retra
1294 1105 1391 1154 ιιιιιι

154 1192 355 1242 accessura
379 1192 502 1264 remor
524 1177 688 1265 apaa’gop
711 1177 764 1248 cfr.
784 1177 930 1238 Vondrak
950 1198 1018 1257 pag.
1044 1179 1107 1238 148.

257 1285 320 1345 Sub
343 1285 437 1344 linem
460 1294 645 1344 annotamus
667 1285 774 1363 fragm.
799 1293 912 1355 nostra,
937 1286 961 1344 si
984 1284 1108 1345 homilia
1131 1287 1204 1345 haec
1228 1305 1298 1345 vere
1321 1307 1389 1346 eum

153 1384 316 1436 auctorem
334 1374 438 1439 habet,
470 1394 584 1433 novum
603 1374 822 1435 documentum
840 1395 904 1434 esse
923 1393 1036 1444 eorum,
1056 1395 1133 1452 quae
1151 1375 1209 1453 ipsi
1227 1375 1390 1453 exprobrat

151 1466 236 1544 prof.
256 1463 410 1534 vondrtk,
440 1484 549 1542 nempe
577 1465 751 1524 memoriter
771 1472 894 1523 tantum
915 1464 1008 1522 citare
1035 1464 1136 1542 ipsum
1157 1463 1222 1523 loca
1243 1463 1271 1523 S.
1294 1463 1390 1542 Scrip-

152 1564 255 1623 turas,
276 1553 443 1631 dequibus
463 1551 587 1612 inferius
607 1552 638 1611 iu
659 1554 748 1612 notis.

258 1641 329 1701 1r1.·
346 1643 427 1726 Data
445 1650 550 1702 autem
569 1641 724 1702 affinitate
744 1642 984 1720 fragmentorum
1005 1651 1178 1702 nostrorum
1198 1663 1267 1702 cum
1288 1641 1389 1704 codice

152 1733 352 1812 Supraslien.‚
366 1731 504 1809 quaestio
515 1751 579 1792 sese
591 1731 692 1802 offert,
706 1733 777 1810 quid
791 1732 826 1791 de
837 1731 974 1791 relatione
985 1733 1060 1792 ieter
1071 1742 1178 1792 rarum
1193 1731 1390 1808 plagaliticum

151 1834 180 1882 et
199 1821 412 1882 characteribus
427 1821 592 1899 cyrilliana
606 1823 749 1900 scriptum
763 1820 939 1882 dammum?
966 1821 1089 1880 Certum
1115 1829 1161 1880 est
1188 1828 1307 1879 textum
1329 1819 1389 1898 gla-
1495 1869 1498 1874 .

151 1913 313 1990 goliticum
340 1911 580 1988 fragmentorum
605 1920 777 1970 nostrorum
801 1910 1010 1989 apographum
1035 1931 1098 1970 esse
1115 1931 1191 1969 saec.
1211 1909 1309 1968 XIII.
1328 1929 1388 1968 non

150 2000 353 2079 superiorem
372 2004 408 2059 er'
432 2007 607 2078 quoautem
631 1999 715 2060 fonte
732 1999 925 2078 apographus
949 1999 1023 2058 haec
1050 1999 1238 2059 emanaverit
1263 1996 1388 2058 difficile

150 2091 243 2150 dictu
264 2098 319 2148 est.
348 2089 458 2166 Opinio
478 2088 574 2166 magis
594 2088 685 2149 obvia
705 2087 919 2160 videturesse,
942 2089 1151 2168 apographum
1172 2096 1307 2148 nostram
1329 2087 1389 2166 gla-

151 2179 311 2258 goliticam
332 2186 534 2256 prototypum
554 2199 672 2259 quoque
691 2179 896 2257 glagoliticum
919 2198 974 2257 pro
994 2179 1059 2238 basi
1079 2177 1228 2247 habuisse,
1248 2177 1389 2256 quamvis

151 2268 283 2328 minime
310 2275 492 2346 repugnaret
513 2269 723 2346 apographum
749 2267 826 2345 glag.
847 2287 883 2327 ex
911 2275 1076 2346 prototypo
1098 2267 1256 2344 cyrilliana
1275 2266 1389 2326 factam

151 2379 231 2427 esse,
252 2377 322 2416 cum
341 2376 377 2416 ex
396 2357 462 2416 aliis
481 2357 635 2416 crosticae
655 2357 834 2416 recensionis
863 2357 1068 2417 monumentis
1088 2365 1195 2416 notum
1216 2356 1264 2426 sit,
1286 2355 1376 2414 chara

150 2458 255 2507 cteres
275 2445 446 2524 cyrillianos
465 2446 547 2524 apud
568 2445 726 2524 glagolitas
745 2446 871 2506 Croatas
891 2465 951 2504 non
972 2447 1095 2506 omnino
1113 2446 1232 2524 ignotas
1251 2443 1389 2517 fuisse.*)

153 2537 192 2596 In
219 2555 359 2614 praesens
385 2535 503 2594 novisse
528 2526 672 2606 sufficiat,
698 2534 818 2595 saeculo
837 2533 938 2605 xm.
959 2536 1075 2604 saltem,
1097 2542 1200 2594 textus
1227 2554 1296 2594 cum
1322 2533 1387 2593 cod.

151 2624 359 2704 Suprasliensi
379 2623 490 2683 affines
509 2623 680 2702 glagolitico
699 2644 818 2704 quoque
839 2623 1011 2685 charactere
1031 2624 1159 2702 scriptos
1180 2622 1279 2683 fuisse.

257 2730 393 2792 Tandem
411 2752 480 2791 cum
498 2731 625 2792 Menaea
642 2730 907 2808 Suprasliensia**
920 2729 1029 2790 officiis
1044 2729 1155 2789 divinis
1171 2729 1316 2790 Orientali
1328 2730 1387 2788 ritu

155 2819 366 2900 persolvendis
390 2821 578 2890 inservirent,
604 2819 660 2881 sibi
684 2821 891 2899 quaestionem
916 2819 1120 2898 proponimus,
1151 2820 1235 2878 cuius
1259 2819 1387 2888 ritus,

154 2912 303 2988 cuiusque
328 2908 438 2969 libri
463 2908 593 2987 liturgici
616 2930 686 2987 pars
709 2931 773 2969 esse
796 2909 914 2988 possint
939 2907 1109 2986 fragmenta
1134 2909 1251 2968 nostrai
1277 2908 1388 2980 Quam-

153 3020 250 3078 quam
272 3007 380 3058 notum
402 3007 457 3069 est,
481 2998 666 3076 glagoliticos
687 2998 779 3058 libros
800 2999 954 3076 liturgicos
976 2997 1153 3058 recensionis
1180 2997 1327 3056 crosticac
1350 2993 1388 3055 ad

155 3098 303 3148 naturam
326 3087 472 3148 librorum
495 3087 571 3147 ritus
593 3105 711 3166 quoque
742 3081 786 3172 ⁰i1
797 3087 807 3146 i
818 3110 834 3147 e
846 3108 867 3146 n
879 3096 893 3146 t
904 3109 922 3147 a
935 3087 944 3146 l
956 3087 966 3146 i
977 3109 991 3148 s
1018 3086 1202 3163 conscriptos
1225 3084 1325 3156 fuisse,
1334 3085 1389 3122 ***

155 3199 229 3238 rum
249 3186 353 3237 tamen
373 3177 432 3236 alia
452 3175 587 3236 eiusdem
606 3176 655 3236 vel
674 3176 809 3254 proxime
828 3177 1039 3254 subsequentis
1058 3175 1169 3234 aetatis
1189 3181 1387 3234 monumenta

155 3267 330 3345 glagolitica
353 3267 419 3325 luce
442 3266 550 3326 clarius
572 3264 782 3326 demonstrent
804 3266 836 3324 in
858 3265 956 3325 insula
977 3265 1116 3342 Veglensi
1138 3262 1263 3323 laudata
1287 3269 1388 3322 aetate

155 3378 222 3416 rem
246 3376 363 3414 sacram
387 3357 480 3414 ritu
504 3353 798 3415 Occidentali
821 3355 923 3432 peragi
948 3354 1068 3414 solitam
1092 3351 1192 3422 fuisse,
1218 3351 1389 3428 fragmenta

155 3454 264 3504 nostra
288 3445 330 3503 nil
354 3444 436 3504 aliud
455 3465 518 3504 esse
536 3453 673 3521 possunt,
697 3465 790 3523 quam
813 3464 884 3522 pars
908 3442 1196 3502 L‘ectionarii
1220 3439 1386 3508 cuiusdam,

156 3535 246 3594 Vitas
266 3533 437 3609 (Mart-yria)
457 3533 638 3593 Sanctorum
656 3534 706 3592 vel
724 3532 883 3592 Sermones
900 3533 931 3591 in
953 3531 998 3591 II.
1019 3539 1050 3592 et
1072 3530 1135 3590 III.
1156 3530 1313 3590 Nocturna
1331 3527 1389 3606 legi

156 3624 272 3691 solitos,
291 3623 482 3682 continentis.
512 3622 668 3682 Sententia
686 3622 760 3682 haec
777 3621 977 3681 confirmatur
993 3641 1030 3680 ex
1047 3621 1144 3681 tribus
1161 3617 1386 3678 characteribus

155 3708 228 3792 ᾖ
249 3729 340 3788 titulo
352 3731 385 3790 Μ
395 3750 412 3788 a
424 3750 439 3788 r
450 3737 464 3787 t
475 3749 496 3806 y
507 3749 522 3788 r
532 3729 542 3788 i
554 3729 563 3789 i
584 3751 598 3788 a
610 3749 626 3787 c
637 3729 672 3789 ti
695 3729 749 3790 Ge
761 3749 779 3788 o
791 3749 806 3788 r
817 3749 836 3806 g
846 3729 856 3788 i
868 3729 878 3788 i
908 3727 1083 3788 immediate
1104 3725 1257 3804 subjectis,
1278 3725 1389 3803 quibus

155 3819 188 3878 in
216 3817 372 3878 breviariis
398 3818 529 3895 glagolit.
557 3819 634 3878 ritus
660 3817 862 3879 Occidentalis
888 3817 1005 3894 singula
1032 3818 1133 3894 capita
1160 3814 1199 3874 ad
1225 3813 1384 3892 legendum

157 3908 337 3978 constituta,
361 3907 559 3978 adornantur
585 3929 688 3968 sensus
711 3908 791 3968 enim
815 3915 861 3967 est
882 3906 1095 3984 rimago,
1120 3905 1169 3964 vel
1191 3917 1385 3968 ιιιτθιικθτ

120 4023 123 4028 ·
157 4004 262 4055 textus
283 3996 433 4074 legendus.

264 4187 351 4240 *Cfr
389 4186 475 4240 rod.
511 4186 812 4256 glagoliticum
846 4185 940 4238 Vidi
975 4186 1020 4238 de
1056 4181 1231 4250 Onriialj
1269 4184 1297 4236 in
1323 4182 1389 4234 bibl.

159 4257 246 4327 palat.
272 4257 464 4310 Vindobonon.
492 4260 563 4328 sign.
591 4261 615 4312 3.

246 4328 282 4361 ⁸⁸*
311 4329 440 4383 Codicem
474 4330 810 4400 Suprasliensem
848 4335 957 4398 partem
992 4345 1051 4380 esse
1085 4329 1263 4380 Menaeorum
1298 4328 1391 4392 (umis

159 4399 257 4454 March
282 4399 537 4453 Arhimandr.
576 4401 712 4470 Sergii
751 4398 878 4454 affirmat
906 4402 935 4453 in
964 4417 1014 4452 suo
1042 4415 1134 4468 opere:
1161 4401 1280 4452 Ilorrsrh
1300 4396 1392 4451 lilios·

159 4489 278 4530 umora
297 4475 419 4528 Borrora
439 4471 520 4527 'I'orra
541 4473 573 4534 1.‚
594 4489 656 4542 pag.
679 4475 736 4524 199.
757 4471 961 4526 IIoom1875.

135 4607 139 4616 ¹
228 4543 360 4598 mer.
381 4542 548 4596 Articulum:
600 4542 756 4607 Gradja
804 4561 847 4595 ea
896 4540 1118 4612 glagolsku
1197 4539 1389 4606 alcogra·

160 4610 250 4678 fiju.
276 4616 308 4667 V.
336 4614 457 4683 Jagit
481 4613 644 4684 (Apostolus
661 4613 850 4678 Mihanovieii)
869 4615 896 4664 in
913 4613 976 4666 Rad
992 4559 1207 4680 jugoslavenslie
1225 4609 1390 4675 Akadrmije

161 4681 200 4735 11.
224 4685 250 4738 U
269 4687 393 4755 Zagrabu
416 4689 491 4742 1868.

210 4809 269 4852 slav,
283 4811 329 4851 litt.
344 4812 414 4851 theol.
1217 4787 1234 4838 9
