3450 5342
734 469 908 525 ..65-

195 655 372 721 orientales
394 655 608 720 ecclesiarum
630 657 798 720 unitarum
822 657 916 736 potiri
933 655 1144 736 delegatione,
1169 655 1208 720 de
1225 673 1291 736 <pua
1307 657 1443 734 agimus.

197 745 240 806 At
264 759 373 807 nonne
402 741 613 806 manilestam
641 744 791 808 videmur
819 743 992 808 enuntiare
1021 743 1205 822 veritatem,
1237 744 1263 806 si
1288 743 1445 808 dicimus:

202 830 396 895 »Romanus
418 827 564 910 pontifex
585 837 674 915 certe
694 846 761 892 non
785 831 951 910 permittit,
981 839 1017 892 ut
1040 829 1218 910 presbyteri
1242 828 1284 892 ab
1307 829 1446 894 ecclesia

199 916 366 982 catholica
379 917 522 998 separati
538 913 688 980 truantur
704 924 866 997 potestate
882 925 952 980 tam
967 915 1236 994 extraordinaria,
1260 923 1296 978 ut
1312 915 1446 996 presby-

198 1006 280 1068 teris
303 1003 414 1067 latinis
428 1021 470 1067 ue
485 1021 545 1084 pro
563 1021 643 1068 casu
667 1003 800 1085 quidem
821 1021 974 1068 summae
997 1004 1202 1068 necessitatis
1226 1001 1445 1083 praebeatur?

198 1091 257 1156 Est
283 1099 396 1156 autem
425 1091 537 1169 praxis
566 1089 761 1156 universalis
790 1088 1006 1155 ecclesiarum
1038 1087 1179 1154 Orientis
1209 1086 1446 1168 dissidentium,

199 1187 237 1242 ut
265 1176 445 1260 presbyteri
474 1177 537 1258 ipsi
566 1177 704 1256 singulis
734 1177 869 1255 vicibus,
903 1195 980 1240 cum
1013 1178 1204 1240 ministrant
1237 1176 1445 1254 euchelaeon,

199 1265 311 1330 oleum
341 1263 546 1328 benedicant.
580 1263 662 1342 Ergo
692 1265 754 1329 etsi
784 1263 893 1328 valida
924 1271 1011 1328 esset
1041 1264 1196 1344 inunctio,
1226 1265 1253 1328 si
1278 1271 1446 1328 uterentur

199 1351 272 1416 oleo
295 1351 406 1414 asnis
436 1351 597 1431 episcopis
626 1359 827 1429 consecrato,
857 1351 899 1416 de
931 1347 1018 1414 iacto
1049 1367 1114 1414 non
1138 1347 1311 1415 conferunt
1334 1368 1445 1414 sacra-

202 1447 352 1502 mentum
374 1438 512 1518 ideoque
534 1438 646 1518 populi
670 1457 695 1502 s
711 1437 787 1503 Sedi
804 1455 870 1500 non
893 1435 1109 1502 adhaerentes
1133 1447 1246 1500 carent
1269 1434 1446 1502 fortissimo

199 1523 309 1589 medio
332 1523 475 1588 salutis«

305 1609 524 1674 Nihilominus
565 1617 636 1673 tuto
677 1610 753 1674 licet
793 1618 938 1675 statuere
980 1610 1256 1692 propositionem:
1301 1611 1446 1676 Sacer-

199 1697 336 1762 dotes
375 1698 617 1762 orientales
658 1697 803 1762 etiam
836 1695 1127 1762 ecclesiarum
1169 1696 1223 1760 ab
1258 1697 1448 1762 unitate

199 1784 419 1850 catholica
449 1791 743 1866 separatarum
772 1783 962 1863 gaudent
993 1790 1212 1862 potestate
1243 1783 1449 1863 delegata

199 1869 486 1934 benedicendi
515 1869 657 1934 oleum
685 1867 964 1934 infirmorum
994 1869 1175 1952 ideoque
1204 1870 1347 1935 valide
1378 1871 1446 1936 ad-

200 1959 451 2022 ministrant
483 1975 508 2020 s.
542 1955 807 2022 Unctionem.
841 1993 884 2002 —
918 1957 978 2022 Diu
1010 1966 1087 2021 ante
1115 1957 1259 2021 schisma
1292 1967 1443 2022 exortum

200 2061 257 2126 per
279 2044 500 2108 universalem
516 2044 723 2125 disciplinam
745 2045 777 2107 in
792 2041 924 2108 Oriente
947 2045 1112 2122 vigentem
1135 2043 1314 2124 presbyteri
1338 2043 1446 2108 valide

199 2129 438 2196 benedicebant
459 2131 569 2194 oleum
593 2129 815 2206 infirmorum;
839 2133 943 2195 immo
960 2130 1087 2194 nullum
1103 2137 1194 2196 extat
1211 2132 1445 2211 testimonium,

199 2237 265 2299 quo
287 2217 487 2282 ostendatur.
510 2229 603 2282 extra
625 2217 837 2283 Occidentem
849 2218 943 2282 illam
959 2224 1156 2298 potestatem
1173 2237 1318 2299 unquam
1343 2217 1442 2282 luisse

200 2312 400 2369 reservatam
423 2305 593 2385 episcopis
620 2305 678 2368 Est
698 2305 797 2384 igitur
819 2305 928 2370 solum
951 2304 1167 2386 probandum,
1191 2323 1339 2370 summos
1363 2325 1444 2386 pon-

199 2389 302 2456 tifices
326 2389 468 2470 perlecto
490 2391 668 2455 schismate
692 2392 890 2472 presbyteris
914 2409 979 2456 non
996 2392 1159 2456 ademisse
1181 2392 1443 2457 immemorabile

200 2477 412 2558 privilegium
434 2494 500 2558 quo
523 2477 722 2542 fruebantur.
745 2477 832 2541 Nihil
854 2497 935 2542 sane
959 2476 1089 2558 iaceret,
1111 2479 1166 2558 qui
1183 2477 1225 2541 ad
1240 2481 1441 2542 contrarium

200 2564 417 2628 evincendum
446 2583 488 2628 ex
519 2575 631 2628 nostro
664 2567 732 2630 iure
761 2567 921 2630 canonico
953 2565 1119 2645 colligeret
1149 2583 1272 2646 poenas
1302 2573 1445 2630 statutas

199 2653 232 2716 in
257 2651 443 2716 sacerdotes
466 2651 587 2715 latinos
609 2651 798 2717 deficientes
820 2651 862 2716 ad
885 2653 1031 2716 schisma
1054 2651 1104 2716 vel
1136 2653 1305 2716 haeresim.
1337 2651 1446 2716 Eccle-

200 2739 269 2802 siae
292 2741 380 2802 eoim
404 2737 580 2804 orientales
603 2757 733 2816 semper
757 2742 887 2819 proprio
911 2741 980 2804 iure
1010 2737 1215 2819 regebantur.
1249 2738 1328 2817 Quis
1351 2757 1376 2802 e.
1400 2756 1444 2818 gr.

201 2833 333 2903 asseret
371 2826 499 2904 quoties
536 2827 604 2890 iam
640 2833 716 2890 ante
750 2825 944 2890 Michaelem
978 2824 1203 2890 Caerularium
1240 2826 1446 2906 patriarchae

203 2911 329 2990 imperii
344 2911 515 2990 Byzantini
539 2913 685 2976 schisma
706 2912 750 2975 ad
772 2921 904 2993 tempus
924 2913 1121 2991 excitabant,
1146 2913 1243 2976 toties
1259 2931 1317 2994 per
1332 2911 1446 2978 Orien-

201 3005 267 3062 tem
290 3017 488 3076 suspensum
510 3017 583 3062 esse
606 3007 852 3063 sacramentum
876 2999 1094 3080 poenitentiae
1111 3007 1247 3080 excepto
1266 3018 1346 3064 casu
1362 3001 1447 3080 peri-

202 3085 264 3148 culi
296 3086 412 3148 mortis
445 3094 479 3148 et
512 3086 788 3150 sacramentalem
821 3085 1012 3150 unctionem
1047 3084 1273 3150 infirmorum?
1309 3085 1374 3152 Sed
1402 3104 1443 3149 ne

200 3171 421 3250 ingrediamur
451 3171 636 3251 generalem
667 3173 895 3254 quaestionem
926 3173 1006 3236 satis
1036 3173 1204 3253 spinosam
1235 3173 1275 3238 de
1302 3173 1443 3254 sequelis

201 3256 344 3322 iuridicis
376 3259 595 3323 schismatum
626 3260 853 3335 orientalium3
877 3276 1072 3322 maneamus
1095 3260 1128 3320 in
1152 3267 1266 3322 nostra
1280 3277 1323 3324 re.
1347 3261 1444 3324 Pote-

199 3352 273 3408 rant
296 3353 384 3408 certe
395 3345 537 3409 Romani
553 3344 723 3426 pontifices
739 3347 935 3428 permittere,
959 3355 995 3410 ut
1020 3345 1197 3425 presbyteri
1221 3346 1443 3411 vetustissimo

200 3449 261 3496 suo
282 3433 450 3512 privilegio
473 3432 560 3496 ultra
582 3431 775 3514 fruerentur,
798 3430 1158 3514 quemadmodumpro
1174 3433 1313 3498 articulo
1327 3433 1443 3498 mortis

200 3518 354 3582 omnibus
377 3519 603 3584 sacerdotibus
626 3521 727 3583 etiam
757 3521 920 3600 apostatis
950 3519 1030 3582 dant
1053 3519 1309 3584 iurisdictionem
1332 3537 1446 3584 neees-

200 3607 322 3670 sariam
352 3605 394 3668 ad
427 3604 570 3670 dandam
606 3608 848 3671 absolutionem
882 3606 1166 3670 sacramentalem.
1200 3605 1375 3670 Pontifices
1404 3607 1444 3672 de

202 3689 289 3756 lacto
312 3691 509 3772 presbyteris
525 3695 558 3756 in
573 3694 718 3758 schisma
734 3696 906 3776 pertractis
922 3711 987 3757 non
1005 3694 1176 3757 sustulisse
1200 3692 1324 3757 dictum
1348 3695 1444 3772 privi-

200 3779 329 3858 legium
352 3788 526 3858 sequentes
549 3782 700 3860 rationes,
723 3784 756 3844 ni
779 3779 884 3862 fallor,
908 3780 1092 3844 ostendunt.

306 3867 334 3928 1.
344 3865 481 3945 Propter
494 3866 586 3932 triste
598 3868 742 3930 schisma
754 3887 780 3932 s.
792 3867 894 3931 Sedes
910 3867 988 3930 nihil
1005 3867 1107 3931 voluit
1122 3875 1250 3930 mutare
1263 3867 1296 3928 in
1309 3867 1445 3946 antiqua

201 3951 372 4032 disciplina
390 3954 519 4032 vigente
539 3971 595 4034 per
614 3963 721 4016 totum
741 3951 917 4018 Orientem.
941 3953 1063 4018 Omnes
1082 3962 1222 4017 conatus
1238 3971 1444 4016 summorum

202 4037 392 4118 pontificum
405 4042 435 4101 in
453 4039 486 4104 id
497 4057 600 4103 unum
617 4039 804 4119 tendebant,
820 4050 856 4104 ut
868 4047 916 4104 tot
929 4038 1068 4122 populos
1080 4040 1123 4104 ad
1135 4041 1296 4104 unitatem
1307 4039 1445 4102 catholi-

200 4141 276 4189 cam
294 4134 493 4189 revocarent
516 4124 600 4202 Quid
619 4129 727 4204 etiam,
745 4127 835 4208 quod
854 4136 1002 4190 nostram
1015 4145 1085 4191 rem
1098 4135 1234 4208 spectat,
1246 4143 1302 4192 eos
1314 4143 1444 4206 permo-

201 4227 276 4275 vere
291 4215 458 4292 potuisset,
478 4220 515 4276 ut
531 4216 632 4278 veteri
646 4215 741 4294 praxi
757 4213 989 4278 subtrahentes
1005 4211 1256 4278 tundamentum
1271 4211 1445 4276 iuridicum

200 4298 390 4362 auctoribus
413 4299 614 4377 delectionis,
636 4303 807 4381 episcopis,
830 4302 909 4364 solis
933 4309 1137 4364 reservarent
1155 4307 1353 4380 potestatem
1368 4317 1446 4362 con-

201 4385 350 4448 secrandi
373 4386 484 4451 oleum
506 4385 737 4450 infirmorum?
773 4385 856 4462 Quin
891 4389 1103 4467 gravissimae
1134 4388 1278 4450 rationes
1301 4387 1348 4448 eis
1371 4403 1447 4448 sua-

201 4471 331 4549 debant,
362 4491 402 4536 ne
426 4473 607 4554 quidquam
638 4475 784 4539 maxime
807 4475 869 4538 hac
893 4477 925 4536 in
949 4493 983 4538 re
1007 4483 1181 4538 mutarent
1216 4471 1381 4536 innumeri
1406 4490 1447 4534 ex

201 4559 340 4639 simplici
375 4558 469 4640 plebe
502 4568 535 4624 et
557 4579 599 4624 ex
629 4560 722 4624 laicis
756 4561 937 4639 generatim
972 4559 1012 4625 de
1044 4559 1276 4624 controversiis
1310 4575 1446 4621 suorum

200 4646 391 4726 praesulum
414 4665 491 4710 cum
520 4649 674 4728 episcopo
697 4647 850 4711 Romano
875 4646 953 4710 nihil
985 4647 1148 4720 sciebant;
1180 4663 1221 4708 ne
1244 4647 1277 4707 in
1302 4653 1448 4708 mentem

200 4732 332 4812 quidem
356 4735 403 4798 eis
425 4734 521 4813 venit,
546 4742 581 4797 ut
595 4735 710 4798 relicta
728 4735 874 4812 ecclesia,
898 4735 931 4796 in
951 4753 1016 4815 qua
1032 4742 1141 4815 patres
1157 4750 1272 4796 eorum
1288 4733 1445 4808 vixerant,

253 4865 310 4908 sav.
325 4867 366 4907 ric.
379 4867 449 4910 tueor
1257 4851 1274 4904 t
