3450 5342
855 391 1029 451 ...92-

428 578 457 632 tt.
476 578 510 631 de
531 577 694 645 mucosa,
714 578 781 634 Les
812 580 1073 646 protestante
1100 580 1137 630 et
1161 576 1195 630 le
1219 577 1553 645 protestantisme

320 662 366 701 en
387 647 540 702 Russie.
562 646 649 702 Paris
668 647 857 713 (Roasseau)
877 651 955 704 1906.
973 649 1007 702 45
1026 661 1055 714 p.

427 733 458 787 P.
476 731 557 788 Jaaa
574 733 635 787 Mis·
651 749 672 806 y
689 732 824 803 Napaei-a
848 734 878 790 S.
899 735 931 803 1.,
952 735 1000 789 La
1029 723 1303 788 Irnmsoulada¹
1320 730 1553 801 Concepeion

324 803 454 867 x.†574.
476 803 595 857 Madrid
616 804 691 857 1905.
710 803 780 858 Pae.
797 805 823 858 9.

422 904 518 968 Ἄρχιμ.
537 901 745 954 Καλλινίκου
762 904 957 968 saansaan,
977 903 1175 966 Πατριαρχικῶν
1194 903 1335 968 inparatos
1360 902 1436 964 τόμος
1459 903 1486 968 γ’
1504 901 1555 963 ἢτοι

322 973 357 1020 τὰ
369 972 397 1020 ἑν
409 979 465 1034 τοῖς
481 972 568 1032 mittit
586 975 631 1022 τοῦ
648 972 842 1037 Πατριαρχικοῠ
861 973 1113 1037 Ἀρχιιοφυλακειου
1131 971 1266 1036 σωζόμενα
1284 971 1557 1036 ἑπίσημαὲκκλησιασ-

323 1043 385 1090 tis&
412 1042 535 1109 ὅῃραφα
560 1043 594 1092 τὰ
612 1043 750 1105 ἀφορῶντα
767 1044 869 1104 εἰςτὰς
887 1045 989 1107 σχέσεις
1007 1046 1052 1092 τοῦ
1070 1041 1255 1104 simomaco
1284 1041 1472 1104 Πατριαρχεῑου
1499 1041 1558 1103 πρὸς

323 1113 372 1169 τὰς
398 1111 557 1177 Ἐκκληοῐας
584 1111 692 1172 Paulae,
718 1109 839 1176 Βλαχίας
867 1116 913 1161 sat
931 1112 1088 1174 Μολδαβίας,
1112 1110 1226 1173 Σερβίας,
1254 1112 1373 1174 Ἇχριδῶν
1391 1113 1438 1160 sat
1465 1109 1559 1160 [tuae

323 1178 523 1316 ggsslfflgssgt
543 1176 780 1300 lollgzapmttttat
805 1183 919 1246 ἱστορικὴ
948 1183 1045 1246 palata
1065 1183 1187 1244 περὶτῆς
1207 1181 1420 1244 Ἀρχωπισκοπῆς
1439 1180 1560 1245 'Alpicos

481 1421 756 1498 Responsa
783 1418 1403 1520 nnmrannoonnonus.

805 1582 865 1660 ue
889 1577 1077 1660 purgatorio.)

424 1695 552 1762 Inierr.
590 1703 679 1758 alnao
701 1703 859 1778 praeterito
892 1705 921 1759 in
946 1721 1094 1779 responso
1123 1701 1164 1758 vad
1189 1703 1390 1778 quaestionem
1414 1699 1561 1779 quandam

314 1789 450 1866 exposita
478 1801 523 1845 est
549 1808 576 1866 p.
602 1789 771 1845 tta-rao
801 1791 935 1867 quaestio
976 1798 1165 1847 controversa
1194 1787 1230 1844 dc
1262 1789 1449 1868 purgatoriog
1484 1786 1561 1865 quod

324 1873 544 1933 accuratissime
572 1875 680 1932 factam
705 1886 757 1936 est.
803 1876 930 1952 Legeuti
962 1885 989 1933 et
1013 1875 1156 1952 relegenti
1186 1895 1222 1932 ea
1245 1873 1361 1932 videtur
1382 1874 1454 1932 mihi
1478 1874 1561 1944 illud,

323 1961 401 2040 qaod
426 1961 534 2020 Graeci
564 1963 691 2040 positive
714 1961 828 2034 docent,
851 1966 970 2022 omnino
1002 1960 1123 2020 defendi
1146 1983 1239 2040 posse,
1263 1962 1331 2020 licet
1354 1981 1413 2019 aon
1437 1961 1559 2019 audeam

321 2048 419 2106 dicere
445 2047 473 2104 id
498 2070 514 2106 e
537 2048 666 2106 lontibus
689 2049 879 2107 revelationis
901 2047 1103 2108 demonstrari.

423 2135 535 2194 Dicunt
565 2136 644 2194 enim
668 2135 764 2193 Deum
788 2138 877 2194 ctiam
902 2140 952 2206 eia,
987 2139 1036 2214 qui
1062 2139 1092 2192 in
1122 2151 1241 2213 peccato
1272 2137 1357 2210 gravi
1389 2137 1558 2205 moriautur,

320 2223 474 2298 ignoscere
497 2232 633 2300 possset
657 2224 809 2298 ignoscere
831 2243 909 2294 vere,
933 2227 957 2281 si
980 2245 1032 2301 pro
1055 2224 1098 2280 cis
1122 2242 1222 2300 preces
1244 2221 1317 2278 fiant
1340 2224 1372 2279 in
1394 2223 1499 2292 terris3
1530 2230 1559 2278 et

315 2328 416 2365 verum
445 2317 489 2366 est
512 2309 572 2379 illa,
605 2329 681 2387 quae
710 2331 727 2366 e
750 2309 869 2385 liturgia
899 2311 1033 2368 llomana
1061 2329 1113 2388 pro
1136 2308 1283 2378 defunctis
1306 2307 1347 2364 ihi
1370 2308 1461 2366 allata
1483 2319 1558 2379 saut,

313 2397 346 2452 iu
368 2394 423 2452 hac
446 2398 593 2454 sententia
614 2398 723 2472 optimc
746 2396 898 2473 explicari.
938 2397 996 2454 llos
1020 2394 1136 2454 videtur
1159 2411 1255 2453 autem
1280 2395 1336 2452 hae
1358 2397 1470 2454 ratione
1493 2415 1559 2474 pro-

317 2479 379 2539 bari
402 2501 500 2559 posse:

422 2569 469 2625 nx
492 2568 626 2626 doctriua
656 2567 693 2624 de
716 2569 979 2627 sacramentalibus
1003 2571 1146 2640 novimus,
1177 2569 1331 2628 ecclesiam
1355 2589 1440 2646 posse
1467 2571 1558 2647 irnpe-

320 2665 397 2712 trare
423 2658 512 2712 etiam
534 2657 653 2732 gratias,
687 2654 725 2713 ad
748 2675 821 2733 qaas
846 2655 1019 2714 efficiendas
1044 2655 1179 2716 Christus
1202 2657 1347 2716 Dominus
1378 2655 1489 2714 nullum
1514 2657 1558 2714 in-

319 2750 515 2800 strumentum
535 2762 585 2800 aeu
601 2751 814 2800 sacramentum
831 2745 973 2802 instituit:
996 2745 1132 2800 oravimus
1147 2745 1216 2800 item
1234 2744 1397 2812 ecclesiam,
1421 2763 1557 2821 sponsam

320 2827 442 2897 Christi,
466 2849 520 2886 nce
543 2831 578 2886 in
601 2849 640 2898 rc,
664 2849 750 2906 qaam
775 2837 846 2897 orat,
871 2850 966 2887 errare
991 2849 1075 2906 posse
1098 2841 1135 2897 et,
1158 2849 1222 2888 cum
1246 2839 1310 2892 orat
1333 2849 1489 2908 remquae
1505 2831 1558 2886 im-

318 2916 428 2992 patrari
451 2926 555 2992 potest
578 2936 693 2992 semper
716 2937 733 2973 a
757 2915 876 2973 Christo
899 2915 1003 2974 audiri.
1033 2912 1114 2992 (Non
1137 2919 1215 2991 enirn
1239 2916 1346 2974 frustra
1368 2914 1476 2973 dictum
1501 2928 1557 2974 cst:

324 3001 557 3079 „Quodcumque
580 3003 723 3078 petieritis
746 3002 865 3060 Patrem
899 3005 928 3060 in
953 3005 1071 3061 nomine
1095 3023 1167 3063 meo.
1201 3002 1256 3059 hoe
1278 3002 1402 3060 faciam*
1432 3001 1483 3080 llo.
1509 3005 1556 3072 tt,

323 3085 397 3167 13]).
421 3087 506 3145 Nihil
529 3090 619 3165 igitur
642 3088 746 3152 obstat
769 3091 925 3166 quominus
948 3092 999 3160 eis,
1023 3093 1072 3167 qui
1096 3092 1126 3146 in
1143 3091 1292 3147 attritione
1315 3109 1366 3148 seu
1382 3090 1568 3148 contritione

319 3175 495 3252 imperiecta
522 3175 717 3247 decesserunt,
753 3178 867 3252 prosint
890 3197 990 3254 preces
1014 3177 1157 3234 ecclesiae
1180 3175 1217 3234 ad
1241 3177 1452 3244 remissionem,
1474 3185 1503 3233 et
1526 3185 1557 3233 at

317 3264 361 3320 ita
384 3263 589 3339 intelligantur
611 3262 664 3320 illa
686 3261 788 3332 verba,
812 3283 887 3340 quac
911 3266 1049 3322 inmissa
1071 3283 1123 3341 pro
1138 3262 1285 3336 defunctis
1308 3275 1471 3322 occurrant.
1494 3246 1570 3320 Nca'

312 3350 392 3407 euim
414 3349 495 3407 Deus
524 3369 599 3428 (luae
629 3351 772 3406 attritioni
803 3349 931 3408 hominis
955 3353 1017 3408 sarri
1043 3352 1171 3426 negavit,
1207 3351 1371 3408 necessario
1401 3351 1544 3408 attritioni

315 3435 444 3494 hominis
466 3436 619 3494 morientis
642 3456 749 3507 nituere
771 3435 868 3498 debet.

415 3525 447 3578 si
470 3522 589 3600 quidam
614 3520 742 3599 theologi
766 3525 898 3600 insignes
923 3543 981 3582 non
1006 3523 1060 3581 soli
1086 3523 1255 3580 contritioni
1285 3543 1323 3580 en
1346 3523 1467 3579 caritate
1489 3529 1567 3600 pro-¹

314 3608 429 3667 cedenti
454 3612 515 3668 vim
540 3619 659 3688 peccata
682 3609 850 3668 remittendi
875 3619 943 3668 ante
975 3608 1188 3668 alreolutionom
1226 3609 1469 3667 sacramentalem
1506 3610 1556 3666 tri-

314 3694 448 3763 buerunt„
472 3697 523 3772 sed
546 3700 636 3754 etiam
651 3698 821 3754 contritioni
844 3719 883 3754 ex
899 3697 966 3754 aliis
982 3698 1108 3766 motivis,
1132 3716 1182 3754 cur
1197 3716 1256 3754 noa
1272 3695 1360 3754 liceat
1378 3696 1433 3752 hoe
1452 3693 1553 3752 saltem

315 3784 346 3839 in
371 3786 472 3841 mortis
495 3784 618 3841 articulo
641 3793 768 3842 statuere
798 3793 828 3841 et
851 3785 912 3841 rim
936 3783 1021 3840 huius
1045 3791 1125 3840 actus
1149 3789 1289 3841 mutatum
1315 3803 1332 3839 a
1354 3780 1487 3859 precibus
1510 3801 1557 3838 ec-

314 3869 423 3927 clesiae
446 3868 653 3928 accedentibus
677 3880 817 3948 repetere.
839 3873 890 3928 An
913 3871 986 3928 hacc
1009 3871 1157 3928 sententia
1179 3872 1273 3927 teneri
1297 3889 1356 3926 uon
1379 3865 1489 3946 potest?

419 3967 522 4052 Resp.
567 3975 786 4054 lluoflqrraestio
809 3977 952 4051 proponit.
977 3994 1052 4051 quae
1075 3995 1133 4031 non
1157 3973 1228 4032 satis
1252 3973 1330 4030 clare
1353 3976 1429 4030 inter
1453 3993 1483 4030 se
1508 3969 1552 4028 di-

316 4060 511 4134 extinguuntur.

421 4145 460 4200 llt
482 4141 514 4200 l⁰
537 4145 655 4223 «pridem
680 4150 858 4204 sententiani
884 4148 986 4204 saltem
1011 4147 1173 4225 aliquorum
1198 4148 1357 4204 Bassorum
1380 4145 1553 4208 (lactoratium,

316 4233 430 4288 animas
460 4231 516 4288 hac
549 4235 609 4289 vita
640 4235 669 4290 in
695 4247 814 4311 paccano
846 4239 929 4307 gravi
966 4233 1127 4299 delirnctas,
1158 4255 1209 4310 pro
1241 4254 1297 4311 quo
1327 4233 1433 4310 dignos
1457 4233 1555 4310 poeni·

317 4319 428 4377 tentiae
452 4318 561 4375 inactus
584 4321 686 4378 ali'ern¹
713 4343 769 4378 mm
793 4324 948 4398 potuerint,
972 4319 1107 4398 precibus
1131 4320 1271 4377 ecclcsiae
1294 4341 1332 4378 cx
1355 4321 1461 4378 interni
1486 4322 1553 4396 igno

315 4403 445 4467 liberari„
477 4407 565 4462 etiam
615 4423 703 4484 post
753 4407 945 4465 iudicium
1002 4407 1252 4484 particulare
1288 4410 1344 4464 iam
1391 4407 1552 4464 ahsolutum

317 4488 381 4569 (cfr.
406 4491 496 4548 rerba
518 4491 552 4550 Τ.
577 4493 760 4567 heredinskii
787 4493 805 4552 l.
828 4514 851 4554 c,
878 4496 906 4551 in
932 4494 1011 4551 Slav.
1034 4495 1141 4550 litteris
1165 4493 1261 4562 theol„
1292 4494 1339 4550 vel
1363 4494 1564 4556 confessionis

311 4578 492 4637 orthodoxae
516 4598 562 4655 qu.
587 4581 635 4634 tit.
659 4579 735 4656 apud
759 4580 862 4645 Ninos,
890 4579 1017 4639 Kalend.
1041 4576 1143 4651 mani,
1168 4582 1207 4639 Il.
1231 4601 1277 4656 pg.
1301 4583 1375 4656 aaut
1418 4581 1566 4638 sustiueri.

310 4685 369 4723 nou
392 4687 484 4741 posse,
520 4677 598 4741 patet
626 4687 662 4723 ex
687 4665 819 4724 doctrina
842 4668 987 4725 catholica-
1009 4679 1069 4724 tum
1094 4666 1130 4724 dc
1155 4667 1284 4744 perl'ecta
1314 4665 1561 4726 immutabilitate
