3450 5342
791 423 828 430 —
856 392 916 446 luti
942 423 980 430 —

364 582 403 638 ll.
427 581 500 638 Pars
524 579 652 639 secunda
675 579 996 638 sacramentalem
1020 579 1220 637 characterem
1237 581 1416 636 matrimonii
1436 599 1505 656 prae

258 668 351 726 oculis
374 666 464 725 habet
487 680 516 724 et
540 666 634 725 solida
656 665 847 725 demonstrat.
878 667 927 724 Ins
950 665 1145 742 legislationis
1170 674 1301 743 respectu
1326 667 1503 724 matrimonii

258 755 401 813 ecclesiae
431 765 600 832 competens
631 775 686 812 nec
713 774 773 812 non
797 751 959 811 iurisdictio
982 755 1045 812 eius
1068 755 1099 810 in
1122 755 1218 812 causis
1240 751 1505 811 matrimonialibus

255 841 431 918 dogmaticis
453 853 483 900 at
506 841 653 900 historicis
676 843 858 917 argumentis
880 842 1063 898 evincuntur.
1087 838 1227 898 Adducta
1243 839 1347 897 relatio
1369 839 1506 897 ecclesia-

257 930 347 986 sticae
378 931 532 1006 potestatis
562 927 600 986 ad
630 927 750 986 civilem
784 930 815 984 iu
849 929 945 984 causis
981 925 1246 985 matrimonialibus
1276 925 1314 984 ad
1345 929 1503 1004 practicam

256 1018 381 1093 pretium
407 1014 475 1072 libri
499 1025 621 1093 spectat.
1285 1081 1289 1088 Ι

359 1102 493 1160 Influxus
519 1101 742 1160 sacramentalis
771 1099 982 1158 solidissimum
1014 1097 1237 1157 laudamentum
1261 1097 1299 1157 ad
1322 1098 1497 1158 servandam

254 1190 398 1247 unitatem
421 1201 451 1247 et
473 1188 763 1248 indissolubilitatem
794 1196 962 1246 contractus
986 1187 1130 1244 maritalis
1153 1185 1274 1264 praebet
1296 1197 1326 1244 et
1348 1195 1502 1264 propterea

254 1277 344 1334 etiam
368 1275 442 1334 haec
466 1296 533 1353 pars
556 1274 624 1333 libri
646 1275 876 1351 diligentissime
908 1273 945 1332 ab
977 1284 1094 1332 auctore
1125 1272 1295 1330 absolvitur.
1333 1273 1445 1332 Mentio
1468 1274 1502 1330 lit

254 1365 343 1420 etiam
368 1361 405 1420 de
430 1365 615 1440 separatione
639 1383 657 1420 a
679 1371 741 1419 toro
764 1370 793 1420 ct
816 1381 927 1418 mensa.

357 1450 529 1507 Novissima
548 1451 678 1508 infausti
693 1451 850 1506 conamina
865 1447 903 1506 ad
919 1445 1163 1505 introducendam
1187 1446 1356 1504 facultatem
1381 1445 1499 1504 divortii

254 1547 355 1594 auctor
377 1539 559 1613 argum'entis
581 1537 735 1594 statisticis
758 1545 786 1592 et
809 1536 908 1592 citatis
932 1532 1141 1593 reflexionibus
1172 1534 1328 1592 multorum
1352 1546 1501 1590 auctorum

253 1623 381 1680 leliciter
403 1621 519 1681 refutat.

361 1709 596 1770 Commemorata
618 1707 685 1766 libri
709 1707 818 1766 divisio
841 1728 900 1766 non
923 1707 1041 1766 cohibet
1063 1709 1268 1784 repetitionem
1294 1705 1497 1764 nonnullarum

252 1796 454 1864 reflexionum,
476 1817 534 1874 quo
557 1808 657 1854 tamen
679 1797 804 1874 pretium
828 1794 897 1852 libri
921 1797 1042 1854 minime
1067 1797 1215 1852 minuitur.
1239 1797 1322 1872 Opus
1347 1792 1401 1850 hoc
1424 1795 1498 1870 opti·

253 1903 318 1941 mus
341 1883 401 1941 dux
425 1885 480 1941 erit
510 1884 587 1941 clero
610 1891 640 1940 ct
663 1882 770 1960 populo
800 1882 961 1940 Bohemico
984 1879 1021 1940 ad
1045 1881 1215 1940 refutandos
1251 1879 1493 1953 ,reformatores

252 1973 451 2028 matrimonii:
477 1981 638 2049 propterea,
661 1982 693 2026 ut
717 1991 735 2026 a
758 1969 858 2026 multis
881 1970 1003 2046 legatur,
1027 1977 1162 2027 meretur.

1116 2055 1173 2112 'th
1198 2055 1248 2112 tir.
1272 2049 1331 2115 Fr.
1356 2047 1456 2132 Regi.

357 2191 388 2244 P.
407 2190 495 2256 Aeol)
513 2174 685 2258 Spatium
707 2189 768 2248 aka
782 2188 940 2249 tatoliokt
953 2203 972 2248 o
986 2189 1103 2249 murati
1123 2189 1279 2266 (pochim
1294 2187 1446 2248 cadelim
1459 2187 1497 2246 ta

253 2258 379 2328 rrum).
408 2259 455 2314 Ex
488 2258 627 2314 articulis
661 2283 672 2304 »
702 2259 809 2328 asopis
843 2259 905 2314 kat.
934 2259 1185 2314 duchovenstva«
1227 2259 1380 2313 desumta.
1408 2257 1438 2312 in
1466 2258 1498 2311 8⁰

255 2343 340 2398 pagg
359 2332 401 2384 51.
421 2329 541 2399 Pragae
560 2330 635 2383 1907.

354 2398 539 2454 Dissertatio
566 2399 640 2452 haec
668 2413 730 2452 non
758 2397 903 2464 continet,
934 2398 1019 2468 quod
1047 2397 1210 2468 inscriptio
1236 2413 1305 2466 per
1332 2413 1371 2452 se
1400 2395 1494 2450 mani·

248 2467 350 2530 iestat.
368 2468 423 2523 sed
442 2469 483 2524 ab
501 2473 628 2523 auctore
652 2466 722 2590 ipso
751 2467 880 2522 materia
905 2467 1067 2522 tractanda
1095 2466 1365 2536 restringitur
1393 2465 1431 2521 ad
1451 2479 1494 2526 ea.

252 2553 345 2606 »quae
373 2544 479 2592 certa
509 2542 597 2592 sunt:
624 2537 750 2592 colecta
775 2553 846 2592 eum
867 2537 898 2591 ia
925 2537 1108 2597 tinemut
1133 2543 1290 2606 appareat,
1318 2536 1349 2590 in
1379 2535 1494 2606 quibus

247 2606 389 2662 doctrina
426 2607 575 2662 catholica
603 2607 749 2662 ecclesiae
782 2605 981 2662 occidentalis
1011 2621 1080 2662 curn
1107 2605 1313 2676 theologia
1347 2603 1492 2660 ecclesiae

250 2675 469 2732 Ruesiacae
495 2675 717 2732 conveniat.

352 2746 522 2802 Laudanda
542 2745 617 2800 mihi
640 2744 797 2814 imprimis
817 2759 887 2800 esse
907 2745 1033 2799 videtur
1053 2745 1126 2800 hacc
1144 2744 1276 2800 intentio
1304 2743 1440 2800 auctoris
1461 2747 1490 2796 et

142 2860 146 2862 ,
247 2813 400 2870 invitandi
415 2824 489 2871 suat
501 2831 611 2870 omues
625 2814 796 2884 scriptores
814 2813 964 2880 catholici,
984 2814 1163 2884 linguarum
1181 2814 1374 2870 Slaricarum
1392 2812 1489 2896 gnari,

247 2890 282 2938 ut
301 2885 419 2940 collatis
439 2885 561 2942 viribus
580 2899 777 2940 communem
799 2883 917 2938 Latinis
931 2889 960 2938 et
980 2883 1193 2940 Orientalibus
1213 2880 1329 2940 iontem
1352 2879 1489 2938 universi

250 2953 384 3022 depositi
403 2954 477 3009 fidei
497 2955 656 3025 usquead
676 2953 833 3008 saeculum
855 2951 909 3008 IX.
929 2959 959 3008 et
979 2953 1030 3008 XI.
1050 2953 1163 3010 iterum
1184 2953 1361 3025 iterumque
1381 2951 1490 3021 indigi-

249 3027 315 3076 tent
334 3027 364 3076 et
383 3023 578 3079 differentias
606 3025 719 3079 deinde
738 3027 873 3087 exortas,
893 3023 932 3077 ad
953 3039 1095 3078 normam
1116 3023 1352 3093 principiorum,
1372 3037 1428 3092 per
1447 3025 1490 3075 tot

252 3092 374 3146 saecula
393 3093 536 3163 utrisque
555 3093 778 3160 communium,
796 3092 864 3148 luce
884 3093 1025 3148 veritatis
1045 3098 1074 3148 et
1093 3093 1218 3148 fervore
1246 3091 1385 3148 caritatis
1413 3105 1491 3145 cora·

251 3169 370 3230 prinam
388 3168 518 3232 propter
535 3163 630 3218 finem
652 3193 685 3203 -
703 3161 842 3217 unitatis.

353 3229 391 3286 In
411 3231 586 3288 statuendis
616 3231 817 3287 »veritatibus
842 3231 981 3286 certis
1012 3232 1050 3287 de
1070 3231 1172 3302 gratia
1195 3231 1378 3287 iuremerito
1396 3227 1488 3285 elimi-

248 3305 365 3356 nantur
389 3301 428 3357 ab
453 3310 579 3358 auctore
606 3317 716 3356 omnes
745 3317 763 3354 ο
799 3300 958 3357 iniones
986 3309 1016 3355 et
1043 3301 1348 3356 controversiae
1377 3297 1490 3354 schola·

248 3370 351 3426 eticae.
370 3403 403 3410 -
424 3371 469 3426 Eo
490 3371 590 3452 magis
610 3385 758 3426 recurreu
782 3387 835 3426 um
855 3377 923 3425 erat
941 3370 980 3425 ad
995 3371 1099 3426 fontes
1118 3371 1322 3434 authenticos,
1342 3371 1380 3425 ad
1400 3367 1490 3425 deii·

247 3439 425 3496 nitionas
450 3441 609 3497 doctrinae
630 3440 796 3496 catholicae
814 3446 845 3495 et
870 3440 1135 3496 damnationes
1160 3441 1336 3504 haeresum,
1355 3440 1485 3509 gratiam

247 3525 304 3579 per
322 3511 477 3591 deiectum
497 3511 739 3634 deprimentium
755 3511 787 3564 in
800 3508 1028 3580 Pelagiaaismo
1048 3510 1178 3580 eiusque
1194 3511 1330 3579 aequalis
1349 3509 1380 3564 in
1401 3507 1488 3562 semi·

246 3579 481 3648 pelagianism0,
502 3597 539 3635 ve
567 3595 622 3650 per
640 3594 803 3634 excessum
823 3578 1037 3634 extollentium
1053 3581 1085 3635 in
1100 3579 1341 3635 Lutheraaismo
1359 3579 1486 3646 eiusque

246 3647 382 3718 sequelis
413 3650 445 3704 in
473 3648 683 3705 dansenismo.
721 3647 831 3703 Brevis
863 3648 1012 3719 synopsis
1048 3648 1313 3704 historico-critica
1344 3649 1383 3703 de
1413 3661 1486 3702 vero

246 3721 329 3773 statu
361 3719 555 3788 quaestionis
588 3719 670 3773 inter
700 3717 885 3788 Pelagianos
918 3723 948 3774 et
980 3718 1138 3774 ecclesiam
1174 3719 1365 3784 catholicam,
1398 3716 1484 3772 cuius

244 3788 370 3843 nomine
395 3789 591 3858 Augustinus
611 3787 784 3843 doctrinam
813 3787 994 3844 catholicam
1020 3789 1217 3850 defendebat.
1245 3793 1293 3846 est
1312 3785 1485 3844 necessaria

244 3856 413 3936 adfectam
433 3857 591 3928 exegesim
621 3862 762 3912 textuum
787 3857 966 3927 Augustini,
994 3857 1190 3929 aliorumque
1220 3860 1348 3913 Patrum
1370 3863 1399 3912 et
1418 3871 1484 3911 con·

245 3924 386 3981 ciliorum
409 3926 713 3997 Carthaginiensium
736 3928 880 3994 (tta-18)
902 3944 930 3997 p.
950 3929 974 3994 3,
995 3927 1200 3997 Diospolitaui
1221 3931 1306 3996 (llil,
1320 3925 1485 3982 Milevitaui

244 3994 329 4062 (rtet,
350 4011 378 4063 p.
399 3999 439 4064 10,
461 3996 591 4051 Romani
611 4000 670 4065 (ep.
690 3996 887 4051 tractatoriae
907 3997 1025 4052 Zosimi
1043 3999 1106 4070 418)
1123 4004 1153 4052 et
1170 3997 1319 4065 Ephesini
1338 3998 1414 4066 (tal)
1434 4009 1487 4050 nec

249 4077 310 4116 non
331 4067 451 4129 (contra
479 4065 758 4135 Semipelagianost
788 4065 972 4121 arausicani
1000 4067 1043 4121 11.
1069 4069 1151 4135 1529).
1172 4083 1199 4136 p.
1220 4071 1260 4122 17.
1282 4069 1324 4123 22.
1342 4068 1384 4122 29.
1405 4065 1488 4130 Quae

254 4140 363 4212 auctor
382 4150 411 4203 p.
432 4138 463 4190 17
483 4141 580 4197 notat,
611 4135 783 4190 secuudum
804 4134 963 4190 doctrinas
984 4152 1058 4191 suae
1077 4137 1194 4204 natalie,
1219 4133 1490 4207 nou‘posterioris,

253 4201 437 4270 explicanda
456 4219 533 4259 esse.

314 4338 320 4350 .
348 4271 540 4351 significatio
553 4273 680 4328 divorsa
694 4273 830 4329 nominis
852 4274 1010 4344 »gratias
1033 4275 1065 4330 in
1077 4275 1125 4330 his
1139 4275 1281 4331 fontibus
1295 4273 1486 4331 occurrentis

247 4345 279 4394 et
312 4355 343 4394 m
369 4357 437 4410 ipsa
464 4342 569 4411 operis
598 4342 802 4412 inscriptione
833 4344 872 4398 ab
903 4349 1029 4400 auctore
1066 4345 1205 4411 adhibiti,
1234 4345 1343 4402 debuit
1371 4345 1432 4400 iam
1459 4344 1489 4398 in

251 4413 335 4464 statu
353 4411 546 4479 quiaestionis
571 4412 700 4481 figendo
724 4428 764 4466 ex
787 4413 839 4467 oni
870 4413 919 4482 (cf.
941 4415 1063 4470 Pravda
1083 4414 1163 4480 ilis,
1182 4415 1264 4475 dona
1292 4414 1415 4471 ordinis
1441 4430 1490 4470 na·

247 4478 366 4542 taralis,
396 4481 480 4538 vires
506 4481 664 4551 imprimis
693 4427 885 4551 intelligendi
913 4487 944 4537 et
973 4483 1063 4539 liberi
1097 4484 1218 4540 arbitrii
1247 4484 1487 4555 distinguendae

245 4555 335 4603 erant
370 4551 442 4607 data
461 4551 557 4620 opera
577 4567 594 4605 a
614 4549 706 4605 donis
731 4553 850 4620 gratiae
879 4552 1064 4608 necessariis
1090 4569 1160 4609 cum
1187 4553 1428 4611 limitatione
1456 4557 1484 4623 (a

247 4616 395 4674 Patribus
426 4628 456 4676 et
483 4619 671 4676 authenticis
700 4619 909 4688 documentis)
938 4621 1044 4677 addita
1070 4625 1171 4693 «quod
1200 4626 1239 4680 ad
1267 4625 1422 4696 pietatem,
1450 4627 1487 4682 ad

245 4687 376 4743 salutem
409 4689 551 4759 pertinet,
580 4695 675 4758 prout
704 4696 829 4758 oportet
858 4691 898 4745 ad
928 4691 1085 4760 salutem«,
1118 4694 1235 4764 quibus
1264 4711 1327 4750 noa
1357 4694 1486 4751 ethica
