3450 5342
707 310 899 367 -191-

174 508 398 573 cognoscerem
418 492 535 547 benum
556 493 605 547 vel
625 493 740 549 malum
762 493 846 560 mihi,
866 492 950 563 quod
971 508 1039 547 cum
1061 492 1128 547 eius
1148 493 1336 548 extinctione
1357 508 1425 547 crin·

172 561 318 617 iunctum
339 563 409 617 est?
430 563 537 643 Neque
555 562 688 617 alterurn
708 536 846 618 auetorisi
864 567 1021 617 assertum
1042 562 1136 617 ullam
1158 562 1220 617 rim
1243 562 1346 629 habet,
1367 577 1425 617 nos

175 646 418 713 nonnumquam
448 632 575 699 tristari,
601 632 717 688 inscios
738 632 876 699 rationis,
903 631 951 685 vel
972 630 1039 686 sine
1058 630 1235 701 cognitione
1256 632 1335 687 mali.
1364 632 1425 687 Aut

174 701 261 756 enim
282 707 356 755 tunc
376 707 483 757 nostra
506 700 646 785 cognitio
668 702 740 756 mali
766 674 886 757 tanturir
912 700 1038 781 directa,
1068 716 1129 755 non
1146 700 1267 759 reflexa
1286 706 1342 767 est,
1372 706 1427 755 aut

176 770 270 825 valde
295 770 435 834 confusa,
462 776 516 826 aut
541 770 667 830 tristitia
692 773 768 826 haec
791 787 853 825 non
879 778 927 825 est
953 770 1019 825 veri
1046 770 1182 825 nominis
1209 769 1336 825 tristitia
1362 770 1382 824 i.
1401 784 1425 825 e.

173 845 265 894 actus
285 839 462 909 psychicus,
482 840 537 895 sed
558 856 638 895 mere
656 840 930 912 physiologicusi.
949 856 973 895 e.
995 840 1075 895 mala
1095 839 1259 909 dispositio
1279 840 1423 909 corporis

283 926 363 990 Quia
375 926 508 982 attactus
522 928 643 996 proprie
657 928 730 983 dicti
743 926 923 996 dependent
937 927 977 983 ab
992 926 1113 983 obiecto
1128 926 1251 995 cognito
1267 932 1423 995 tamquam

177 1010 197 1050 a
211 1011 270 1049 suo
284 996 440 1051 termino
431 1012 463 1051 ιιι
463 1013 570 1077 ‘quem
587 998 742 1063 teruntur,
761 997 810 1052 vel
824 1011 923 1077 quem
945 1004 1141 1079 aversantur
1161 1003 1191 1051 et
1205 996 1297 1051 simul
1312 996 1424 1064 depen-

176 1065 255 1119 dent
266 1066 359 1120 etiam
370 1066 410 1120 ab
420 1066 541 1121 animae
554 1068 722 1136 exigentiia,
737 1073 767 1123 et
779 1066 951 1121 obiectivae
965 1072 995 1121 et
1009 1037 1199 1121 subiectivae
1214 1064 1329 1121 indolis
1344 1072 1426 1121 sunt.

286 1152 334 1206 Ex
353 1153 612 1233 praecedentibus
633 1159 725 1223 patet,
744 1168 805 1235 quo
824 1167 921 1207 sensu
942 1167 1046 1208 sermo
1059 1166 1129 1207 esse
1144 1150 1243 1220 possit
1258 1151 1296 1206 de
1310 1151 1425 1207 allecti·

178 1222 240 1277 bus
254 1220 420 1291 religiosis,
439 1222 611 1277 moralibus
629 1223 817 1288 aesthetieis,
836 1222 1105 1287 intellectualibus,
1120 1221 1289 1291 dequibus
1305 1221 1423 1303 Lipsltij

177 1291 325 1360 loquitur.
345 1291 437 1347 Recte
455 1293 514 1346 hoc
532 1292 684 1347 vocabulo
696 1292 826 1358 intelligi
845 1296 963 1361 posunt
982 1296 1035 1347 aut
1053 1291 1185 1345 allectus
1204 1305 1299 1346 sensu
1313 1291 1427 1360 impro-

179 1362 294 1441 prroi
318 1376 343 1415 e.
371 1362 491 1416 animae
510 1361 662 1416 naturalis
686 1361 816 1417 facultas
835 1368 867 1416 et
885 1360 1038 1442 quaedam
1057 1360 1186 1415 latilitas
1217 1360 1426 1429 cognoscendi

180 1430 331 1486 veritates
350 1431 523 1499 religiosas,
543 1431 686 1496 morales
699 1430 893 1495 acatholicus,
908 1430 1102 1497 theoreticae,
1117 1434 1170 1484 aut
1182 1430 1315 1485 allectus
1330 1445 1425 1485 sensu

179 1501 318 1570 proprio,
337 1500 389 1570 qui
408 1516 446 1555 ex
465 1500 597 1570 cognitis
617 1500 665 1554 his
685 1500 898 1556 veritatibus'
891 1514 922 1554 ιιι
943 1499 1045 1555 anima
1064 1498 1217 1554 emuntur.
1287 1502 1313 1553 t'.
1332 1498 1390 1555 ch'.

640 1672 968 1753 RUTHENICA.

285 1830 331 1899 lle
353 1831 447 1897 statu
471 1831 641 1914 praesenti
673 1832 843 1901 ecclcsiae
875 1832 910 1901 et
943 1830 1131 1899 litterarum
1161 1828 1425 1915 theutonicarum

179 1918 265 2002 apud
289 1916 457 1986 Bellienus
481 1917 512 1985 in
536 1915 671 1986 (leticia

284 2025 396 2101 Negari
413 2044 472 2083 non
492 2035 588 2101 potest
603 2026 717 2084 litteras
733 2026 915 2102 theologicas
931 2024 1009 2103 apud
1027 2024 1178 2082 Ruthenes
1195 2042 1297 2101 parum
1314 2023 1424 2083 florere.

181 2111 294 2169 Causas
318 2112 403 2169 huius
425 2113 612 2170 tristissimae
635 2112 817 2171 condicionis
841 2115 1024 2190 Conspectus
1047 2110 1127 2169 b'lav.
1151 2110 1193 2168 lit.
1214 2110 1302 2169 theol.
1319 2110 1425 2178 (1905.

182 2218 230 2276 pg.
254 2198 316 2275 33.)
341 2200 399 2256 iam
422 2199 594 2277 explicavit.
618 2199 699 2257 Addi
723 2220 801 2257 nunc
825 2199 914 2257 debet
938 2198 974 2257 ad
998 2218 1110 2257 causas.
1134 2216 1209 2275 quae
1240 2216 1425 2275 progressum

179 2285 344 2343 litteramm
367 2285 598 2362 theologicarum
622 2286 700 2365 apud
723 2288 876 2345 liuthenos
899 2284 1072 2365 impediunt,
1101 2287 1189 2343 etiam
1214 2293 1307 2341 status
1331 2303 1425 2341 rernm

180 2372 366 2449 politicamm
400 2374 432 2429 in
466 2369 592 2431 Galicia
625 2374 750 2451 Propter
783 2373 931 2432 defectum
968 2372 1130 2431 doctiorum
1169 2371 1310 2429 laicorum
1348 2373 1426 2429 inter

179 2458 341 2525 lintheum,
364 2459 458 2517 clerus
482 2458 617 2519 omnibus
641 2459 726 2519 rebus
750 2460 876 2539 publicis
897 2482 937 2519 sc.
960 2460 1080 2529 cultura,
1105 2457 1232 2535 politica,
1256 2459 1426 2515 oeconomia

181 2546 271 2603 nimis
295 2545 500 2623 occupabatur.
523 2546 647 2605 Factum
671 2558 715 2605 est
738 2546 817 2619 inde,
840 2558 872 2605 ut
888 2546 1003 2605 litterae
1027 2546 1210 2621 theologicae
1228 2546 1315 2603 nimis
1332 2544 1425 2619 negli-

180 2644 320 2709 gerentur
341 2653 434 2711 eoqne
470 2634 574 2709 magis,
605 2636 676 2711 quia
705 2634 788 2693 nulla
817 2633 942 2692 habetur
973 2653 1067 2710 neque
1106 2630 1270 2689 habebatur
1303 2631 1426 2689 facultas

179 2718 348 2795 theologica
369 2719 544 2791 Ruthenica,
568 2740 643 2797 quae
666 2720 831 2779 doctrinam
854 2721 1052 2795 theologicam
1076 2718 1191 2779 celeret.

289 2823 345 2878 His
368 2842 427 2880 nun
450 2822 635 2882 obstantibus
658 2822 821 2882 edebantur
836 2844 929 2903 panca
946 2845 983 2881 ex
1000 2823 1182 2899 theologicis.
1205 2820 1425 2879 Publicatiunes

179 2907 357 2987 periodicae,
393 2918 426 2965 ut
461 2912 542 2977 Sion,
581 2911 709 2980 Amven,
746 2912 914 2991 Duspastyr
953 2944 993 2953 -
1032 2912 1207 2967 Animamm
1245 2908 1350 2965 Pastor
1378 2940 1427 2979 -,

178 2996 295 3073 Prapor
311 3029 350 3037 —
367 2994 518 3053 Vexillum
531 3028 583 3067 -,
595 2997 813 3077 Bchoslevskyj
834 2998 952 3077 l'isnyk
967 3032 1005 3041 -
1022 2998 1151 3055 Nuntius
1167 2995 1365 3069 Theclogicus
1387 3026 1425 3037 -

179 3081 378 3160 respiciebant
393 3085 549 3161 praecipue
565 3088 755 3143 necessitates
771 3087 916 3162 practicus
929 3085 999 3143 cleri
1013 3104 1117 3141 munus
1130 3082 1276 3160 pastorale
1288 3082 1426 3153 gerentia,

181 3170 263 3227 srB.
288 3168 407 3247 Visnyk
430 3172 585 3247 excipitur.
611 3171 692 3229 labri
716 3171 879 3229 edebantur
903 3174 1032 3250 practici,
1048 3182 1079 3227 ut
1095 3170 1276 3230 cataclistici,
1290 3169 1427 3239 liturgici,

180 3258 345 3313 conciones.
369 3255 427 3330 (Of.
451 3256 532 3314 Slav.
554 3257 598 3316 lit.
623 3258 711 3316 theol.
737 3263 827 3315 latta.
851 3280 898 3336 [ις.
917 3258 978 3324 34.)
1001 3258 1208 3315 (iheracterem
1233 3256 1426 3312 scierrtilicunr

180 3341 292 3400 habent
316 3343 527 3401 Commentarii
562 3344 600 3402 ad
634 3346 832 3417 Erarrgelium
867 3345 1026 3403 secundum
1064 3344 1246 3401 Matthaeum
1272 3342 1339 3399 liris
1363 3342 1426 3398 des.

181 3429 497 3508 Komarnyckyj,
521 3431 652 3509 Leupoli,
678 3434 834 3499 tetta-9,
858 3435 929 3491 tomi
953 3431 1009 3489 duo
1034 3442 1062 3487 et
1079 3431 1207 3488 valorem
1232 3429 1426 3487 scientificum

179 3514 292 3573 habent
317 3520 393 3573 Acta
421 3529 449 3574 et
472 3517 591 3576 decreta
614 3518 719 3597 synodi
751 3520 941 3596 provincialis
966 3519 1166 3575 liuthenurum
1191 3516 1325 3574 (inlicitae
1349 3536 1426 3571 annu

183 3605 275 3663 1891.
299 3602 419 3661 habitae
436 3604 566 3682 Leopoli,
582 3625 607 3662 a.
627 3608 717 3662 ltlllli.
732 3605 844 3663 duobus
864 3610 952 3665 tomis
970 3607 1078 3663 liomae
1095 3603 1175 3661 edita
1191 3603 1292 3677 lingua
1310 3604 1425 3672 Latina,

179 3703 283 3767 postea
305 3692 337 3746 in
359 3689 492 3767 lingnam
515 3691 712 3749 Ruthenicam
736 3713 828 3751 versa.

286 3792 430 3851 Condicio
453 3794 527 3851 hacc
549 3806 648 3853 tamen
666 3796 718 3851 hcc
735 3810 865 3873 ternpore
883 3796 969 3852 valde
988 3806 1115 3852 mutatur
1131 3802 1159 3849 et
1176 3792 1310 3848 lirclesia
1329 3802 1428 3847 nostra

180 3890 297 3957 tempus
330 3883 436 3938 summi
468 3884 608 3939 momenti
639 3886 765 3940 transire
796 3882 921 3941 videtur.
952 3884 1076 3958 Propter
1107 3882 1299 3937 mutationem
1330 3898 1424 3934 rerum

180 3966 276 4024 clerus
301 3968 482 4025 liuthenicus
505 3972 615 4045 primas
638 3983 744 4047 partes.
764 3990 836 4047 ιμιιιιι
853 3982 995 4038 tenuerat,
1012 3970 1043 4025 in
1060 3970 1121 4023 vita
1138 3967 1266 4023 nationis
1291 3966 1425 4021 amittere

181 4056 278 4131 coepit
308 4070 338 4111 et
368 4064 461 4112 status
495 4054 609 4113 laicalis
639 4056 676 4113 ad
708 4057 802 4115 lucum
838 4060 901 4114 eius
936 4053 1136 4132 occurrendum
1171 4051 1273 4108 tendit.
1299 4052 1344 4107 lix
1369 4070 1425 4127 quo

180 4142 313 4218 sequitur
342 4141 452 4199 clerum
484 4162 560 4199 nunc
591 4146 731 4201 maiorem
762 4156 876 4222 partem
910 4146 1016 4199 virium
1051 4160 1168 4198 suarum
1199 4140 1238 4194 rei
1272 4158 1349 4193 mere
1382 4158 1427 4191 trc-

180 4229 365 4285 clesiasticae
395 4239 424 4285 et
458 4228 641 4304 theologicae
675 4232 778 4288 cll'erre
813 4252 906 4308 persae.
941 4230 1128 4286 lllemeutum
1161 4226 1267 4283 laicum
1304 4227 1333 4280 in
1366 4225 1428 4279 rita

179 4314 299 4392 publica
324 4314 524 4373 linthenurum
541 4320 672 4393 superius
689 4338 753 4374 esse
774 4320 919 4395 incipiens
936 4315 1124 4383 liberalismo,
1141 4314 1293 4369 Ecclesiae
1310 4312 1426 4385 saepius

179 4402 310 4463 inimice.
340 4402 429 4470 favet,
460 4404 535 4459 sicut
565 4416 593 4459 et
617 4406 648 4461 iu
671 4406 785 4482 reliqua
808 4406 934 4482 Europa.
965 4406 1049 4478 (luae
1083 4400 1302 4457 circumstantia
1329 4398 1429 4467 el'ticit,

179 4499 213 4546 ut
235 4488 330 4545 clerus
354 4487 535 4546 ltutheuicus
558 4491 589 4547 in
613 4510 715 4568 cerpus
746 4494 884 4567 organice
921 4493 1050 4547 iunctum
1083 4487 1181 4561 colligi
1215 4484 1320 4541 debeat
1343 4495 1371 4539 ct
1397 4485 1427 4539 in

180 4576 334 4633 activitate
350 4594 403 4631 sna
417 4586 541 4633 externa
564 4593 743 4635 momentum
767 4579 979 4656 apologeticum
998 4587 1025 4631 et
1043 4575 1216 4652 polemicum
1241 4572 1425 4647 potissimum
