3450 5342
600 369 859 424 .—333-

138 568 171 615 et
195 555 387 634 explicitam:
420 559 445 614 si
469 558 612 614 motivum
642 566 688 614 cst
710 557 887 625 universale,
912 566 943 614 ut
967 577 1048 614 amor
1072 557 1137 628 Dei,
1161 559 1248 616 timor
1271 559 1389 632 inferni,

140 644 269 701 dicimus
299 644 480 720 propositum
510 643 677 702 universale
709 645 741 701 in
772 642 872 702 dolore
903 644 1069 701 virtualiter
1099 647 1242 702 contineri
1274 655 1303 704 et
1334 647 1389 704 hoe

140 730 276 788 sufficere
300 728 337 786 ad
361 749 461 786 veram
483 731 690 788 contritionem
714 733 777 788 sive
800 730 960 808 perfectam
985 733 1049 788 eive
1074 732 1284 809 imperfectam.

247 817 394 874 Contritio
426 815 473 873 vel
496 827 541 873 est
563 815 694 894 perfecta
723 817 772 873 vel
803 817 983 894 imperfecta.
1019 818 1156 890 „Divisio
1185 819 1256 878 haee
1280 823 1389 897 petitur

138 926 179 961 ex
202 905 316 961 ellectu.
340 901 415 960 Cum
439 903 577 960 nimirum
599 905 737 961 contritio
760 923 795 961 eo
817 914 937 980 spectet,
961 913 991 961 ut
1016 905 1166 963 hominem
1189 905 1327 983 disponat
1350 905 1388 964 ad

138 991 412 1048 reconciliationem
434 1009 500 1047 cum
522 990 595 1060 Deo,
626 1009 661 1046 ea
684 993 819 1048 contritio
843 989 950 1048 dicitur
972 991 1110 1069 perfecta,
1142 1012 1216 1070 quae
1240 991 1271 1050 id
1294 1013 1332 1050 ex
1355 1014 1386 1050 se

139 1078 205 1136 sola
234 1078 408 1154 assequitur,
439 1075 467 1132 h.
490 1097 514 1132 e.
538 1075 649 1154 absque
676 1077 749 1134 reali
780 1096 836 1134 usu
866 1081 1059 1139 sacramenti:
1094 1099 1168 1157 (puae
1200 1091 1298 1137 autem
1330 1101 1388 1138 non

138 1165 250 1222 sufficit
273 1183 311 1221 ex
333 1183 365 1220 se
387 1163 451 1220 sola
473 1161 510 1220 ad
535 1162 597 1231 hoc,
627 1161 735 1222 dicitur
757 1164 961 1241 imperfectai.
996 1166 1201 1237 Palmieri‚
1234 1166 1281 1223 De
1304 1187 1388 1245 poen.

139 1251 183 1308 th.
207 1254 257 1321 21,
280 1251 320 1308 ll.
344 1249 390 1311 Of.
413 1249 467 1307 De
489 1249 606 1327 Lnga,
629 1250 676 1306 De
698 1271 784 1328 poen.
807 1250 882 1329 disp.
908 1252 941 1317 V.
966 1272 987 1308 s.
1014 1257 1040 1314 1.

250 1337 342 1410 ,Cum
366 1338 398 1393 in
420 1346 541 1414 peccato
565 1357 624 1395 non
648 1339 759 1396 sitnisi
783 1338 870 1416 culpa
886 1347 915 1395 et
931 1359 1033 1415 poena,
1057 1352 1207 1418 peccatum
1224 1339 1388 1399 detestatur

138 1425 228 1482 homo
252 1424 299 1482 vel
322 1425 435 1481 ratione
458 1423 562 1500 culpae
586 1424 634 1480 vel
657 1426 770 1482 ratione
792 1444 914 1502 poenae.
950 1426 981 1484 e‘i
1005 1424 1168 1484 detestatur
1190 1429 1304 1485 ratione
1327 1428 1387 1485 cul·

136 1532 203 1589 pac,
227 1513 370 1568 motivum
393 1509 597 1568 detestationis
621 1513 677 1568 erit
699 1510 850 1588 turpitudo
874 1531 924 1570 seu
948 1513 1062 1571 malitia
1084 1515 1206 1591 peccati,
1238 1533 1313 1592 quae
1337 1513 1387 1572 de-

136 1599 259 1657 testatio
282 1619 300 1654 a
313 1596 445 1674 pluribus
461 1597 628 1668 virtutibus,
652 1596 757 1675 quihus
774 1608 926 1676 peccatum
943 1602 1106 1676 opponitur,
1130 1599 1198 1658 elici
1221 1612 1271 1658 aut
1294 1603 1387 1678 impe·

136 1688 196 1743 rari
221 1693 374 1762 potest...
409 1685 441 1742 Si
466 1704 535 1742 vero
557 1682 719 1742 detestetur
745 1684 834 1742 homo
864 1697 1016 1762 peccatum
1047 1689 1161 1746 ratione
1192 1687 1271 1758 mali,
1306 1687 1386 1766 quod

136 1771 260 1841 inducit,
292 1771 348 1828 hoo
370 1770 418 1827 vel
441 1783 486 1828 est
507 1791 603 1848 poena
625 1792 644 1828 a
665 1771 731 1829 Deo
755 1773 876 1843 inflicta,
907 1779 1028 1830 aeterna
1051 1783 1101 1832 aut
1124 1775 1302 1851 temporalis,
1335 1784 1385 1832 aut

136 1861 266 1938 privatio
294 1856 506 1921 beatitudinis:
540 1856 665 1936 ideoque
695 1861 838 1916 motivum
869 1861 932 1916 eius
962 1861 1018 1917 erit
1048 1863 1136 1919 timor
1164 1870 1213 1918 aut
1246 1881 1312 1938 spes
1336 1861 1383 1919 vol

137 1945 348 2004 desiderium“.
371 1944 561 2002 Palmieri
584 1943 656 2002 ibid.

244 2035 272 2090 2.
303 2031 499 2090 Defendimus
533 2034 677 2109 imprimis
708 2033 851 2089 motivum
883 2033 990 2089 amoris
1026 2030 1251 2091 benevolentiae
1286 2035 1386 2112 (snper

135 2115 249 2198 omnia)
272 2130 351 2176 certe
374 2138 439 2176 esse
468 2120 612 2177 motivum
642 2121 828 2177 contritionis
858 2119 1022 2196 perfectae3
1058 2117 1166 2176 deinde
1194 2121 1284 2178 etiam
1308 2122 1382 2178 rela-

135 2209 231 2266 tivam
255 2206 312 2268 Dei
336 2202 381 2285 (in
404 2203 470 2282 nos)
493 2205 655 2262 bonitatem
679 2204 717 2263 ad
739 2207 882 2264 motivum
907 2205 978 2262 dicti
1004 2208 1110 2262 amoris
1133 2208 1289 2282 pertinere,
1323 2208 1385 2265 No·

135 2295 217 2351 mine
240 2293 354 2350 scilieet
377 2293 508 2350 caritatis
535 2293 566 2348 in
588 2292 667 2351 thesi
690 2301 790 2350 nostra
821 2312 881 2352 uon
904 2291 1098 2368 intelligimus
1121 2295 1274 2351 caritatem
1299 2293 1382 2351 habi-

134 2380 255 2450 tualem,
289 2378 341 2437 sed
373 2378 560 2437 dilectionem
593 2379 754 2451 actualem3
790 2399 844 2437 nec
876 2379 1039 2457 simplicem
1071 2378 1220 2456 quandam
1253 2382 1381 2458 compla-

135 2468 274 2536 centiam,
297 2466 350 2524 sed
372 2485 511 2538 amorem,
534 2486 591 2543 quo
614 2465 723 2544 aliquis
745 2468 805 2522 iam
827 2467 949 2544 placens
972 2465 1081 2524 bonum
1105 2465 1142 2524 ad
1167 2487 1197 2525 se
1222 2467 1271 2524 vel
1293 2467 1383 2526 alium

134 2552 290 2613 referendo
321 2553 409 2611 alicui
441 2553 505 2610 vult
530 2552 640 2611 bonum
673 2553 721 2627 (cf.
744 2552 913 2610 'l'homas
946 2553 1019 2630 Aq,
1051 2554 1078 2609 S.
1103 2553 1143 2610 th.
1167 2554 1191 2610 Ι.
1215 2554 1253 2624 II,
1282 2575 1310 2631 q.
1335 2556 1383 2621 26,

134 2663 161 2698 a,
185 2644 234 2711 493
258 2660 354 2719 neque
370 2659 500 2698 amorem
522 2640 793 2698 materialiter
815 2648 930 2697 tanturn
947 2649 1102 2715 sumptum,
1127 2659 1184 2716 quo
1207 2641 1293 2697 homo
1320 2641 1383 2698 vult

134 2727 255 2806 quidem
285 2727 325 2797 id,
359 2727 437 2806 quod
460 2727 525 2785 Deo
555 2725 664 2784 bonum
694 2735 747 2797 est,
777 2725 830 2782 sed
860 2733 979 2803 propter
1009 2723 1098 2794 alind,
1133 2726 1214 2784 velut
1237 2725 1378 2784 honorem

134 2816 194 2873 Dei
216 2826 335 2892 propter
359 2815 541 2872 honestatem
573 2823 698 2885 actuum,
729 2811 835 2890 quibus
866 2811 958 2870 honor
981 2812 1047 2869 Deo
1078 2811 1125 2868 vel
1156 2815 1303 2891 appetitur
1331 2814 1380 2871 vel

133 2901 291 2960 exhibetur
322 2902 371 2958 vel
400 2903 513 2959 ratione
543 2920 656 2978 poenae
687 2900 798 2977 alioqui
829 2897 998 2957 subeundae
1030 2899 1119 2975 (sicut
1149 2897 1259 2976 digitus
1283 2903 1379 2973 amici,

135 3010 223 3067 quem
246 3009 318 3046 orno
339 2989 457 3059 annulo,
480 2999 525 3046 est
547 2987 614 3046 finis
637 2988 684 3044 cui
707 2983 890 3066 materialis),
925 2985 976 3044 sed
1000 3004 1129 3044 amorem
1153 2985 1383 3046 formaliter

135 3089 292 3154 sumptum,
323 3096 381 3154 quo
402 3076 467 3153 ipse
489 3073 624 3151 diligitur
652 3074 689 3133 ob
712 3076 855 3132 motivum
886 3074 1034 3151 proprium
1065 3071 1134 3130 talis
1165 3077 1281 3146 amoris,
1316 3077 1334 3133 i.
1358 3097 1382 3133 e.

137 3163 211 3236 ideo,
236 3165 306 3241 quia
328 3163 410 3220 Deus
432 3161 526 3220 bonus
548 3172 600 3220 est.
633 3162 742 3219 Paucis
771 3160 931 3219 discrimen
963 3161 1040 3217 inter
1071 3165 1226 3238 utrumqne
1250 3181 1379 3219 amorem

136 3249 345 3329 comprehendi
369 3258 464 3327 potest
479 3249 535 3307 hac
554 3250 687 3306 ratione:
710 3249 742 3305 in
766 3268 863 3306 amore
880 3249 937 3305 Dei
961 3246 1109 3304 materiali
1125 3246 1272 3306 obiectum
1288 3260 1380 3306 mate·

136 3339 209 3396 riale
232 3348 277 3395 est
306 3336 413 3395 bonum
438 3337 504 3406 Dei,
534 3333 680 3393 obiectum
712 3334 835 3393 formale
857 3354 909 3392 seu
932 3337 1075 3394 motivum
1102 3347 1154 3394 seu
1185 3333 1286 3393 finis
1318 3337 1382 3413 qui

137 3425 187 3500 (sc.
210 3426 260 3502 qui
283 3419 444 3502 appetitur)
471 3421 603 3480 formalis
625 3421 742 3480 bonitas
766 3443 784 3479 a
806 3421 871 3479 Deo
894 3420 1051 3481 distincta:
1083 3424 1114 3478 in
1143 3441 1241 3480 amore
1265 3421 1381 3479 formali

136 3513 278 3569 motivum
302 3519 347 3568 est
369 3508 483 3587 aliquid
512 3511 544 3567 in
568 3510 631 3586 ipso
654 3509 727 3578 Deo,
755 3511 818 3566 sire
846 3519 879 3565 ut
902 3506 1010 3565 bonum
1034 3507 1093 3564 Dei
1123 3510 1186 3565 sive
1217 3516 1249 3566 ut
1272 3507 1380 3566 bonum

136 3599 280 3670 amantis3
304 3597 401 3654 finis
424 3599 481 3654 cui
505 3594 556 3672 (sc.
579 3598 613 3668 is,
637 3598 684 3653 cui
700 3597 848 3674 appetitur
862 3593 984 3671 bonum)
1010 3593 1140 3652 formalis
1164 3615 1215 3653 seu
1238 3597 1380 3652 terminus

136 3687 242 3743 amoris
265 3695 310 3742 eat
328 3684 377 3741 vel
400 3684 483 3742 Deus
504 3685 553 3741 vel
576 3685 663 3741 homo
694 3678 792 3763 (prout
815 3703 898 3740 amor
921 3689 965 3740 est
989 3679 1215 3739 benevolentiae
1238 3681 1287 3760 rel
1311 3701 1380 3738 con·

135 3771 353 3850 cupiscentiae).
377 3770 423 3828 Cf.
447 3770 645 3841 Palmieri,
667 3770 715 3827 De
739 3790 823 3848 poen.
847 3769 889 3827 th.
914 3771 962 3838 22,
986 3789 1013 3825 n.
1040 3772 1065 3824 l.

236 3859 329 3917 Porro
358 3878 440 3916 amor
461 3859 520 3915 Dei
549 3857 682 3915 formalis
712 3856 824 3935 duplex
851 3855 1062 3932 distinguitur:
1094 3853 1319 3914 benevolentiae
1351 3863 1381 3911 et

135 3946 397 4024 concupiscentiae,
431 3954 516 4022 prout
547 3947 690 4002 motivum
721 3953 766 4002 est
796 3942 914 4001 infinita
945 3943 1001 3998 Dei
1037 3940 1154 3999 bonitas
1186 3943 1217 3998 in
1249 3961 1288 4012 se,
1323 3959 1382 4018 qua

134 4031 241 4090 bonum
264 4033 324 4092 Dei
346 4032 395 4090 vel
418 4031 534 4090 bouitas
558 4033 628 4102 eius,
653 4050 711 4108 qua
733 4029 842 4088 bouum
867 4039 1007 4088 nostrum.

236 4121 357 4178 Amoris
372 4117 683 4176 benevolentiae
706 4124 751 4174 est
766 4118 856 4193 igitur
872 4117 949 4174 velle
966 4117 1031 4172 Deo
1047 4113 1164 4185 bonum,
1181 4115 1251 4191 quia
1269 4111 1378 4171 bonum

137 4206 190 4263 Dei
214 4216 267 4278 est,
290 4215 320 4265 et
343 4205 463 4284 quidem
480 4204 558 4261 velle
573 4204 639 4262 Deo
654 4203 764 4261 bonum
786 4212 816 4261 et
832 4204 980 4260 internum
1004 4211 1034 4260 et
1050 4211 1212 4270 externum,
1236 4201 1375 4258 nimirum

134 4291 260 4368 gaudere
282 4293 319 4352 de
342 4292 522 4370 perfectione
545 4293 608 4348 eius
630 4293 749 4348 interna
777 4300 808 4348 et
829 4288 999 4348 desiderare
1023 4290 1051 4345 ei
1074 4288 1197 4365 gloriam
1221 4295 1376 4344 externam

135 4379 294 4452 formalem,
316 4382 335 4436 i.
359 4400 383 4437 e.
406 4379 606 4456 cognitionem
636 4388 666 4434 et
696 4376 939 4454 approbationem
969 4375 1160 4452 perfectionis
1183 4372 1304 4432 divinae
1327 4393 1380 4450 per

135 4476 213 4524 actus
236 4469 368 4525 internos
391 4466 440 4523 vel
463 4473 610 4540 externos,
639 4463 719 4522 unde
740 4462 820 4521 idem
844 4483 925 4520 amor
948 4462 1007 4520 Dei
1038 4463 1069 4519 in
1092 4464 1189 4540 ipsum
1213 4463 1379 4539 proximum

135 4553 308 4612 extenditur.
342 4553 467 4611 Bonitas
496 4551 554 4609 Dei
588 4560 633 4609 est
663 4550 786 4628 duplex:
816 4549 953 4608 absoluta
984 4547 1137 4626 (attributa
1169 4544 1315 4623 absoluta)
1350 4553 1380 4603 et

135 4641 257 4699 relativa
280 4639 434 4719 (attributa
456 4639 590 4711 relativa,
619 4637 702 4696 velut
730 4636 910 4713 benignitas,
943 4635 1144 4694 misericordia
1175 4633 1286 4704 divina,
1314 4653 1379 4711 per-

181 4773 295 4816 sonna
309 4774 379 4815 tneor.
1173 4752 1207 4806 22
