3450 5342
676 480 870 533 —lll—

142 665 247 723 multis
270 664 400 723 lacrimis
415 678 492 724 esset
516 666 701 744 praestanda,
725 666 858 725 nonfuit
882 666 948 743 (eol.
972 669 1055 739 242).
1080 666 1239 723 simillima
1262 666 1308 723 his
1333 665 1395 743 plu·

142 754 222 809 rima
245 751 342 809 habet.

251 839 314 897 Nee
346 839 413 896 aliis
444 838 544 897 multis
573 839 645 898 locis
672 841 752 897 omni
776 850 919 916 ox'parte
946 840 1076 910 veritati,
1103 840 1173 897 licet
1204 860 1315 897 errores
1339 858 1396 897 non

141 928 207 983 sint
230 928 313 995 tanti,
347 925 466 983 videtur
488 926 680 984 satisfactum.
721 927 806 1002 Quae
829 928 909 984 enirn
932 924 986 983 sub
1013 927 1098 983 titulo
1121 922 1398 1010 Iepp'earrrnertan

140 1030 341 1073 aerumnae
364 1010 566 1095 narpiapxin
592 1012 629 1069 de
651 1012 861 1071 catholicorum
885 1011 1092 1071 conaminibus
1123 1011 1160 1070 ah
1185 1014 1220 1071 A.
1244 1012 1397 1070 Pavlov

141 1097 228 1157 dicta
250 1111 325 1163 sunt,
349 1099 473 1157 historia
494 1110 569 1157 teste
592 1100 680 1177 paulo
703 1100 789 1158 aliter
811 1118 844 1157 se
868 1098 988 1163 habent.

252 1186 397 1244 Similiter
418 1199 448 1243 et
470 1186 528 1244 'l'h.
558 1187 686 1254 '1¹itov,
719 1186 790 1265 quid
814 1185 969 1245 orthodoxi
994 1208 1031 1245 ex
1055 1206 1106 1244 sua
1131 1194 1212 1263 parte
1236 1186 1326 1243 unitis
1350 1187 1393 1243 in-

140 1272 267 1331 tulerint
297 1284 326 1329 et
350 1272 421 1351 quid
445 1274 484 1330 sit
506 1277 576 1354 nnio
598 1294 664 1333 eum
689 1274 815 1332 ecclesia
837 1272 991 1337 catholica,
1020 1272 1186 1349 intelligere
1209 1283 1239 1330 et
1262 1271 1395 1330 animad-

141 1371 261 1417 vertere
278 1361 386 1419 omisit.
409 1358 494 1435 Quae
518 1360 541 1417 I.
557 1358 642 1419 And
654 1380 691 1418 re
701 1381 746 1417 er
768 1359 806 1419 de
821 1360 943 1420 loannis
959 1361 1011 1423 Il'.
1024 1356 1205 1422 Ieiunatoris
1227 1357 1394 1417 humilitate

141 1457 177 1503 et
189 1445 373 1504 humanitate
386 1446 497 1513 scribit,
511 1468 571 1505 non
583 1448 615 1506 in
627 1446 763 1505 omnibus
775 1468 840 1505 cum
853 1448 978 1506 historia
992 1446 1150 1526 quadrant,
1171 1446 1204 1503 P.
1219 1444 1395 1504 Beloded

141 1534 179 1590 in
203 1534 298 1610 capite
321 1532 359 1591 de
381 1554 404 1591 s.
427 1533 540 1593 Ioanne
564 1534 717 1615 Chrysost.
741 1534 894 1592 homiliam
926 1534 979 1592 sub
1002 1534 1107 1592 titulo:
1143 1534 1262 1603 ,lterum
1286 1534 1396 1593 insanit

140 1618 294 1679 Irodinda·
325 1621 382 1698 ipsi
417 1620 628 1700 Chrysostomo
650 1618 794 1679 adscribit
822 1622 871 1690 (ct.
895 1620 1122 1691 Bardenhewer,
1142 1616 1347 1696 lPatrologic²
1371 1641 1398 1697 p.

144 1706 224 1763 28i:
247 1706 413 1776 henschen,
437 1706 599 1766 Grundriss
621 1707 673 1765 dcr
688 1708 857 1785 l'atrologie
881 1730 907 1786 p.
923 1711 992 1765 114.
1019 1710 1111 1765 1903.
1124 1705 1290 1783 Freiburg).
1313 1706 1397 1783 Quae

141 1794 176 1853 Ι.’
195 1792 391 1851 Soholov
414 1792 452 1851 de
475 1794 642 1853 hierarchia
664 1794 774 1865 scribit,
797 1795 919 1853 confusa
942 1805 1018 1855 sunt.
1059 1795 1127 1852 Non
1151 1794 1230 1851 enim
1253 1814 1395 1871 negamus

141 1898 262 1937 vocem:
286 1880 470 1951 ‚hierarchia
494 1902 513 1938 a
533 1882 681 1961 Dionysio
704 1884 813 1960 Areop.
837 1880 940 1959 (vulg.)
953 1880 1151 1940 introductam
1174 1898 1247 1951 esse,
1270 1878 1321 1937 sed
1341 1879 1394 1937 hoc

140 1963 185 2025 ad
202 1986 270 2035 rem,
294 1987 369 2043 qnae
382 1970 487 2044 agitur,
511 1989 570 2027 non
582 1968 774 2027 vehementer
796 1970 924 2047 pertinet
947 1968 1011 2040 (cfr.
1022 1968 1076 2027 col.
1091 1967 1173 2043 262).
1198 1965 1266 2042 Quo
1282 1968 1395 2025 ratione

141 2052 226 2110 idem
249 2056 379 2131 scriptor.
403 2074 495 2131 agens
518 2054 555 2112 de
578 2054 956 2135 synodalerosol.(1t572.)
980 2052 1241 2133 contraCyrillum
1257 2054 1393 2112 Lucarim

141 2139 256 2201 habita.
280 2141 367 2199 huius
382 2142 500 2201 concilii
516 2141 643 2201 decretis
657 2139 1164 2224 „aauopuuemm-aaeeunuco-reiii
1179 2153 1392 2223 xapaurep‘s·

141 2225 264 2288 tribuat.
287 2248 347 2285 non
363 2228 451 2286 facile
466 2229 643 2307 intelligitur
659 2230 724 2307 (col.
737 2231 799 2287 442
812 2227 881 2307 sq.);
905 2250 1012 2299 eorum,
1036 2249 1111 2307 quae
1125 2226 1253 2299 Pichler,
1269 2227 1395 2293 Tririer,
1433 2290 1434 2293 Ἴ

141 2314 198 2371 alii
222 2317 401 2392 scripserunt
424 2336 461 2373 ne
484 2319 663 2374 mentionem
687 2314 807 2395 quidem
832 2316 911 2374 iacit.

252 2400 308 2458 llis
332 2410 432 2460 tamen
456 2402 721 2470 nonobstantibus,
745 2405 770 2461 si
787 2402 930 2462 nonnulla
945 2394 1140 2480 excipiantur,
1164 2400 1395 2480 encyolopaedia

140 2486 246 2545 valore
270 2508 303 2545 ac
334 2487 480 2565 dignitate
504 2510 556 2548 sna
586 2511 645 2549 non
668 2489 844 2548 destituitur.
893 2489 1021 2547 Articuli
1045 2490 1132 2557 enirn,
1168 2490 1218 2567 qni
1242 2487 1278 2546 de
1310 2488 1395 2546 rebus

142 2576 266 2632 russicis
287 2576 337 2632 vel
359 2575 502 2635 ecclcsiae
515 2576 862 2655 Constantinopolitanae
875 2588 974 2654 agunt,
998 2586 1027 2634 et
1039 2584 1157 2653 propter
1179 2596 1210 2633 se
1226 2584 1255 2633 et
1279 2588 1396 2655 propter

142 2681 266 2739 opernm
289 2661 371 2721 hisce
395 2661 431 2720 de
454 2666 550 2722 causis
571 2665 762 2723 tractantium
788 2662 989 2722 abundantem
1012 2664 1264 2721 enumerationem
1288 2682 1395 2738 magna

142 2767 212 2805 cum
235 2749 364 2807 utilitate
386 2760 415 2807 et
433 2750 528 2809 fructu
551 2750 610 2827 legi
633 2760 755 2828 possunt
777 2752 908 2829 satisque
932 2749 969 2812 ad
986 2751 1209 2808 instinctionem
1233 2748 1395 2807 conferunt.

142 2834 241 2893 Immo
265 2835 407 2894 nonnulla
429 2840 528 2916 capita
545 2857 653 2912 magna
675 2836 840 2897 eruditione
863 2838 1029 2914 conscripta
1049 2846 1128 2911 sunt3
1153 2834 1233 2893 velut
1256 2836 1395 2895 articulus

143 2919 184 2977 ab
208 2921 271 2999 ipso
295 2920 591 2999 Glubokorskij
617 2926 815 3002 compositus:
845 2924 1011 2983 Concilium
1035 2921 1232 3001 apostolorum
1257 2922 1395 2981 Hieroso·
1434 2954 1439 2964 ·

144 3008 244 3087 lymis.
279 3009 334 3066 col.
356 3012 418 3067 427
443 3031 516 3089 sqq,
550 3010 684 3069 doctrina
714 3010 843 3079 excellit,
878 3010 929 3069 ubi
952 3019 1052 3068 auctor
1082 3009 1192 3067 facturn
1224 3008 1394 3067 historicum

143 3095 263 3153 concilii
288 3098 400 3173 peracti
422 3106 452 3155 et
474 3097 657 3156 decretorum
679 3099 884 3157 anctoritatem
907 3095 1049 3155 defendit.

250 3181 339 3252 Dein,
360 3195 393 3241 ut
407 3186 476 3245 iusti
493 3187 592 3252 simus,
615 3204 673 3243 non
696 3205 798 3243 omnes
820 3184 944 3254 articuli,
968 3185 1018 3261 qui
1041 3182 1078 3241 de
1101 3182 1228 3240 ecclesia
1250 3182 1393 3239 catholica

143 3282 237 3345 agunt
262 3289 328 3327 cum
352 3273 486 3329 veritatis
509 3272 639 3329 laesione
662 3273 820 3350 conscripti
843 3280 919 3329 sunt.
953 3272 998 3329 lta
1022 3272 1058 3327 A.
1081 3269 1272 3345 Vjaaigin
1296 3290 1395 3327 narru-

141 3354 316 3417 tiouemde
339 3357 475 3416 Iohanne
497 3360 617 3437 papissa
639 3360 717 3416 inter
738 3356 853 3416 fabulas
877 3358 988 3433 relegat
1011 3356 1076 3433 (col.
1101 3354 1185 3433 138).

251 3442 388 3521 Denique
421 3445 477 3503 hoc
500 3445 735 3503 animadvertere
770 3466 828 3504 non
862 3446 1036 3503 omittimus:
1069 3450 1225 3520 sequentes
1258 3440 1394 3520 encyelo-

143 3526 269 3605 paediae
292 3543 394 3601 tomos,
430 3531 508 3609 quod
531 3534 600 3590 novi
632 3531 790 3590 reductoris
813 3552 938 3610 persona
967 3532 1133 3609 praesagire
1157 3529 1309 3607 permittit,
1344 3527 1394 3584 do-

142 3617 259 3673 ctrinae
282 3620 443 3694 exigentiis
466 3622 561 3693 magis
584 3618 818 3677 accommodatos
841 3619 911 3676 foro.
1003 3612 1051 3678 M.
1075 3609 1350 3693 Haluieinalcij.

256 3790 304 3846 Ex
327 3791 420 3848 titulis
444 3790 482 3848 ad
498 3790 587 3849 studii
611 3790 713 3849 biblici
736 3793 919 3869 provinciam
943 3788 1158 3869 pertinentibus
1178 3787 1320 3857 nonnulli,
1345 3790 1395 3867 qni

142 3877 316 3951 gravissimi
331 3888 407 3947 sunt,
432 3877 486 3935 hoe
503 3879 652 3937 volumine
668 3879 863 3936 continentur.
887 3878 990 3956 ltaque
1008 3874 1121 3935 iuvabit
1137 3876 1237 3953 aliqua
1253 3876 1395 3951 attigisse.
1445 3946 1457 3959 .

257 3962 407 4022 Vocabulo
430 3966 514 4023 Iesus
537 3965 673 4023 Christus
696 3986 749 4023 sex
772 3964 889 4023 articuli
913 3974 1099 4041 occupantur.
1139 3966 1165 4021 1.
1188 3961 1257 4020 Iesu
1280 3961 1392 4019 Christi

143 4068 219 4125 opus
250 4061 279 4106 et
301 4050 435 4111 Persona
458 4052 542 4109 iurta
574 4052 727 4110 historiam
750 4052 955 4128 evangelicam
1003 4054 1030 4108 2.
1054 4050 1076 4107 Ι.
1101 4049 1170 4107 Chr.
1204 4069 1262 4126 qua
1296 4060 1394 4127 pastor

143 4136 173 4196 3,
197 4136 222 4191 1.
247 4136 316 4194 Chr.
339 4138 492 4215 exemplar
515 4139 689 4196 moralitatis
719 4142 748 4197 4.
771 4139 906 4196 Externa
929 4137 952 4197 I.
976 4138 1045 4196 Chr.
1069 4138 1191 4214 speeies.
1227 4138 1253 4192 5.
1280 4136 1303 4194 I.
1328 4136 1397 4193 Chr.

142 4223 176 4279 in
200 4226 400 4282 monumentis
423 4225 668 4303 iconographicis.
692 4226 719 4283 6.
743 4224 849 4285 Cordis
873 4226 895 4286 I.
919 4225 1014 4283 cnltns
1037 4231 1067 4281 et
1089 4223 1269 4281 sodalitates.

255 4309 545 4382 '1‘.Burkevie‚
583 4314 632 4389 qui
669 4320 722 4372 art.
758 4313 884 4390 primurn
918 4312 1117 4379 concinnavit,
1152 4310 1323 4387 praesertim
1361 4306 1397 4365 de

143 4396 167 4455 Ι.
192 4394 263 4453 Chr.
287 4396 446 4456 divinitate
468 4398 646 4477 exponenda
667 4398 810 4457 sollicitus
833 4408 904 4456 erat.
939 4398 1068 4455 Litteras
1092 4398 1249 4455 llussorum
1274 4394 1398 4453 christo-

142 4482 258 4558 logicas
280 4483 383 4543 sedulo
407 4487 552 4544 recensuit
575 4497 605 4543 et
627 4496 777 4563 tamqnam
806 4486 918 4543 fontem
941 4483 1134 4563 principalem
1158 4480 1329 4540 adhibuisse
1353 4484 1397 4538 vi-

143 4567 239 4629 detur.
275 4570 550 4650 Hypercriticornm
585 4593 675 4651 opera
710 4572 932 4630 rationalisticis
967 4570 1072 4629 studiis
1095 4569 1249 4644 indulgere
1274 4570 1397 4639 notarit,

143 4655 366 4732 catholicorum
384 4669 485 4717 tamen
508 4661 705 4717 Romanorum
729 4661 878 4737 copiosam
901 4658 1096 4716 litteraturam
1121 4677 1179 4715 non
1195 4676 1253 4733 qna
1269 4674 1394 4732 aequum

143 4753 209 4801 erut
223 4745 435 4804 numerositate
458 4749 491 4804 in
502 4745 643 4805 tabellam
666 4744 1111 4825 bibliographicamassnmpsit,
1135 4762 1311 4821 quamquam
1336 4762 1395 4798 non
