3450 5342
246 606 582 766 Slooororo
639 605 870 764 litterae
924 604 1326 803 theologicae.

404 824 779 962 (Boospectus
820 826 1158 962 periodicas.

160 1100 213 1155 Dr.
231 1101 315 1159 Jos.
333 1098 543 1171 Tumpacla
570 1098 622 1153 Dr.
643 1014 943 1157 puppqprpppppm
972 1098 1048 1157 Ad.
1069 1088 1258 1171 sparosn,
1285 1100 1409 1167 ngas.

262 1186 299 1244 J.
318 1186 465 1252 Urbun‚
484 1188 648 1243 crawvim.
874 1188 923 1241 Dr.
942 1186 1035 1245 Luc.
1053 1184 1076 1243 J
1080 1184 1168 1251 elic,
1186 1187 1303 1242 Jadrae.

159 1302 1409 1431 ffi-ffi·

638 1566 930 1649 BOHEMICA.

264 1722 358 1809 qu.
382 1722 616 1803 Kaoorooec,
642 1724 791 1794 noratlra
813 1722 1013 1793 titosottctra
1036 1730 1072 1807 tt·
1089 1729 1139 1799 45,
1162 1725 1242 1804 poso
1266 1724 1407 1784 Dediccvt

159 1836 203 1873 ev.
222 1814 361 1893 Prokopa
383 1836 402 1871 v
424 1816 518 1875 Praze
541 1834 577 1873 za
599 1814 653 1873 rok
678 1812 783 1896 taos).
806 1848 849 1858 ——
872 1810 1097 1895 (Pbllowpblfl
1120 1808 1268 1891 mohalla,
1291 1822 1408 1871 anctore

158 1896 254 1983 qu.
277 1894 511 1976 Kadefdvelt,
536 1902 594 1961 Th.
617 1902 679 1968 Dr„
701 1902 774 1980 prof.
796 1902 886 1961 theol.
909 1902 965 1959 lac.
988 1899 1055 1961 boh.
1079 1899 1155 1975 em).
1184 1900 1308 1977 Progne,
1331 1918 1409 1957 sum·

159 1987 259 2067 piibns
275 1987 478 2054 „Hereditatis
489 2010 512 2047 s.
524 1988 692 2067 Procopii“.
707 2024 745 2031 —
763 1989 861 2069 'l'ypis
873 2000 988 2068 typogr.
1001 1986 1222 2067 Cyrillo-Meth.
1234 1986 1270 2045 V.
1283 1984 1408 2045 Kotrba

160 2070 207 2135 8⁰.
230 2075 339 2133 1.-11.
361 2096 390 2152 p.
411 2096 498 2153 pagg.
522 2077 593 2137 367.
616 2110 659 2119 -
682 2077 758 2134 Cum
781 2077 875 2154 Appr.
898 2074 970 2135 (lrd.
995 2108 1033 2118 -
1057 2074 1189 2133 Pretium
1214 2076 1232 2131 6
1257 2074 1323 2131 Cor.

270 2162 439 2221 Praemissa
468 2162 756 2221 definitione
787 2162 1017 2241 „Philosophiae
1048 2160 1197 2231 moralis“,
1221 2170 1304 2238 pront
1328 2178 1406 2217 cocu·

161 2250 291 2307 maniter
317 2247 451 2321 traditur,
486 2260 584 2321 „recta
609 2252 689 2307 vitae
716 2249 863 2308 humanae
892 2250 1037 2309 institutio
1060 2268 1076 2306 e
1098 2248 1253 2326 principiis
1283 2247 1406 2305 rationis

160 2335 327 2404 derivata‘,
356 2368 400 2378 —
427 2334 601 2393 dividit
628 2346 730 2395 auctor
758 2346 850 2395 totam
874 2337 1089 2395 institutionem
1113 2336 1143 2392 in
1169 2332 1187 2391 d
1203 2354 1221 2392 n
1238 2354 1256 2392 a
1271 2354 1285 2393 s
1307 2341 1406 2411 partes

159 2422 361 2501 principales:

269 2508 293 2567 Ι.
316 2507 598 2581 Generalem‚
620 2530 672 2569 seu
695 2508 732 2568 de
754 2511 909 2587 principiis
932 2528 1044 2567 morum
1067 2510 1098 2567 in
1121 2525 1292 2585 genero,
1315 2524 1403 2585 qoam

159 2594 288 2653 subdi
304 2594 424 2653 vidit
454 2598 538 2655 iuxta
559 2614 711 2655 causarum
734 2599 847 2675 species
869 2598 902 2655 in
926 2598 945 2655 5
968 2596 1083 2675 capito:
1117 2598 1143 2653 1.
1168 2592 1205 2653 (le
1228 2592 1331 2651 ultimo
1354 2592 1406 2650 ho·

160 2683 251 2739 minis
280 2682 339 2740 fine
372 2682 472 2758 (musa
501 2681 621 2761 linaiis),
645 2686 672 2741 2.
695 2683 733 2743 de
756 2682 921 2743 actionibus
944 2680 1045 2741 liberis
1068 2682 1197 2741 bominis
1220 2675 1321 2759 (cansa
1343 2698 1405 2737 ma·

160 2766 296 2849 terialis)‚
320 2770 348 2825 3.
370 2768 408 2827 de
430 2769 585 2829 honestate
608 2790 659 2829 seu
682 2771 848 2830 moralitate
868 2771 993 2829 actionis
1017 2768 1117 2845 (causa
1140 2766 1292 2843 formalis),
1316 2768 1345 2823 4.
1368 2764 1405 2823 de

163 2854 230 2932 lege
253 2856 354 2931 (caneo
375 2854 575 2935 exemplaris),
599 2860 626 2915 5.
649 2856 686 2915 de
710 2856 860 2916 habitibus
884 2866 913 2915 et
936 2854 1102 2927 virtutibus,
1126 2856 1176 2933 qui
1199 2862 1267 2913 sunt
1286 2852 1406 2911 effectus

161 2942 310 3001 actionum
348 2942 537 3001 honestarum
578 2954 607 3001 et
647 2944 893 3023 complementum
929 2962 1035 3001 causae
1058 2942 1223 3013 efficientis,
1246 2939 1408 2999 voluntatis

159 3027 273 3086 liberae
295 3030 356 3107 (pp.
381 3027 530 3112 6-132).

272 3115 313 3173 ll.
337 3116 511 3194 specialem,
534 3138 586 3175 seu
608 3116 645 3175 de
669 3116 954 3195 specialibus
977 3116 1082 3175 ostiolis
1101 3114 1230 3173 hominis
1245 3133 1310 3171 cum
1325 3112 1408 3169 hisee

161 3200 426 3262 subdivisionibus:
459 3208 484 3262 1.
507 3204 614 3275 officia,
637 3224 712 3282 qnae
734 3213 803 3263 sont
825 3202 982 3263 cuiuslibet
1004 3203 1133 3261 hominis
1156 3202 1274 3280 propria
1296 3220 1342 3257 ex
1364 3219 1407 3256 eo

161 3286 309 3356 solum,
332 3288 410 3369 quod
432 3290 552 3348 homo
574 3300 619 3349 est
641 3302 752 3350 etcum
774 3290 1009 3349 aliisconstitnit
1032 3290 1203 3348 societatem
1226 3287 1407 3363 generis

161 3374 347 3446 humani,
381 3378 463 3435 cuius
486 3397 637 3456 supremus
670 3388 700 3437 et
722 3376 910 3437 immediatus
938 3388 1032 3436 rector
1062 3410 1101 3419 --
1127 3376 1208 3433 Ileus
1230 3384 1274 3431 est
1309 3372 1407 3450 (pagg.

165 3459 357 3539 tao-193).
383 3466 410 3521 2.
427 3463 464 3521 de
485 3464 592 3523 officiis
615 3484 690 3543 quae
712 3464 751 3524 ad
769 3466 939 3523 societatem
963 3462 1251 3523 domesticam
1274 3466 1408 3537 spectant
1447 3468 1460 3484 ·

164 3565 223 3627 cpp.
248 3548 441 3628 tta-232).
464 3551 492 3609 3.
517 3548 554 3609 de
577 3552 690 3623 officiis,
714 3572 788 3630 quae
812 3550 850 3609 ad
874 3554 1044 3610 societatem
1068 3547 1251 3607 civilem
1274 3551 1409 3625 spectant

164 3633 224 3714 (pp.
248 3637 441 3715 ute-304).
483 3642 511 3696 4.
534 3638 582 3697 De
603 3639 710 3697 officiis
732 3640 810 3698 inter
831 3637 966 3697 diversas
989 3638 1144 3696 societates
1167 3632 1334 3691 civiles
1358 3628 1408 3711 (de

162 3724 226 3781 iure
248 3720 393 3804 gentium)
416 3724 477 3805 (pp.
501 3724 693 3802 eos-321).
734 3726 845 3803 Logioe
868 3727 951 3804 sequi
975 3724 1048 3783 haec
1071 3722 1191 3781 deberet
1213 3738 1281 3800 pars
1304 3718 1409 3796 quinta

164 3808 201 3867 de
224 3809 453 3870 relatione
476 3813 552 3869 inter
574 3816 730 3871 societates
752 3812 900 3871 civiles
922 3822 952 3869 et
974 3813 1144 3870 societatem
1168 3807 1408 3884 religiosam

164 3892 364 3977 (Ecclesiam),
387 3917 475 3975 quam
490 3907 603 3977 partem
620 3909 720 3958 auctor
741 3920 842 3979 presse
856 3909 956 3958 terens
978 3900 1106 3975 vestigia
1123 3896 1158 3953 V.
1173 3894 1317 3953 Cathrein
1336 3892 1365 3952 S.
1377 3890 1408 3950 J.

163 3980 467 4063 thloralphilosophie
500 3984 653 4065 Freiburg,
680 3986 810 4063 Herder)
833 3984 1005 4045 subordinat
1028 3982 1082 4043 sub
1105 3992 1188 4061 parte
1210 3982 1299 4039 tertia
1321 3998 1409 4058 supra

163 4072 317 4130 recensito.
341 4105 379 4113 —

273 4156 357 4217 Haec
380 4157 488 4219 divisio
522 4179 616 4239 aeque
641 4159 863 4219 commendatur
896 4160 958 4217 rei
994 4167 1151 4216 natura
1185 4166 1315 4231 atque
1349 4171 1410 4210 au·

163 4245 395 4303 ctoritate.
439 4246 494 4305 liei
518 4256 623 4305 notura
644 4248 777 4305 imitatur
798 4245 1021 4325 metaphysicae
1043 4242 1221 4302 divisionem
1245 4238 1408 4298 naturalem

164 4331 195 4387 in
215 4341 330 4409 partem
360 4332 614 4409 generalem
637 4333 675 4392 de
697 4348 798 4392 ente
827 4334 871 4390 in
899 4327 1184 4410 genere‚‘quam
1208 4328 1320 4405 excipit
1341 4344 1409 4403 pars

163 4419 396 4495 specialis,
430 4418 468 4477 de
489 4418 607 4479 entibus
637 4421 885 4479 concretis:
918 4418 956 4477 de
983 4419 1111 4489 homine,
1145 4412 1254 4474 mondo
1283 4411 1410 4471 etDeo.

164 4505 193 4561 Α
215 4507 279 4582 pari
302 4505 381 4563 facta
403 4517 447 4565 est
469 4504 578 4572 divisio
599 4507 812 4587 Philosophiae
835 4506 963 4566 moralis.
987 4540 1026 4549 -
1051 4504 1236 4563 Auctoritate
1258 4500 1318 4558 iam
1341 4498 1410 4557 Ari-

164 4590 276 4650 stotelis
298 4588 434 4673 (Ethica)
466 4594 541 4653 haec
564 4592 672 4653 divisio
705 4592 935 4663 commendatur,
969 4612 1034 4651 cum
1065 4610 1124 4649 non
1148 4588 1280 4658 multum,
1314 4582 1409 4665 quoad

164 4696 233 4747 rem,
244 4676 362 4736 differat
373 4698 391 4736 a
402 4678 548 4739 divisione
558 4680 771 4760 Philosophiae
783 4681 902 4741 moralis
915 4681 946 4738 in
958 4678 1150 4738 monasticam
1162 4670 1411 4748 (individualem),

163 4767 380 4823 oeconomicam
403 4777 434 4824 et
454 4768 615 4846 politicam.

218 4896 277 4938 suo.
291 4897 416 4942 littoreo.
1237 4878 1254 4931 6
