3450 5342
883 382 1074 437 -112-

350 580 456 630 tantae
479 591 587 649 operae
617 582 680 628 erat
703 591 740 629 ex
764 568 868 629 Fonelr
892 568 998 641 indice,
1032 569 1069 629 ad
1093 589 1181 648 quem
1204 571 1335 641 remittit,
1368 569 1476 627 saltem
1503 567 1613 646 princi·

351 659 468 738 paliora
491 657 643 717 adnotare.
679 658 788 715 Nescio
810 677 849 715 an
873 655 989 715 uberior
1012 656 1195 736 aliquantulo
1218 656 1358 715 articulus
1380 676 1446 715 esse
1471 656 1612 733 potuerit,

351 747 527 825 praesertim
561 766 604 816 eo,
642 744 720 823 qued
758 745 867 821 integri
912 744 949 801 N.
993 745 1029 802 Τ.
1074 743 1238 803 doctrinam
1284 752 1386 802 auctor
1431 741 1613 819 diligentius

350 834 539 891 excoluisset.

459 918 595 977 Articulo
618 916 747 975 secundo
770 916 805 977 V.
836 916 1032 976 Sokol¹sk
1045 918 1077 993 ij
1110 936 1214 975 munus
1248 917 1395 995 pastorale
1429 914 1553 974 Christi
1587 924 1615 971 et

354 1005 496 1065 eeclesiae
519 1004 665 1063 divinitus
685 1024 738 1081 per
761 1004 903 1083 Spiritum
927 1004 956 1065 S.
979 1006 1145 1063 institutum
1169 1006 1351 1081 argumentis
1373 1024 1389 1061 e
1413 1023 1435 1061 s.
1456 1002 1615 1079 Scriptura

355 1096 411 1151 rite
435 1091 586 1151 intellecta
619 1100 722 1149 contra
754 1100 951 1169 protestantes
986 1093 1149 1168 generatim
1184 1102 1273 1169 atque
1307 1093 1338 1149 in
1372 1090 1472 1168 speeie
1510 1099 1616 1147 conns

355 1180 448 1238 Vinet
470 1188 516 1237 sat
539 1178 665 1237 feliciter
681 1176 871 1236 demonstrat.
889 1180 1033 1257 vSequitur
1046 1178 1218 1237 Nectarium
1234 1176 1404 1256 Kephalam
1419 1177 1615 1255 potissimum

353 1288 369 1326 e
392 1266 525 1336 Graecis,
540 1286 565 1333 ¹e
583 1264 701 1323 Latinis
723 1265 865 1345 Aertuys.
1207 1262 1211 1271 '

465 1370 547 1427 Parti
592 1370 698 1426 tertiae
742 1364 792 1447 (A.
815 1363 1028 1449 Brouzos)
1074 1370 1238 1427 accuratior
1271 1366 1308 1425 de
1343 1370 1387 1426 sui
1425 1367 1616 1425 conscientia

356 1458 425 1521 Iesu
449 1456 595 1534 expositio
610 1464 640 1513 et
662 1452 887 1513 fundamentum
900 1454 1023 1515 solidius
1045 1468 1075 1515 et
1090 1458 1185 1533 magis
1208 1453 1369 1513 dilucidam
1381 1453 1614 1533 dispositionem

356 1546 458 1603 forsan
478 1540 620 1621 praebere
642 1543 779 1620 potuerit.
823 1540 962 1601 Ceterum
985 1544 1049 1601 usui
1072 1545 1210 1622 practico,
1233 1544 1280 1601 cui
1302 1540 1487 1600 bibliotheca
1509 1539 1613 1598 multis

359 1630 508 1689 destinata
530 1630 675 1713 inservire
697 1627 769 1699 vult,
792 1627 881 1687 valde
902 1629 988 1687 utilia
1010 1640 1104 1689 eruut.

464 1743 638 1822 Complures
664 1743 748 1822 ,typi
770 1740 944 1821 byzantini“
970 1744 1131 1801 varietates
1154 1741 1335 1821 imaginibus
1357 1740 1469 1800 additis
1490 1737 1617 1798 exhibet

355 1841 408 1891 art.
431 1832 560 1910 quintus,
583 1830 633 1909 qui
657 1838 793 1907 quartum
816 1831 902 1907 quasi
924 1830 1060 1908 complet.
1081 1830 1182 1889 Pauca
1197 1828 1342 1909 quaedam
1366 1849 1404 1887 ex
1427 1824 1616 1886 catacumbis

354 1939 470 1999 quoque
503 1916 640 1975 adhibita
661 1926 738 1974 snut.
782 1914 918 1975 Indicnlo
952 1917 1135 1976 litteraturae
1168 1917 1272 1976 saltem
1309 1917 1431 1974 nomina
1453 1912 1492 1971 de
1514 1914 1615 1983 Rossi,

355 2006 492 2076 Garucci,
517 2003 645 2081 Wilpert
667 2001 803 2061 exhiberi
825 2002 987 2081 oportebat

466 2107 551 2182 Quae
588 2106 626 2165 de
659 2107 739 2165 cultu
777 2108 968 2167 sacratissimi
1000 2107 1105 2167 Cordis
1142 2109 1210 2169 Iesu
1249 2127 1266 2165 a
1299 2107 1334 2165 P.
1365 2107 1475 2186 Tyti
1489 2108 1533 2165 ni
1550 2126 1571 2163 n
1601 2124 1616 2159 e

356 2194 599 2270 Bacch-Herzog
620 2188 700 2254 V11³
724 2195 895 2253 tlt-782
929 2196 1108 2273 transcripta
1136 2204 1205 2255 sunt
1239 2192 1341 2251 addito
1358 2200 1475 2252 tantum
1506 2210 1616 2250 manco

357 2284 531 2359 scriptorum
554 2279 767 2339 catholicorum
789 2281 922 2351 elencho,
960 2282 1096 2361 exemplo
1130 2302 1194 2341 esse
1228 2288 1359 2359 possunt,
1393 2278 1544 2359 quomodo
1580 2276 1616 2335 ele

357 2366 444 2427 rebus
466 2366 620 2425 catholicis
642 2366 731 2426 scribi
762 2388 822 2427 nou
853 2378 993 2447 oporteat.
1027 2369 1097 2428 Non
1120 2368 1255 2427 derivata
1277 2365 1404 2439 turbida,
1439 2365 1493 2424 sed
1516 2365 1616 2425 fontes

357 2456 480 2533 genuini
503 2456 700 2513 iustrumenta
721 2468 790 2513 sunt
812 2458 899 2532 aequi
923 2456 1093 2534 scriptoris!
1128 2456 1218 2515 Non
1249 2454 1321 2514 suf
1330 2451 1345 2510 f
1352 2456 1438 2513 icit
1468 2452 1616 2511 cathe-

357 2538 1614 2621 licos(Nilles)allegasse,sedlegendisunt.1mmeritoquoque

356 2629 393 2687 'lt
415 2628 590 2687 relationem
614 2627 753 2687 aveboda
774 2649 840 2687 cum
862 2628 963 2687 Ruffer
986 2649 1100 2689 necnon
1117 2630 1241 2688 Romam
1257 2638 1287 2687 et
1299 2628 1426 2688 Iesnitas
1444 2627 1613 2685 committit

468 2740 625 2800 Catholica
662 2750 738 2812 snut,
783 2761 858 2821 quae
897 2742 934 2799 D.
971 2740 1145 2819 Rogana
1161 2742 1290 2801 evski
1298 2744 1311 2817 j
1352 2739 1390 2799 ad
1437 2738 1614 2798 vocabulum

312 2849 324 2885 .·
363 2830 410 2900 ,S.
435 2828 561 2887 loannes
584 2827 761 2905 Apostolus“
798 2829 922 2906 scripsit,
946 2830 1082 2906 quamvis
1106 2838 1135 2887 et
1169 2829 1218 2887 hic
1253 2829 1408 2905 ignoratio,
1443 2847 1503 2886 uon
1539 2824 1612 2883 adeo

358 2916 536 2991 ignorantia,
569 2934 689 2991 operum
720 2914 931 2974 catholicorum
962 2914 1072 2977 redeat.
1105 2915 1142 2977 Iu
1165 2918 1263 2994 specie
1287 2934 1437 2974 sermones
1461 2934 1478 2972 a
1501 2913 1614 2973 Ioanne

359 3001 466 3059 relatos
489 3002 633 3078 genuinos
666 3021 731 3059 esse
754 3002 876 3060 Domini
904 3022 1053 3061 sermones
1087 3002 1229 3063 vindicat.
1266 3001 1464 3079 Quaestiones
1499 3012 1614 3059 coutro-

359 3108 461 3146 versas
499 3085 577 3165 quod
614 3089 740 3145 attinet:
777 3090 872 3147 vitam
909 3089 977 3149 Iesu
1014 3088 1162 3167 publicam
1193 3088 1286 3149 tribus
1318 3098 1433 3147 tantum
1455 3086 1614 3145 Paschatis

360 3172 581 3245 circumscribit,
619 3173 698 3231 diem
721 3174 842 3233 ultimae
866 3194 974 3233 coenae
997 3175 1127 3235 diffinire
1151 3176 1270 3255 quidem
1293 3196 1354 3236 non
1376 3174 1448 3245 vult,
1483 3172 1616 3251 adstipu-

360 3263 437 3321 latur
460 3271 558 3319 antem
581 3263 746 3321 sententiae
769 3282 878 3339 agnum
901 3262 1069 3341 paschalem
1093 3262 1131 3321 ab
1155 3262 1290 3322 omnibus
1305 3264 1343 3321 13
1357 3262 1453 3320 Nisan
1466 3260 1555 3337 (feria
1569 3254 1615 3338 V.)

360 3358 520 3407 mactatum
543 3360 572 3406 et
595 3368 613 3405 a
634 3348 765 3406 Domino
786 3358 816 3406 et
835 3347 954 3407 ludaeis
976 3369 1092 3427 quoque
1115 3370 1167 3428 pro
1190 3348 1284 3408 lubitu
1307 3348 1517 3408 manducatum
1539 3367 1616 3419 essm,

365 3432 604 3514 ,presbyterum
646 3435 789 3494 loannem
822 3434 860 3493 ab
894 3437 1038 3513 Apostolo
1076 3435 1226 3495 diversum
1260 3446 1338 3494 recte
1372 3434 1480 3514 (potnit
1515 3444 1616 3492 tamen

361 3523 484 3580 fortasse
507 3521 649 3579 consultis
672 3520 828 3580 catholicis
861 3520 1023 3600 efficacius)
1057 3525 1150 3581 reicit.
1183 3524 1283 3581 Minus
1317 3532 1396 3581 recte
1431 3542 1458 3599 p.
1482 3522 1546 3580 832
1582 3519 1617 3577 de

362 3610 524 3687 synopticis
547 3628 565 3665 a
586 3608 699 3667 Ioanne
722 3608 888 3667 emendatis
911 3608 1054 3668 discussio
1077 3608 1235 3682 inducitur,
1259 3611 1329 3688 qnia
1352 3611 1513 3688 inspiratus
1542 3606 1617 3666 liber

360 3693 637 3752 determinationem
671 3693 791 3772 quidem
822 3695 961 3767 admittit,
995 3716 1054 3753 non
1088 3707 1186 3755 autem
1217 3695 1454 3755 emendationem
1487 3695 1618 3777 (nucupa-

362 3776 486 3858 arenie‚
507 3779 699 3862 noupasrra).
1342 3765 1346 3795 ¹

303 3868 307 3875 ’
472 3865 521 3922 Ex
543 3867 580 3923 N.
602 3867 638 3924 Τ.
660 3868 758 3944 placet
774 3868 896 3929 fortasse
913 3871 1091 3929 sententiam
1114 3871 1163 3933 Al.
1187 3870 1373 3930 Lebedev
1401 3868 1455 3943 „de
1479 3866 1617 3926 fratribus

362 3951 503 4009 Domiui⁸
530 3955 656 4012 novisse.
690 3954 726 4015 L.
747 3964 832 4034 putat
864 3978 886 4017 s.
909 3957 1051 4017 Ioannem
1087 3958 1143 4017 hac
1165 3978 1281 4037 quoqne
1316 3960 1347 4017 in
1381 3977 1412 4015 re
1446 3958 1616 4035 synopticos

363 4038 498 4115 supplere
520 4048 549 4096 et
572 4040 722 4118 Cleophae
744 4062 867 4101 uxorem
889 4063 1004 4114 vocare,
1034 4066 1109 4123 quae
1132 4044 1209 4123 apud
1244 4046 1414 4124 synopticos
1447 4054 1543 4102 mater
1574 4052 1616 4101 est

363 4124 485 4182 fratrum
499 4125 628 4184 Domini.
652 4127 760 4186 Cetera
775 4131 847 4188 satis
865 4129 1025 4209 probantur
1037 4132 1169 4191 audienti
1193 4130 1245 4190 sed
1268 4129 1369 4189 danus
1385 4140 1485 4188 manet
1501 4144 1617 4189 senten·

363 4212 422 4268 tiae
446 4211 607 4271 membrum
629 4214 757 4273 Mariam
780 4214 930 4295 Cleophae
953 4220 1054 4276 vocari
1084 4219 1117 4281 B.
1141 4219 1275 4296 Virginis
1310 4220 1474 4291 florerem*
1501 4226 1617 4296 propter

365 4299 614 4375 propinquitatem
636 4320 702 4358 cum
725 4302 772 4359 Ea
795 4322 832 4359 ex
854 4312 938 4381 parte
960 4306 1017 4363 viri
1042 4302 1159 4388 (specu,
1189 4324 1332 4388 poncuno
1361 4324 1438 4367 caoe
1468 4322 1513 4365 cu,
1543 4300 1617 4363 Han

363 4402 405 4444 110
428 4402 552 4470 caoeny
574 4386 698 4472 srytscy).
744 4387 882 4448 Ceterum
920 4390 955 4452 L.
984 4402 1084 4450 mouet
1121 4393 1262 4451 maiorem
1296 4391 1499 4469 theologorum
1534 4390 1619 4448 russi-

365 4491 463 4529 corum
486 4481 600 4549 partem
623 4492 641 4530 a
663 4484 747 4551 parte
770 4494 823 4533 sna
845 4496 904 4534 non
928 4487 1013 4550 stare,
1037 4476 1088 4536 sed
1111 4479 1286 4537 varietatem
1305 4480 1519 4537 sententiarum
1539 4479 1618 4535 iuve-

364 4559 431 4629 uiri,
475 4568 505 4617 et
549 4558 687 4617 Helvidii
731 4580 846 4639 quoqne
892 4566 1068 4622 sententiam
1106 4586 1166 4623 non
1203 4564 1322 4642 quidem
1361 4567 1534 4643 scriptorem
1569 4558 1615 4620 sed

365 4644 643 4722 Vereidagin
667 4647 809 4723 pictorem
832 4656 987 4726 patronum
1012 4650 1128 4709 habere.
