3450 5342
689 410 881 462 ——ltil-

162 595 373 671 aptissimo
411 605 448 652 et
482 604 621 672 postea
655 594 904 656 definitione
938 599 1106 656 concilii
1138 602 1244 657 sexti
1276 621 1407 660 conse-

159 689 279 750 crato,
308 679 467 740 duarum
490 701 535 743 sc.
559 683 817 742 voluntatum
840 694 871 741 et
893 683 1055 744 duarum
1078 689 1293 764 operationum
1318 707 1407 765 quam

160 766 316 826 verborum
332 766 541 827 obscuritatem
557 768 828 829 orthodoxiae
844 791 933 830 reru
943 791 972 830 m
988 773 1206 832 enuntiatarum
1219 795 1278 832 non
1290 775 1408 833 officere

160 874 197 911 ex
220 875 255 912 eo
277 864 367 933 patet,
400 853 479 934 qnod
501 856 599 914 aliis
623 855 723 915 verbis
747 857 899 917 Christum
923 857 1032 918 habere
1055 857 1152 918 duas
1176 860 1316 940 physicas
1340 881 1407 939 ope-

161 943 291 1000 rationes
314 940 446 1019 duasque
467 943 635 1002 voluntates
659 943 777 1005 dixit.

264 1028 354 1086 Nam:
381 1029 436 1101 ,In
451 1038 537 1087 sexta
551 1033 741 1089 oecumenica
752 1030 875 1110 synodo,
895 1033 992 1110 inquit
1009 1031 1056 1090 De
1069 1028 1191 1111 confi),
1216 1029 1407 1110 recitatur⁴⁸)

159 1125 310 1193 tamquam
344 1118 572 1194 peremptorium
605 1126 708 1175 contra
729 1117 992 1176 Monothelitarnm
1027 1119 1173 1177 haeresim
1207 1118 1279 1178 illud
1310 1122 1406 1178 sancti

161 1202 272 1260 Leonis
284 1203 325 1260 Μ.
351 1204 553 1262 testimonium
568 1224 605 1262 ex
622 1204 733 1263 calabri
748 1204 918 1282 dogmatica
933 1206 1060 1283 epistula
1077 1207 1137 1264 28²
1153 1205 1190 1264 ad
1214 1206 1407 1265 flavianum:

160 1291 243 1366 ‚Agit
265 1291 345 1347 enim
368 1298 492 1368 utraque
515 1290 610 1349 forma
632 1312 697 1350 cnm
721 1291 842 1351 alterius
857 1295 1062 1352 communione
1086 1291 1163 1370 qnod
1186 1295 1336 1372 proprium
1354 1303 1407 1366 est,

160 1374 257 1434 Verbo
279 1376 393 1434 scilicet
426 1387 565 1455 operante
588 1378 666 1456 quod
691 1378 782 1438 Verbi
804 1391 857 1451 est,
891 1397 979 1438 carne
1001 1389 1100 1438 antem
1121 1389 1303 1458 exsequente
1326 1379 1405 1458 quod

159 1465 256 1522 carnis
279 1469 340 1521 est‘.
375 1463 410 1522 Ιιι
433 1482 508 1542 qnae
531 1474 670 1523 notarunt
691 1466 870 1544 apostolicae
903 1464 983 1524 sedis
1004 1467 1108 1544 legati:
1135 1467 1229 1539 ,hicce
1252 1466 1404 1544 benignis-

159 1553 235 1608 sime
266 1551 403 1622 Domine,
438 1551 654 1610 manifeste
687 1552 761 1612 duas
794 1553 944 1612 naturales
978 1555 1164 1632 operationes
1198 1554 1351 1612 inconfuse
1374 1562 1404 1612 et

159 1635 288 1696 indivise
312 1640 342 1695 in
365 1637 494 1697 Domino
517 1639 625 1704 Nostro
647 1640 716 1700 Iesu
739 1640 858 1699 Christo
880 1659 1020 1718 praesens
1036 1643 1238 1700 sanctissimus
1255 1639 1407 1720 praedicat

158 1729 259 1802 pater!
300 1725 332 1782 Si
361 1745 396 1782 ea
417 1725 528 1784 Leonis
558 1726 651 1784 verba
686 1726 843 1794 manifeste
872 1725 1028 1786 adstruunt
1057 1727 1131 1786 duas
1161 1730 1345 1806 operationes
1376 1736 1406 1786 et

159 1812 326 1870 voluntates
348 1814 380 1869 in
401 1813 528 1883 Christo,
552 1833 650 1872 nonne
674 1813 839 1886 manifeste,
861 1815 952 1872 immo
969 1815 1154 1873 manifestior
1177 1834 1227 1874 eas
1250 1814 1406 1876 adstruunt

162 1898 287 1957 Honorii
321 1898 413 1957 verba
436 1901 466 1957 in
489 1898 620 1958 secunda
654 1899 692 1958 ad
716 1903 851 1978 Sergium
876 1901 1013 1979 epistola:
1048 1900 1207 1977 ,Quantum
1236 1901 1274 1960 ad
1297 1901 1406 1980 dogma

159 1985 390 2044 ecclesiasticum
413 1988 549 2064 pertinet,
584 1996 775 2067 utrasque
797 1998 961 2046 naturas
994 1991 1034 2046 in
1057 2007 1129 2046 uno
1153 1987 1317 2047 Christo
1340 1989 1404 2046 uni-

159 2083 220 2131 tate
243 2073 371 2132 naturali
395 2074 546 2152 copulatas
569 2095 649 2132 cum
671 2075 844 2133 alterins
878 2077 1154 2134 commuuione
1189 2083 1404 2154 operantes

160 2170 279 2238 atque
313 2164 566 2238 operatrices
599 2162 793 2221 confiteri
826 2159 1018 2232 debemus,
1054 2175 1092 2220 et
1115 2161 1292 2220 divinam
1326 2163 1405 2240 qni-

159 2245 238 2304 dem
277 2268 375 2326 quae
412 2247 484 2306 Dei
522 2259 610 2307 sunt
646 2257 950 2328 exsequentem,
988 2259 1024 2307 et
1062 2249 1266 2307 humanam
1304 2269 1404 2327 quac

160 2336 293 2392 carnis
324 2347 414 2394 sunt
436 2346 730 2412 exsequentem,
752 2356 812 2395 non
834 2334 940 2407 divise,
963 2355 1017 2394 nec
1040 2336 1160 2396 confuse
1183 2345 1234 2395 aut
1256 2337 1403 2396 converti-

158 2420 259 2479 biliter
280 2421 339 2480 Dei
361 2431 496 2481 naturam
519 2425 551 2480 in
574 2423 733 2496 hominem,
755 2434 786 2482 et
808 2443 863 2482 nec
879 2423 1038 2482 humanam
1063 2425 1094 2482 in
1109 2423 1207 2482 Deum
1230 2443 1403 2482 conversam

159 2506 331 2566 edocentes!
366 2509 407 2566 Et
428 2519 495 2588 post
517 2530 611 2588 pauca
633 2509 774 2570 affirmat:
804 2509 900 2568 duas
924 2519 1088 2568 naturas
1111 2509 1149 2568 id
1172 2518 1233 2568 est
1256 2509 1406 2568 divini-

157 2598 256 2653 tatis
278 2605 314 2653 et
337 2598 470 2655 carnis
493 2607 719 2675 assumptae
742 2599 779 2655 in
803 2617 877 2655 una
900 2595 1308 2674 personaUnigcniti
1330 2597 1405 2654 Dei

157 2682 291 2740 Patris
314 2683 532 2753 inconfuse,
556 2683 738 2743 indivise
773 2693 807 2742 et
829 2682 1214 2742 inconvertibiliter
1240 2685 1406 2762 propria

159 2770 345 2846 operari.“

266 2855 393 2932 Quibus*
415 2856 514 2915 verbis
548 2857 771 2916 evidentissime
803 2859 981 2930 enuntiatur,
1016 2877 1324 2936 unamquamque
1354 2877 1407 2914 na·

158 2953 253 3001 turam
287 2965 380 3001 vere
425 2947 579 3022 operari
614 2954 644 3001 et
674 2942 793 3022 quidem
827 2951 976 3002 tantum
1013 2946 1181 3022 propria,
1215 2963 1272 3022 quo
1312 2963 1405 3022 aeque

159 3028 313 3088 evidenter
356 3051 437 3089 error
475 3031 733 3089 monothelitarum
769 3029 943 3102 excluditur,
985 3029 1144 3092 secundum
1179 3051 1266 3108 quern
1300 3039 1406 3088 natura

159 3117 325 3176 hnmana
349 3118 461 3177 Christi
495 3118 576 3176 nullo
599 3116 692 3188 modo,
725 3116 851 3196 ideoque
875 3137 929 3176 nec
952 3120 1070 3196 propria
1091 3127 1235 3195 operatur,
1259 3115 1328 3174 dum
1351 3115 1405 3175 di-

158 3207 253 3263 vina
275 3215 381 3263 natura
403 3215 539 3282 operatur
560 3204 688 3283 quidem,
712 3215 743 3262 at
764 3225 824 3262 non
846 3212 983 3282 operatur
1005 3212 1120 3263 tantum
1144 3205 1264 3282 propria
1285 3201 1338 3262 scd
1354 3223 1404 3282 po·

159 3291 217 3349 tius
240 3301 269 3350 et
292 3312 335 3362 ea,
358 3313 435 3370 quae
462 3291 541 3350 sibi
574 3303 642 3350 sunt
664 3293 783 3370 propria
805 3302 835 3348 et
857 3293 979 3369 insuper
1001 3311 1044 3364 ea,
1082 3311 1157 3369 quae
1191 3299 1260 3350 sunt
1283 3298 1404 3348 naturae

160 3377 269 3436 huma
280 3399 350 3436 nae
372 3380 499 3457 propria.
521 3379 580 3437 Pro
596 3378 863 3436 monotheletarum
878 3398 949 3436 vero
973 3399 1070 3437 errore
1086 3378 1257 3436 enuntiatur
1272 3374 1407 3434 doctrine

160 3465 375 3536 catholica,
409 3486 484 3545 quae
506 3476 712 3544 utramque
735 3464 847 3524 Christi
872 3474 1006 3523 naturam
1037 3485 1106 3524 vere
1128 3465 1311 3542 operativum
1335 3483 1404 3521 oon-

160 3554 262 3624 stituit,
287 3555 329 3610 ita
351 3563 459 3624 tamen,
483 3564 514 3611 ut
529 3551 634 3612 divina
648 3560 754 3611 natura
770 3561 906 3631 operetur
928 3551 1067 3610 divina
1090 3560 1250 3622 tantum,
1272 3549 1403 3608 humana

158 3659 228 3696 vero
251 3649 367 3698 tantum
388 3640 562 3710 humana,
585 3642 640 3698 etsi
655 3639 796 3698 alterutra
818 3659 886 3698 cunr
901 3639 1021 3697 alterius
1047 3639 1260 3708 communione,
1283 3636 1339 3696 hcc
1362 3646 1407 3695 est

160 3727 208 3797 ita,
242 3736 273 3785 ut
296 3726 365 3785 dum
387 3747 448 3785 una
469 3738 575 3786 natura
596 3735 740 3804 operatur,
771 3727 871 3798 altera,
895 3728 925 3783 vi
950 3727 1067 3784 unionis
1090 3725 1302 3808 hypostaticae,
1340 3743 1406 3781 cum

160 3811 212 3870 illa
234 3815 338 3871 intime
362 3816 519 3871 coniuncta
541 3823 669 3872 maneat.

266 3899 407 3959 Notanda
436 3902 525 3958 etiam
559 3909 604 3959 est
636 3902 742 3977 ingens
774 3899 933 3958 diversitas
967 3901 998 3956 in
1034 3895 1128 3970 modo,
1163 3918 1220 3976 quc
1255 3896 1406 3956 Honorius

159 3998 188 4045 et
211 3988 331 4064 Sergius
364 3986 491 4046 eundem
514 3987 624 4045 Leonis
657 3994 771 4045 textum
805 3986 958 4065 explicant
991 3993 1021 4044 et
1043 3987 1128 4063 quasi
1151 3982 1404 4050 circumscribunt,

159 4073 228 4132 dum
244 4076 324 4133 enim
347 4076 517 4152 Sergius,
539 4093 656 4133 omnem
671 4073 846 4132 dualitatem
861 4073 1019 4150 refugiens,
1035 4071 1109 4130 illud
1132 4081 1272 4149 ,utraque
1289 4069 1399 4127 formu*

158 4161 280 4219 resolvit
303 4164 334 4219 iu
362 4162 560 4240 ,Unigenitus
581 4161 678 4219 Filius
700 4161 770 4232 Dei,
808 4162 860 4239 qui
883 4163 1029 4218 veraciter
1052 4159 1134 4217 Deus
1158 4157 1245 4217 simul
1268 4156 1406 4216 ethome

158 4259 211 4321 est,
243 4247 322 4306 idem
356 4258 492 4328 operatur
517 4247 621 4306 divina
653 4256 684 4305 et
706 4247 865 4320 humana¹‘,
901 4247 1101 4306 Honorius
1134 4268 1149 4302 c
1184 4245 1330 4302 contrario
1364 4245 1407 4300 itu

158 4335 242 4393 illum
265 4339 422 4394 terminum
446 4336 574 4408 resolvit,
606 4344 638 4393 ut
670 4354 908 4412 unamquamque
938 4343 1073 4392 nonnam
1096 4342 1266 4412 operantem
1289 4339 1320 4388 et
1341 4350 1408 4407 ope-

159 4424 302 4488 ratricem,
325 4423 381 4482 hoc
403 4433 447 4481 est
470 4423 649 4501 operationis
671 4423 850 4500 principium
872 4423 1040 4490 constituat,
1064 4439 1130 4476 cum
1153 4421 1186 4477 in
1208 4416 1409 4476 Monothc-

205 4643 244 4780 gl)
261 4645 451 4768 lAlehlrlcclelina
469 4648 499 4698 et
517 4645 554 4698 de
571 4645 705 4698 Romano
723 4643 871 4712 Pontifice,
891 4643 1006 4714 Brugls,
1025 4641 1101 4708 1906,
1121 4658 1147 4709 p.
1169 4639 1244 4695 lea*

289 4729 305 4768 c
329 4730 384 4768 one
433 4754 438 4766 .

212 4832 271 4875 slav.
285 4802 410 4876 ιιιιζιιιεοι.
1199 4813 1230 4865 11
