<?xml version="1.0" encoding="UTF-8"?>
<!DOCTYPE html PUBLIC "-//W3C//DTD XHTML 1.0 Transitional//EN"
    "http://www.w3.org/TR/xhtml1/DTD/xhtml1-transitional.dtd">
<html xmlns="http://www.w3.org/1999/xhtml" xml:lang="en" lang="en">
 <head>
  <title>
</title>
<meta http-equiv="Content-Type" content="text/html;charset=utf-8" />
  <meta name='ocr-system' content='tesseract 3.04.00' />
  <meta name='ocr-capabilities' content='ocr_page ocr_carea ocr_par ocr_line ocrx_word'/>
</head>
<body>
  <div class='ocr_page' id='page_1' title='image "./slavorumlittera00unkngoog_0728.png"; bbox 0 0 3450 5342; ppageno 0'>
   <div class='ocr_carea' id='block_1_1' title="bbox 758 435 1026 490">
    <p class='ocr_par' dir='ltr' id='par_1_1' title="bbox 758 435 1026 490">
     <span class='ocr_line' id='line_1_1' title="bbox 758 435 1026 490; baseline -0.011 0"><span class='ocrx_word' id='word_1_1' title='bbox 758 435 764 444; x_wconf 85' lang='lat'>&#39;</span> <span class='ocrx_word' id='word_1_2' title='bbox 840 435 1026 490; x_wconf 72' lang='lat' dir='ltr'>-35s-</span> 
     </span>
    </p>
   </div>
   <div class='ocr_carea' id='block_1_2' title="bbox 255 621 1566 4780">
    <p class='ocr_par' dir='ltr' id='par_1_2' title="bbox 312 621 1566 1722">
     <span class='ocr_line' id='line_1_2' title="bbox 318 621 1565 698; baseline 0.006 -22"><span class='ocrx_word' id='word_1_3' title='bbox 318 624 340 681; x_wconf 85' lang='lat' dir='ltr'>l.</span> <span class='ocrx_word' id='word_1_4' title='bbox 367 625 417 687; x_wconf 71' lang='lat' dir='ltr'>itt:</span> <span class='ocrx_word' id='word_1_5' title='bbox 451 625 534 698; x_wconf 36' lang='lat' dir='ltr'>slpoc</span> <span class='ocrx_word' id='word_1_6' title='bbox 562 625 586 689; x_wconf 82' lang='lat'>1,</span> <span class='ocrx_word' id='word_1_7' title='bbox 618 624 649 678; x_wconf 82' lang='lat'>;&#39;›:</span> <span class='ocrx_word' id='word_1_8' title='bbox 683 621 767 679; x_wconf 86' lang='lat' dir='ltr'>llent.</span> <span class='ocrx_word' id='word_1_9' title='bbox 795 628 819 686; x_wconf 78' lang='lat' dir='ltr'>i.</span> <span class='ocrx_word' id='word_1_10' title='bbox 838 626 1002 692; x_wconf 74' lang='lat' dir='ltr'>o-t‚ttt:</span> <span class='ocrx_word' id='word_1_11' title='bbox 1035 628 1061 688; x_wconf 79' lang='grc'>7.</span> <span class='ocrx_word' id='word_1_12' title='bbox 1087 634 1118 687; x_wconf 70' lang='lat' dir='ltr'>tl:</span> <span class='ocrx_word' id='word_1_13' title='bbox 1144 631 1191 687; x_wconf 76' lang='lat'>1⁰.</span> <span class='ocrx_word' id='word_1_14' title='bbox 1224 629 1272 684; x_wconf 75' lang='lat'>12.</span> <span class='ocrx_word' id='word_1_15' title='bbox 1299 629 1352 686; x_wconf 79' lang='lat'>15:</span> <span class='ocrx_word' id='word_1_16' title='bbox 1382 631 1432 689; x_wconf 87' lang='grc'>11.</span> <span class='ocrx_word' id='word_1_17' title='bbox 1461 631 1492 685; x_wconf 94' lang='lat' dir='ltr'>l:</span> <span class='ocrx_word' id='word_1_18' title='bbox 1516 632 1565 684; x_wconf 71' lang='lat'>3¹2:</span> 
     </span>
     <span class='ocr_line' id='line_1_3' title="bbox 312 708 1565 791; baseline 0.004 -28"><span class='ocrx_word' id='word_1_19' title='bbox 312 712 330 763; x_wconf 77' lang='lat'><strong>2</strong></span> <span class='ocrx_word' id='word_1_20' title='bbox 357 711 419 787; x_wconf 56' lang='lat' dir='ltr'>tog</span> <span class='ocrx_word' id='word_1_21' title='bbox 453 715 500 771; x_wconf 70' lang='lat'>12,</span> <span class='ocrx_word' id='word_1_22' title='bbox 526 711 552 764; x_wconf 81' lang='grc' dir='ltr'>ῖ.</span> <span class='ocrx_word' id='word_1_23' title='bbox 584 717 615 766; x_wconf 65' lang='lat' dir='ltr'>tt:</span> <span class='ocrx_word' id='word_1_24' title='bbox 643 708 670 764; x_wconf 81' lang='lat' dir='ltr'>ls</span> <span class='ocrx_word' id='word_1_25' title='bbox 702 713 733 769; x_wconf 68' lang='grc' dir='ltr'>ῦς</span> <span class='ocrx_word' id='word_1_26' title='bbox 755 710 797 766; x_wconf 71' lang='lat' dir='ltr'>Er.</span> <span class='ocrx_word' id='word_1_27' title='bbox 830 710 1056 770; x_wconf 72' lang='lat' dir='ltr'>lti.1lccedunt</span> <span class='ocrx_word' id='word_1_28' title='bbox 1086 729 1193 789; x_wconf 79' lang='lat' dir='ltr'>patres,</span> <span class='ocrx_word' id='word_1_29' title='bbox 1226 727 1257 770; x_wconf 89' lang='lat' dir='ltr'>nt</span> <span class='ocrx_word' id='word_1_30' title='bbox 1290 715 1426 771; x_wconf 77' lang='lat' dir='ltr'>Basilius</span> <span class='ocrx_word' id='word_1_31' title='bbox 1451 715 1565 791; x_wconf 68' lang='lat' dir='ltr'>(Regni</span> 
     </span>
     <span class='ocr_line' id='line_1_4' title="bbox 312 794 1566 878; baseline 0.007 -28"><span class='ocrx_word' id='word_1_32' title='bbox 312 797 404 856; x_wconf 82' lang='lat' dir='ltr'>l&#39;usins</span> <span class='ocrx_word' id='word_1_33' title='bbox 428 808 520 857; x_wconf 77' lang='lat' dir='ltr'>tract..</span> <span class='ocrx_word' id='word_1_34' title='bbox 545 815 619 871; x_wconf 84' lang='lat' dir='ltr'>resp.</span> <span class='ocrx_word' id='word_1_35' title='bbox 644 794 681 852; x_wconf 92' lang='lat' dir='ltr'>ad</span> <span class='ocrx_word' id='word_1_36' title='bbox 699 798 836 870; x_wconf 68' lang='lat' dir='ltr'>interrog.</span> <span class='ocrx_word' id='word_1_37' title='bbox 861 801 888 861; x_wconf 68' lang='grc' dir='ltr'>ι),</span> <span class='ocrx_word' id='word_1_38' title='bbox 909 819 946 854; x_wconf 88' lang='lat' dir='ltr'>tn.</span> <span class='ocrx_word' id='word_1_39' title='bbox 971 801 1054 856; x_wconf 76' lang='grc'><strong>’.1-4</strong></span> <span class='ocrx_word' id='word_1_40' title='bbox 1079 799 1113 869; x_wconf 66' lang='grc' dir='ltr'>ἐξ</span> <span class='ocrx_word' id='word_1_41' title='bbox 1135 800 1228 860; x_wconf 71' lang='lat' dir='ltr'>atros·</span> <span class='ocrx_word' id='word_1_42' title='bbox 1244 799 1361 878; x_wconf 74' lang='grc' dir='ltr'><strong><em>μόνους</em></strong></span> <span class='ocrx_word' id='word_1_43' title='bbox 1386 801 1464 877; x_wconf 71' lang='lat' dir='ltr'>Reg,</span> <span class='ocrx_word' id='word_1_44' title='bbox 1489 801 1566 859; x_wconf 79' lang='lat' dir='ltr'>brer.</span> 
     </span>
     <span class='ocr_line' id='line_1_5' title="bbox 312 881 1565 966; baseline 0.006 -29"><span class='ocrx_word' id='word_1_45' title='bbox 312 895 347 943; x_wconf 84' lang='lat' dir='ltr'>tr.</span> <span class='ocrx_word' id='word_1_46' title='bbox 370 885 406 944; x_wconf 89' lang='lat' dir='ltr'>ad</span> <span class='ocrx_word' id='word_1_47' title='bbox 432 889 516 942; x_wconf 89' lang='lat' dir='ltr'>inter.</span> <span class='ocrx_word' id='word_1_48' title='bbox 541 881 618 958; x_wconf 73' lang='grc'>212)</span> <span class='ocrx_word' id='word_1_49' title='bbox 641 894 669 938; x_wconf 89' lang='lat' dir='ltr'>et</span> <span class='ocrx_word' id='word_1_50' title='bbox 693 883 822 955; x_wconf 66' lang='lat' dir='ltr'>theologi</span> <span class='ocrx_word' id='word_1_51' title='bbox 848 897 1022 962; x_wconf 83' lang='lat' dir='ltr'>ascetaeque</span> <span class='ocrx_word' id='word_1_52' title='bbox 1047 885 1161 964; x_wconf 88' lang='lat' dir='ltr'>probati</span> <span class='ocrx_word' id='word_1_53' title='bbox 1185 907 1295 950; x_wconf 84' lang='lat' dir='ltr'>omnes,</span> <span class='ocrx_word' id='word_1_54' title='bbox 1318 891 1417 966; x_wconf 78' lang='lat' dir='ltr'>Atqui</span> <span class='ocrx_word' id='word_1_55' title='bbox 1444 905 1565 946; x_wconf 79' lang='lat' dir='ltr'>eatenu-</span> 
     </span>
     <span class='ocr_line' id='line_1_6' title="bbox 314 968 1566 1050; baseline 0.003 -22"><span class='ocrx_word' id='word_1_56' title='bbox 314 977 362 1030; x_wconf 72' lang='lat' dir='ltr'>via</span> <span class='ocrx_word' id='word_1_57' title='bbox 396 974 447 1030; x_wconf 83' lang='lat' dir='ltr'>illa</span> <span class='ocrx_word' id='word_1_58' title='bbox 475 968 619 1044; x_wconf 66' lang='lat' dir='ltr'>diligendi</span> <span class='ocrx_word' id='word_1_59' title='bbox 651 969 706 1025; x_wconf 77' lang='lat' dir='ltr'>liei</span> <span class='ocrx_word' id='word_1_60' title='bbox 737 984 781 1026; x_wconf 85' lang='lat' dir='ltr'>est</span> <span class='ocrx_word' id='word_1_61' title='bbox 806 971 956 1040; x_wconf 82' lang='lat' dir='ltr'>tacillima,</span> <span class='ocrx_word' id='word_1_62' title='bbox 987 987 1131 1050; x_wconf 88' lang='lat' dir='ltr'>quatenus</span> <span class='ocrx_word' id='word_1_63' title='bbox 1162 976 1303 1031; x_wconf 79' lang='lat' dir='ltr'>motivum</span> <span class='ocrx_word' id='word_1_64' title='bbox 1328 977 1469 1032; x_wconf 84' lang='lat' dir='ltr'>caritatis</span> <span class='ocrx_word' id='word_1_65' title='bbox 1503 993 1566 1032; x_wconf 77' lang='lat' dir='ltr'>sunt</span> 
     </span>
     <span class='ocr_line' id='line_1_7' title="bbox 313 1055 1566 1137; baseline 0.002 -21"><span class='ocrx_word' id='word_1_66' title='bbox 313 1081 370 1116; x_wconf 87' lang='lat' dir='ltr'>mm</span> <span class='ocrx_word' id='word_1_67' title='bbox 402 1061 494 1123; x_wconf 68' lang='lat' dir='ltr'>solum</span> <span class='ocrx_word' id='word_1_68' title='bbox 528 1055 669 1112; x_wconf 86' lang='lat' dir='ltr'>attributa</span> <span class='ocrx_word' id='word_1_69' title='bbox 700 1055 756 1113; x_wconf 80' lang='lat' dir='ltr'>ltei</span> <span class='ocrx_word' id='word_1_70' title='bbox 788 1057 930 1125; x_wconf 78' lang='lat' dir='ltr'>absoluta,</span> <span class='ocrx_word' id='word_1_71' title='bbox 961 1059 980 1116; x_wconf 93' lang='lat' dir='ltr'>i.</span> <span class='ocrx_word' id='word_1_72' title='bbox 1011 1079 1043 1125; x_wconf 80' lang='lat' dir='ltr'>e..</span> <span class='ocrx_word' id='word_1_73' title='bbox 1072 1079 1147 1137; x_wconf 87' lang='lat' dir='ltr'>quae</span> <span class='ocrx_word' id='word_1_74' title='bbox 1178 1075 1340 1136; x_wconf 86' lang='lat' dir='ltr'>respectum</span> <span class='ocrx_word' id='word_1_75' title='bbox 1374 1060 1415 1118; x_wconf 89' lang='lat' dir='ltr'>ad</span> <span class='ocrx_word' id='word_1_76' title='bbox 1440 1062 1566 1119; x_wconf 82' lang='lat' dir='ltr'>salutern</span> 
     </span>
     <span class='ocr_line' id='line_1_8' title="bbox 313 1142 1565 1226; baseline 0.002 -24"><span class='ocrx_word' id='word_1_77' title='bbox 313 1162 441 1203; x_wconf 83' lang='lat' dir='ltr'>nostram</span> <span class='ocrx_word' id='word_1_78' title='bbox 467 1165 523 1201; x_wconf 76' lang='lat' dir='ltr'>nem</span> <span class='ocrx_word' id='word_1_79' title='bbox 548 1142 710 1204; x_wconf 76' lang='lat' dir='ltr'>includunt,</span> <span class='ocrx_word' id='word_1_80' title='bbox 734 1143 785 1200; x_wconf 81' lang='lat' dir='ltr'>sed</span> <span class='ocrx_word' id='word_1_81' title='bbox 809 1147 898 1202; x_wconf 90' lang='lat' dir='ltr'>ctiam</span> <span class='ocrx_word' id='word_1_82' title='bbox 928 1144 1061 1204; x_wconf 84' lang='lat' dir='ltr'>relativa.</span> <span class='ocrx_word' id='word_1_83' title='bbox 1085 1168 1135 1204; x_wconf 85' lang='lat' dir='ltr'>seu</span> <span class='ocrx_word' id='word_1_84' title='bbox 1159 1146 1275 1204; x_wconf 82' lang='lat' dir='ltr'>bouitas</span> <span class='ocrx_word' id='word_1_85' title='bbox 1299 1147 1407 1204; x_wconf 71' lang='lat' dir='ltr'>divina</span> <span class='ocrx_word' id='word_1_86' title='bbox 1433 1165 1565 1226; x_wconf 79' lang='lat' dir='ltr'>spectata</span> 
     </span>
     <span class='ocr_line' id='line_1_9' title="bbox 312 1229 1564 1310; baseline 0.003 -22"><span class='ocrx_word' id='word_1_87' title='bbox 312 1234 435 1290; x_wconf 73' lang='lat' dir='ltr'>relative</span> <span class='ocrx_word' id='word_1_88' title='bbox 460 1249 487 1288; x_wconf 89' lang='lat' dir='ltr'>ut</span> <span class='ocrx_word' id='word_1_89' title='bbox 506 1229 683 1300; x_wconf 66' lang='lat' dir='ltr'>benignitas,</span> <span class='ocrx_word' id='word_1_90' title='bbox 707 1231 909 1288; x_wconf 70' lang='lat' dir='ltr'>misericordia</span> <span class='ocrx_word' id='word_1_91' title='bbox 925 1241 977 1292; x_wconf 87' lang='lat' dir='ltr'>etc.</span> <span class='ocrx_word' id='word_1_92' title='bbox 1002 1233 1106 1310; x_wconf 83' lang='lat' dir='ltr'>Neque</span> <span class='ocrx_word' id='word_1_93' title='bbox 1122 1235 1200 1291; x_wconf 87' lang='lat' dir='ltr'>enim</span> <span class='ocrx_word' id='word_1_94' title='bbox 1223 1234 1296 1292; x_wconf 87' lang='lat' dir='ltr'>adeo</span> <span class='ocrx_word' id='word_1_95' title='bbox 1320 1235 1412 1292; x_wconf 75' lang='lat' dir='ltr'>taeile</span> <span class='ocrx_word' id='word_1_96' title='bbox 1440 1257 1458 1291; x_wconf 86' lang='lat' dir='ltr'>a</span> <span class='ocrx_word' id='word_1_97' title='bbox 1478 1237 1564 1304; x_wconf 56' lang='lat' dir='ltr'>virle·</span> 
     </span>
     <span class='ocr_line' id='line_1_10' title="bbox 313 1317 1565 1400; baseline 0.003 -26"><span class='ocrx_word' id='word_1_98' title='bbox 313 1321 417 1376; x_wconf 80' lang='lat' dir='ltr'>saltent</span> <span class='ocrx_word' id='word_1_99' title='bbox 445 1339 482 1374; x_wconf 81' lang='lat' dir='ltr'>ex</span> <span class='ocrx_word' id='word_1_100' title='bbox 507 1317 658 1373; x_wconf 77' lang='lat' dir='ltr'>lmneticiis</span> <span class='ocrx_word' id='word_1_101' title='bbox 689 1317 857 1374; x_wconf 82' lang='lat' dir='ltr'>ascenditur</span> <span class='ocrx_word' id='word_1_102' title='bbox 888 1317 924 1375; x_wconf 90' lang='lat' dir='ltr'>ad</span> <span class='ocrx_word' id='word_1_103' title='bbox 948 1318 1089 1376; x_wconf 83' lang='lat' dir='ltr'>attributa</span> <span class='ocrx_word' id='word_1_104' title='bbox 1111 1319 1252 1386; x_wconf 71' lang='lat' dir='ltr'>absoluta,</span> <span class='ocrx_word' id='word_1_105' title='bbox 1283 1341 1360 1398; x_wconf 83' lang='lat' dir='ltr'>quae</span> <span class='ocrx_word' id='word_1_106' title='bbox 1385 1323 1565 1400; x_wconf 78' lang='lat' dir='ltr'>plerumque</span> 
     </span>
     <span class='ocr_line' id='line_1_11' title="bbox 312 1405 1562 1485; baseline 0.005 -23"><span class='ocrx_word' id='word_1_107' title='bbox 312 1409 406 1477; x_wconf 61' lang='lat' dir='ltr'>niueis</span> <span class='ocrx_word' id='word_1_108' title='bbox 430 1419 496 1462; x_wconf 79' lang='lat' dir='ltr'>sunt</span> <span class='ocrx_word' id='word_1_109' title='bbox 520 1417 639 1471; x_wconf 80' lang='lat' dir='ltr'>remota,</span> <span class='ocrx_word' id='word_1_110' title='bbox 662 1424 757 1480; x_wconf 89' lang='lat' dir='ltr'>ncqnc</span> <span class='ocrx_word' id='word_1_111' title='bbox 782 1405 854 1461; x_wconf 81' lang='lat' dir='ltr'>baec</span> <span class='ocrx_word' id='word_1_112' title='bbox 882 1407 925 1462; x_wconf 87' lang='lat' dir='ltr'>ita</span> <span class='ocrx_word' id='word_1_113' title='bbox 947 1406 1033 1463; x_wconf 86' lang='lat' dir='ltr'>facile</span> <span class='ocrx_word' id='word_1_114' title='bbox 1057 1418 1087 1464; x_wconf 91' lang='lat' dir='ltr'>ut</span> <span class='ocrx_word' id='word_1_115' title='bbox 1111 1406 1258 1464; x_wconf 86' lang='lat' dir='ltr'>amabnlia</span> <span class='ocrx_word' id='word_1_116' title='bbox 1281 1407 1562 1485; x_wconf 86' lang='lat' dir='ltr'>apprehenduntur.</span> 
     </span>
     <span class='ocr_line' id='line_1_12' title="bbox 312 1489 1564 1574; baseline 0.003 -26"><span class='ocrx_word' id='word_1_117' title='bbox 312 1514 377 1549; x_wconf 70' lang='grc' dir='ltr'>ιειιιιι</span> <span class='ocrx_word' id='word_1_118' title='bbox 401 1513 437 1548; x_wconf 81' lang='lat' dir='ltr'>ex</span> <span class='ocrx_word' id='word_1_119' title='bbox 455 1491 617 1548; x_wconf 72' lang='lat' dir='ltr'>terrefactis</span> <span class='ocrx_word' id='word_1_120' title='bbox 640 1489 677 1546; x_wconf 87' lang='lat' dir='ltr'>ad</span> <span class='ocrx_word' id='word_1_121' title='bbox 702 1490 897 1548; x_wconf 65' lang='lat' dir='ltr'>benefactoris</span> <span class='ocrx_word' id='word_1_122' title='bbox 914 1491 1126 1568; x_wconf 76' lang='lat' dir='ltr'>benignitatem</span> <span class='ocrx_word' id='word_1_123' title='bbox 1150 1494 1413 1571; x_wconf 76' lang='lat' dir='ltr'>contemplandam</span> <span class='ocrx_word' id='word_1_124' title='bbox 1437 1517 1564 1574; x_wconf 75' lang='lat' dir='ltr'>eamque</span> 
     </span>
     <span class='ocr_line' id='line_1_13' title="bbox 312 1575 1565 1658; baseline 0.01 -31"><span class='ocrx_word' id='word_1_125' title='bbox 312 1594 341 1636; x_wconf 73' lang='lat' dir='ltr'>ur</span> <span class='ocrx_word' id='word_1_126' title='bbox 366 1578 522 1636; x_wconf 67' lang='lat' dir='ltr'>annibileni</span> <span class='ocrx_word' id='word_1_127' title='bbox 553 1575 652 1632; x_wconf 79' lang='lat' dir='ltr'>viride</span> <span class='ocrx_word' id='word_1_128' title='bbox 676 1578 956 1654; x_wconf 83' lang='lat' dir='ltr'>apprebemlentlam</span> <span class='ocrx_word' id='word_1_129' title='bbox 984 1580 1165 1658; x_wconf 81' lang='lat' dir='ltr'>proindeque</span> <span class='ocrx_word' id='word_1_130' title='bbox 1196 1580 1381 1658; x_wconf 71' lang='lat' dir='ltr'>diligendam</span> <span class='ocrx_word' id='word_1_131' title='bbox 1417 1586 1459 1640; x_wconf 81' lang='lat' dir='ltr'>sit</span> <span class='ocrx_word' id='word_1_132' title='bbox 1485 1599 1565 1640; x_wconf 82' lang='lat' dir='ltr'>trun·</span> 
     </span>
     <span class='ocr_line' id='line_1_14' title="bbox 312 1666 576 1722; baseline 0 0"><span class='ocrx_word' id='word_1_133' title='bbox 312 1669 385 1722; x_wconf 86' lang='lat' dir='ltr'>situs</span> <span class='ocrx_word' id='word_1_134' title='bbox 409 1666 576 1722; x_wconf 78' lang='lat' dir='ltr'>t&#39;acillimns.</span> 
     </span>
    </p>

    <p class='ocr_par' dir='ltr' id='par_1_3' title="bbox 310 1750 1565 2418">
     <span class='ocr_line' id='line_1_15' title="bbox 421 1750 1565 1832; baseline 0.003 -24"><span class='ocrx_word' id='word_1_135' title='bbox 421 1750 459 1808; x_wconf 82' lang='lat' dir='ltr'>l⁰</span> <span class='ocrx_word' id='word_1_136' title='bbox 493 1751 569 1823; x_wconf 74' lang='lat' dir='ltr'>„t&#39;ix</span> <span class='ocrx_word' id='word_1_137' title='bbox 603 1755 745 1826; x_wconf 86' lang='lat' dir='ltr'>reperitur</span> <span class='ocrx_word' id='word_1_138' title='bbox 769 1752 798 1807; x_wconf 90' lang='lat' dir='ltr'>in</span> <span class='ocrx_word' id='word_1_139' title='bbox 829 1751 941 1809; x_wconf 82' lang='lat' dir='ltr'>divinis</span> <span class='ocrx_word' id='word_1_140' title='bbox 971 1753 1078 1810; x_wconf 85' lang='lat' dir='ltr'>litteris</span> <span class='ocrx_word' id='word_1_141' title='bbox 1108 1765 1136 1810; x_wconf 93' lang='lat' dir='ltr'>et</span> <span class='ocrx_word' id='word_1_142' title='bbox 1168 1752 1245 1831; x_wconf 72' lang='lat' dir='ltr'>aprud</span> <span class='ocrx_word' id='word_1_143' title='bbox 1275 1769 1375 1830; x_wconf 86' lang='lat' dir='ltr'>patres</span> <span class='ocrx_word' id='word_1_144' title='bbox 1407 1759 1565 1832; x_wconf 76' lang='lat' dir='ltr'>expressio</span> 
     </span>
     <span class='ocr_line' id='line_1_16' title="bbox 312 1839 1563 1919; baseline 0.005 -26"><span class='ocrx_word' id='word_1_145' title='bbox 312 1840 457 1915; x_wconf 79' lang='lat' dir='ltr'>perlectae</span> <span class='ocrx_word' id='word_1_146' title='bbox 481 1842 670 1912; x_wconf 79' lang='lat' dir='ltr'>simeraeque</span> <span class='ocrx_word' id='word_1_147' title='bbox 702 1839 834 1896; x_wconf 85' lang='lat' dir='ltr'>caritatis</span> <span class='ocrx_word' id='word_1_148' title='bbox 857 1861 928 1912; x_wconf 65' lang='lat' dir='ltr'>erga</span> <span class='ocrx_word' id='word_1_149' title='bbox 952 1839 1056 1910; x_wconf 79' lang='lat' dir='ltr'>iterun,</span> <span class='ocrx_word' id='word_1_150' title='bbox 1080 1861 1155 1916; x_wconf 87' lang='lat' dir='ltr'>quae</span> <span class='ocrx_word' id='word_1_151' title='bbox 1188 1862 1245 1898; x_wconf 90' lang='lat' dir='ltr'>non</span> <span class='ocrx_word' id='word_1_152' title='bbox 1270 1843 1382 1899; x_wconf 85' lang='lat' dir='ltr'>feratur</span> <span class='ocrx_word' id='word_1_153' title='bbox 1405 1846 1440 1899; x_wconf 89' lang='lat' dir='ltr'>in</span> <span class='ocrx_word' id='word_1_154' title='bbox 1467 1845 1563 1919; x_wconf 72' lang='lat' dir='ltr'>ipsum</span> 
     </span>
     <span class='ocr_line' id='line_1_17' title="bbox 312 1923 1563 2006; baseline 0.002 -25"><span class='ocrx_word' id='word_1_155' title='bbox 312 1940 341 1982; x_wconf 88' lang='lat' dir='ltr'>nt</span> <span class='ocrx_word' id='word_1_156' title='bbox 365 1941 407 1980; x_wconf 85' lang='lat' dir='ltr'>est</span> <span class='ocrx_word' id='word_1_157' title='bbox 433 1945 576 1982; x_wconf 86' lang='lat' dir='ltr'>sunnnuin</span> <span class='ocrx_word' id='word_1_158' title='bbox 601 1923 708 1981; x_wconf 83' lang='lat' dir='ltr'>imnum</span> <span class='ocrx_word' id='word_1_159' title='bbox 726 1930 881 1985; x_wconf 57' lang='lat' dir='ltr'>nostrum*</span> <span class='ocrx_word' id='word_1_160' title='bbox 912 1926 1067 1997; x_wconf 87' lang='lat' dir='ltr'>llurter,</span> <span class='ocrx_word' id='word_1_161' title='bbox 1089 1927 1193 1984; x_wconf 85' lang='lat' dir='ltr'>Theol.</span> <span class='ocrx_word' id='word_1_162' title='bbox 1216 1927 1313 2000; x_wconf 63' lang='lat' dir='ltr'>dogm.</span> <span class='ocrx_word' id='word_1_163' title='bbox 1336 1949 1435 2006; x_wconf 89' lang='lat' dir='ltr'>comp.</span> <span class='ocrx_word' id='word_1_164' title='bbox 1461 1947 1483 1989; x_wconf 86' lang='lat' dir='ltr'>t.</span> <span class='ocrx_word' id='word_1_165' title='bbox 1501 1931 1563 1988; x_wconf 85' lang='lat' dir='ltr'>lll.</span> 
     </span>
     <span class='ocr_line' id='line_1_18' title="bbox 311 2013 1564 2092; baseline 0.003 -24"><span class='ocrx_word' id='word_1_166' title='bbox 311 2034 338 2072; x_wconf 89' lang='lat' dir='ltr'>n.</span> <span class='ocrx_word' id='word_1_167' title='bbox 370 2016 433 2072; x_wconf 48' lang='lat' dir='ltr'>tos.</span> <span class='ocrx_word' id='word_1_168' title='bbox 459 2014 549 2087; x_wconf 81' lang='lat' dir='ltr'>Atqui</span> <span class='ocrx_word' id='word_1_169' title='bbox 575 2013 680 2068; x_wconf 91' lang='lat' dir='ltr'>mirum</span> <span class='ocrx_word' id='word_1_170' title='bbox 711 2027 797 2082; x_wconf 82' lang='lat' dir='ltr'>esset,</span> <span class='ocrx_word' id='word_1_171' title='bbox 821 2015 844 2069; x_wconf 88' lang='lat' dir='ltr'>si</span> <span class='ocrx_word' id='word_1_172' title='bbox 870 2016 1013 2090; x_wconf 87' lang='lat' dir='ltr'>scriptura</span> <span class='ocrx_word' id='word_1_173' title='bbox 1036 2035 1057 2071; x_wconf 89' lang='lat' dir='ltr'>s.</span> <span class='ocrx_word' id='word_1_174' title='bbox 1081 2027 1109 2072; x_wconf 88' lang='lat' dir='ltr'>et</span> <span class='ocrx_word' id='word_1_175' title='bbox 1133 2026 1237 2092; x_wconf 77' lang='lat' dir='ltr'>patres.</span> <span class='ocrx_word' id='word_1_176' title='bbox 1261 2018 1311 2092; x_wconf 92' lang='lat' dir='ltr'>qui</span> <span class='ocrx_word' id='word_1_177' title='bbox 1342 2037 1397 2072; x_wconf 90' lang='lat' dir='ltr'>nos</span> <span class='ocrx_word' id='word_1_178' title='bbox 1422 2015 1463 2072; x_wconf 86' lang='lat' dir='ltr'>ad</span> <span class='ocrx_word' id='word_1_179' title='bbox 1490 2020 1564 2073; x_wconf 83' lang='lat' dir='ltr'>cari-</span> 
     </span>
     <span class='ocr_line' id='line_1_19' title="bbox 311 2098 1561 2178; baseline 0.005 -24"><span class='ocrx_word' id='word_1_180' title='bbox 311 2113 400 2155; x_wconf 87' lang='lat' dir='ltr'>tatem</span> <span class='ocrx_word' id='word_1_181' title='bbox 426 2098 619 2167; x_wconf 60' lang='lat' dir='ltr'>theologicam</span> <span class='ocrx_word' id='word_1_182' title='bbox 653 2098 810 2175; x_wconf 81' lang='lat' dir='ltr'>perducere</span> <span class='ocrx_word' id='word_1_183' title='bbox 834 2099 944 2163; x_wconf 71' lang='lat' dir='ltr'>volunt,</span> <span class='ocrx_word' id='word_1_184' title='bbox 972 2100 1009 2157; x_wconf 89' lang='lat' dir='ltr'>de</span> <span class='ocrx_word' id='word_1_185' title='bbox 1033 2121 1090 2178; x_wconf 89' lang='lat' dir='ltr'>qua</span> <span class='ocrx_word' id='word_1_186' title='bbox 1113 2103 1239 2178; x_wconf 87' lang='lat' dir='ltr'>primum</span> <span class='ocrx_word' id='word_1_187' title='bbox 1270 2116 1298 2158; x_wconf 89' lang='lat' dir='ltr'>et</span> <span class='ocrx_word' id='word_1_188' title='bbox 1323 2105 1494 2160; x_wconf 83' lang='lat' dir='ltr'>maximum</span> <span class='ocrx_word' id='word_1_189' title='bbox 1519 2123 1561 2160; x_wconf 76' lang='lat' dir='ltr'>est</span> 
     </span>
     <span class='ocr_line' id='line_1_20' title="bbox 310 2185 1561 2266; baseline 0.005 -26"><span class='ocrx_word' id='word_1_190' title='bbox 310 2185 482 2242; x_wconf 86' lang='lat' dir='ltr'>nrnmlaturn</span> <span class='ocrx_word' id='word_1_191' title='bbox 515 2186 571 2255; x_wconf 71' lang='lat' dir='ltr'>titt</span> <span class='ocrx_word' id='word_1_192' title='bbox 596 2189 644 2253; x_wconf 72' lang='lat'>22,</span> <span class='ocrx_word' id='word_1_193' title='bbox 677 2189 715 2242; x_wconf 67' lang='lat' dir='ltr'>:tt</span> <span class='ocrx_word' id='word_1_194' title='bbox 742 2190 785 2247; x_wconf 78' lang='lat' dir='ltr'>sl.</span> <span class='ocrx_word' id='word_1_195' title='bbox 808 2203 838 2242; x_wconf 90' lang='lat' dir='ltr'>ct</span> <span class='ocrx_word' id='word_1_196' title='bbox 870 2189 951 2242; x_wconf 87' lang='lat' dir='ltr'>cuius</span> <span class='ocrx_word' id='word_1_197' title='bbox 975 2203 1056 2244; x_wconf 86' lang='lat' dir='ltr'>actus</span> <span class='ocrx_word' id='word_1_198' title='bbox 1089 2186 1235 2248; x_wconf 79' lang='lat' dir='ltr'>inV.&#39;1&#39;.</span> <span class='ocrx_word' id='word_1_199' title='bbox 1267 2209 1318 2266; x_wconf 90' lang='lat' dir='ltr'>pro</span> <span class='ocrx_word' id='word_1_200' title='bbox 1350 2191 1561 2266; x_wconf 65' lang='lat' dir='ltr'>peecatoribus</span> 
     </span>
     <span class='ocr_line' id='line_1_21' title="bbox 311 2272 1562 2353; baseline 0.005 -25"><span class='ocrx_word' id='word_1_201' title='bbox 311 2272 419 2328; x_wconf 84' lang='lat' dir='ltr'>adultis</span> <span class='ocrx_word' id='word_1_202' title='bbox 443 2292 565 2348; x_wconf 82' lang='lat' dir='ltr'>semper,</span> <span class='ocrx_word' id='word_1_203' title='bbox 589 2274 619 2328; x_wconf 93' lang='lat' dir='ltr'>in</span> <span class='ocrx_word' id='word_1_204' title='bbox 644 2273 679 2328; x_wconf 72' lang='lat' dir='ltr'>N.</span> <span class='ocrx_word' id='word_1_205' title='bbox 709 2273 744 2328; x_wconf 80' lang='lat' dir='ltr'>&#39;l&#39;.</span> <span class='ocrx_word' id='word_1_206' title='bbox 769 2295 855 2350; x_wconf 65' lang='lat' dir='ltr'>sempe</span> <span class='ocrx_word' id='word_1_207' title='bbox 881 2276 1056 2331; x_wconf 85' lang='lat' dir='ltr'>necessitate</span> <span class='ocrx_word' id='word_1_208' title='bbox 1080 2273 1170 2332; x_wconf 88' lang='lat' dir='ltr'>medii</span> <span class='ocrx_word' id='word_1_209' title='bbox 1200 2278 1365 2353; x_wconf 80' lang='lat' dir='ltr'>requiritur,</span> <span class='ocrx_word' id='word_1_210' title='bbox 1392 2297 1486 2333; x_wconf 77' lang='lat' dir='ltr'>verae</span> <span class='ocrx_word' id='word_1_211' title='bbox 1515 2298 1562 2334; x_wconf 81' lang='lat' dir='ltr'>ca-</span> 
     </span>
     <span class='ocr_line' id='line_1_22' title="bbox 311 2371 948 2418; baseline 0.005 -3"><span class='ocrx_word' id='word_1_212' title='bbox 311 2371 407 2416; x_wconf 86' lang='lat' dir='ltr'>ritatis</span> <span class='ocrx_word' id='word_1_213' title='bbox 431 2372 572 2414; x_wconf 76' lang='lat' dir='ltr'>motivum</span> <span class='ocrx_word' id='word_1_214' title='bbox 598 2379 655 2415; x_wconf 92' lang='lat' dir='ltr'>non</span> <span class='ocrx_word' id='word_1_215' title='bbox 679 2376 948 2418; x_wconf 84' lang='lat' dir='ltr'>eominemorarent.</span> 
     </span>
    </p>

    <p class='ocr_par' dir='ltr' id='par_1_4' title="bbox 255 2442 1560 4347">
     <span class='ocr_line' id='line_1_23' title="bbox 421 2442 1560 2526; baseline 0.007 -27"><span class='ocrx_word' id='word_1_216' title='bbox 421 2442 456 2500; x_wconf 65' lang='lat'>:3⁰</span> <span class='ocrx_word' id='word_1_217' title='bbox 489 2446 743 2502; x_wconf 73' lang='lat' dir='ltr'>&#39;l&#39;aliscontritio</span> <span class='ocrx_word' id='word_1_218' title='bbox 774 2461 821 2503; x_wconf 86' lang='lat' dir='ltr'>ant</span> <span class='ocrx_word' id='word_1_219' title='bbox 855 2447 921 2504; x_wconf 91' lang='lat' dir='ltr'>idco</span> <span class='ocrx_word' id='word_1_220' title='bbox 952 2469 1009 2506; x_wconf 88' lang='lat' dir='ltr'>non</span> <span class='ocrx_word' id='word_1_221' title='bbox 1043 2448 1197 2521; x_wconf 77' lang='lat' dir='ltr'>sufficeret,</span> <span class='ocrx_word' id='word_1_222' title='bbox 1228 2447 1305 2526; x_wconf 91' lang='lat' dir='ltr'>quod</span> <span class='ocrx_word' id='word_1_223' title='bbox 1336 2447 1462 2506; x_wconf 79' lang='lat' dir='ltr'>deberet</span> <span class='ocrx_word' id='word_1_224' title='bbox 1496 2453 1560 2507; x_wconf 77' lang='lat' dir='ltr'>eius</span> 
     </span>
     <span class='ocr_line' id='line_1_24' title="bbox 312 2532 1559 2613; baseline 0.005 -25"><span class='ocrx_word' id='word_1_225' title='bbox 312 2534 452 2588; x_wconf 77' lang='lat' dir='ltr'>inotirnrn</span> <span class='ocrx_word' id='word_1_226' title='bbox 484 2532 597 2588; x_wconf 87' lang='lat' dir='ltr'>desumi</span> <span class='ocrx_word' id='word_1_227' title='bbox 628 2554 665 2588; x_wconf 83' lang='lat' dir='ltr'>ex</span> <span class='ocrx_word' id='word_1_228' title='bbox 699 2532 802 2589; x_wconf 78' lang='lat' dir='ltr'>divina</span> <span class='ocrx_word' id='word_1_229' title='bbox 833 2533 964 2591; x_wconf 84' lang='lat' dir='ltr'>bonitate</span> <span class='ocrx_word' id='word_1_230' title='bbox 995 2537 1113 2600; x_wconf 77' lang='lat' dir='ltr'>oti&#39;ensa,</span> <span class='ocrx_word' id='word_1_231' title='bbox 1147 2546 1290 2613; x_wconf 72' lang='lat' dir='ltr'>qnatenus</span> <span class='ocrx_word' id='word_1_232' title='bbox 1325 2535 1401 2592; x_wconf 88' lang='lat' dir='ltr'>baec</span> <span class='ocrx_word' id='word_1_233' title='bbox 1438 2535 1559 2594; x_wconf 62' lang='lat' dir='ltr'>borum</span> 
     </span>
     <span class='ocr_line' id='line_1_25' title="bbox 310 2619 1556 2700; baseline 0.005 -26"><span class='ocrx_word' id='word_1_234' title='bbox 310 2619 512 2695; x_wconf 89' lang='lat' dir='ltr'>cornplcetitnr·</span> <span class='ocrx_word' id='word_1_235' title='bbox 535 2640 636 2675; x_wconf 89' lang='lat' dir='ltr'>ornnes</span> <span class='ocrx_word' id='word_1_236' title='bbox 662 2621 717 2676; x_wconf 80' lang='lat' dir='ltr'>liei</span> <span class='ocrx_word' id='word_1_237' title='bbox 742 2623 935 2696; x_wconf 69' lang='lat' dir='ltr'>perlectionem</span> <span class='ocrx_word' id='word_1_238' title='bbox 963 2621 1206 2700; x_wconf 69' lang='lat' dir='ltr'>t.llplionsus</span> <span class='ocrx_word' id='word_1_239' title='bbox 1230 2623 1304 2697; x_wconf 81' lang='lat' dir='ltr'>Lig.</span> <span class='ocrx_word' id='word_1_240' title='bbox 1328 2622 1346 2678; x_wconf 91' lang='lat' dir='ltr'>l.</span> <span class='ocrx_word' id='word_1_241' title='bbox 1371 2627 1399 2694; x_wconf 76' lang='lat' dir='ltr'>o&#39;,</span> <span class='ocrx_word' id='word_1_242' title='bbox 1427 2645 1457 2680; x_wconf 91' lang='lat' dir='ltr'>n.</span> <span class='ocrx_word' id='word_1_243' title='bbox 1483 2627 1556 2680; x_wconf 51' lang='lat'>4:35*</span> 
     </span>
     <span class='ocr_line' id='line_1_26' title="bbox 311 2705 1556 2787; baseline 0.005 -27"><span class='ocrx_word' id='word_1_244' title='bbox 311 2718 360 2761; x_wconf 85' lang='lat' dir='ltr'>ant</span> <span class='ocrx_word' id='word_1_245' title='bbox 391 2705 467 2781; x_wconf 87' lang='lat' dir='ltr'>qnod</span> <span class='ocrx_word' id='word_1_246' title='bbox 498 2727 534 2760; x_wconf 75' lang='lat' dir='ltr'>ex</span> <span class='ocrx_word' id='word_1_247' title='bbox 559 2706 707 2762; x_wconf 85' lang='lat' dir='ltr'>attributis</span> <span class='ocrx_word' id='word_1_248' title='bbox 738 2709 871 2764; x_wconf 70' lang='lat' dir='ltr'>relativis</span> <span class='ocrx_word' id='word_1_249' title='bbox 895 2710 1092 2785; x_wconf 76' lang='lat' dir='ltr'>imperfectior</span> <span class='ocrx_word' id='word_1_250' title='bbox 1122 2729 1203 2766; x_wconf 86' lang='lat' dir='ltr'>amor·</span> <span class='ocrx_word' id='word_1_251' title='bbox 1233 2725 1369 2778; x_wconf 79' lang='lat' dir='ltr'>oreretur,</span> <span class='ocrx_word' id='word_1_252' title='bbox 1402 2731 1494 2787; x_wconf 82' lang='lat' dir='ltr'>quain</span> <span class='ocrx_word' id='word_1_253' title='bbox 1519 2733 1556 2767; x_wconf 75' lang='lat' dir='ltr'>cx</span> 
     </span>
     <span class='ocr_line' id='line_1_27' title="bbox 310 2791 1556 2869; baseline 0.002 -22"><span class='ocrx_word' id='word_1_254' title='bbox 310 2792 457 2849; x_wconf 82' lang='lat' dir='ltr'>attributis</span> <span class='ocrx_word' id='word_1_255' title='bbox 482 2791 630 2848; x_wconf 76' lang='lat' dir='ltr'>absolutis.</span> <span class='ocrx_word' id='word_1_256' title='bbox 657 2795 747 2869; x_wconf 72' lang='lat' dir='ltr'>Atqui</span> <span class='ocrx_word' id='word_1_257' title='bbox 772 2797 913 2851; x_wconf 76' lang='lat' dir='ltr'>motivum</span> <span class='ocrx_word' id='word_1_258' title='bbox 939 2797 1069 2852; x_wconf 72' lang='lat' dir='ltr'>cerritatis</span> <span class='ocrx_word' id='word_1_259' title='bbox 1088 2793 1129 2856; x_wconf 82' lang='lat' dir='ltr'>At</span> <span class='ocrx_word' id='word_1_260' title='bbox 1153 2816 1211 2852; x_wconf 89' lang='lat' dir='ltr'>non</span> <span class='ocrx_word' id='word_1_261' title='bbox 1234 2797 1368 2853; x_wconf 75' lang='lat' dir='ltr'>consistit</span> <span class='ocrx_word' id='word_1_262' title='bbox 1384 2803 1556 2854; x_wconf 77' lang='lat' dir='ltr'>necessario</span> 
     </span>
     <span class='ocr_line' id='line_1_28' title="bbox 310 2878 1557 2952; baseline 0.006 -19"><span class='ocrx_word' id='word_1_263' title='bbox 310 2880 339 2933; x_wconf 92' lang='lat' dir='ltr'>in</span> <span class='ocrx_word' id='word_1_264' title='bbox 364 2879 537 2935; x_wconf 77' lang='lat' dir='ltr'>collectione</span> <span class='ocrx_word' id='word_1_265' title='bbox 568 2878 772 2936; x_wconf 86' lang='lat' dir='ltr'>attrilmtonnn</span> <span class='ocrx_word' id='word_1_266' title='bbox 796 2884 935 2938; x_wconf 87' lang='lat' dir='ltr'>omniurn.</span> <span class='ocrx_word' id='word_1_267' title='bbox 967 2883 1043 2938; x_wconf 77' lang='lat' dir='ltr'>Nam</span> <span class='ocrx_word' id='word_1_268' title='bbox 1072 2883 1109 2952; x_wconf 79' lang='lat' dir='ltr'>a)</span> <span class='ocrx_word' id='word_1_269' title='bbox 1133 2897 1215 2939; x_wconf 88' lang='lat' dir='ltr'>aetus</span> <span class='ocrx_word' id='word_1_270' title='bbox 1245 2884 1375 2940; x_wconf 84' lang='lat' dir='ltr'>caritatis</span> <span class='ocrx_word' id='word_1_271' title='bbox 1409 2901 1482 2940; x_wconf 82' lang='lat' dir='ltr'>tnnc</span> <span class='ocrx_word' id='word_1_272' title='bbox 1505 2885 1557 2940; x_wconf 86' lang='lat' dir='ltr'>bu-</span> 
     </span>
     <span class='ocr_line' id='line_1_29' title="bbox 309 2964 1554 3046; baseline 0.01 -31"><span class='ocrx_word' id='word_1_273' title='bbox 309 2964 401 3033; x_wconf 74' lang='lat' dir='ltr'>betur,</span> <span class='ocrx_word' id='word_1_274' title='bbox 424 2985 488 3020; x_wconf 88' lang='lat' dir='ltr'>cum</span> <span class='ocrx_word' id='word_1_275' title='bbox 506 2986 648 3022; x_wconf 88' lang='lat' dir='ltr'>sunnrmm</span> <span class='ocrx_word' id='word_1_276' title='bbox 674 2966 780 3023; x_wconf 92' lang='lat' dir='ltr'>bonnm</span> <span class='ocrx_word' id='word_1_277' title='bbox 805 2982 919 3025; x_wconf 82' lang='lat' dir='ltr'>uitiatur</span> <span class='ocrx_word' id='word_1_278' title='bbox 941 2979 1059 3045; x_wconf 88' lang='lat' dir='ltr'>propter</span> <span class='ocrx_word' id='word_1_279' title='bbox 1082 2989 1111 3026; x_wconf 83' lang='lat' dir='ltr'>se</span> <span class='ocrx_word' id='word_1_280' title='bbox 1129 2972 1231 3045; x_wconf 86' lang='lat' dir='ltr'>ipsum.</span> <span class='ocrx_word' id='word_1_281' title='bbox 1248 2971 1340 3046; x_wconf 80' lang='lat' dir='ltr'>Atqui</span> <span class='ocrx_word' id='word_1_282' title='bbox 1364 2969 1421 3026; x_wconf 85' lang='lat' dir='ltr'>huc.</span> <span class='ocrx_word' id='word_1_283' title='bbox 1438 2974 1554 3028; x_wconf 83' lang='lat' dir='ltr'>rarione</span> 
     </span>
     <span class='ocr_line' id='line_1_30' title="bbox 309 3053 1549 3134; baseline 0.006 -28"><span class='ocrx_word' id='word_1_284' title='bbox 309 3065 423 3106; x_wconf 84' lang='lat' dir='ltr'>uniatur</span> <span class='ocrx_word' id='word_1_285' title='bbox 452 3054 550 3110; x_wconf 68' lang='lat' dir='ltr'>tetiam.</span> <span class='ocrx_word' id='word_1_286' title='bbox 579 3073 644 3109; x_wconf 88' lang='lat' dir='ltr'>curn</span> <span class='ocrx_word' id='word_1_287' title='bbox 674 3053 808 3125; x_wconf 59' lang='lat' dir='ltr'>diligitur</span> <span class='ocrx_word' id='word_1_288' title='bbox 831 3069 948 3131; x_wconf 91' lang='lat' dir='ltr'>propter</span> <span class='ocrx_word' id='word_1_289' title='bbox 978 3055 1148 3113; x_wconf 89' lang='lat' dir='ltr'>attributum</span> <span class='ocrx_word' id='word_1_290' title='bbox 1177 3054 1296 3134; x_wconf 87' lang='lat' dir='ltr'>aliquod</span> <span class='ocrx_word' id='word_1_291' title='bbox 1327 3055 1495 3131; x_wconf 73' lang='lat' dir='ltr'>relativum,</span> <span class='ocrx_word' id='word_1_292' title='bbox 1519 3075 1549 3114; x_wconf 86' lang='grc' dir='ltr'>ιιι</span> 
     </span>
     <span class='ocr_line' id='line_1_31' title="bbox 309 3142 1553 3220; baseline 0.006 -27"><span class='ocrx_word' id='word_1_293' title='bbox 309 3158 436 3194; x_wconf 90' lang='lat' dir='ltr'>amorem</span> <span class='ocrx_word' id='word_1_294' title='bbox 460 3159 542 3195; x_wconf 84' lang='lat' dir='ltr'>stium</span> <span class='ocrx_word' id='word_1_295' title='bbox 566 3161 635 3214; x_wconf 57' lang='lat' dir='ltr'>eiua</span> <span class='ocrx_word' id='word_1_296' title='bbox 652 3162 716 3199; x_wconf 82' lang='lat' dir='ltr'>nos:</span> <span class='ocrx_word' id='word_1_297' title='bbox 742 3162 808 3197; x_wconf 88' lang='lat' dir='ltr'>nam</span> <span class='ocrx_word' id='word_1_298' title='bbox 827 3142 874 3198; x_wconf 91' lang='lat' dir='ltr'>bic</span> <span class='ocrx_word' id='word_1_299' title='bbox 898 3163 979 3198; x_wconf 88' lang='lat' dir='ltr'>amor</span> <span class='ocrx_word' id='word_1_300' title='bbox 1001 3145 1063 3200; x_wconf 86' lang='lat' dir='ltr'>eius</span> <span class='ocrx_word' id='word_1_301' title='bbox 1086 3155 1129 3200; x_wconf 84' lang='lat' dir='ltr'>est</span> <span class='ocrx_word' id='word_1_302' title='bbox 1146 3145 1240 3219; x_wconf 89' lang='lat' dir='ltr'>ipsum</span> <span class='ocrx_word' id='word_1_303' title='bbox 1264 3163 1408 3200; x_wconf 82' lang='lat' dir='ltr'>summum</span> <span class='ocrx_word' id='word_1_304' title='bbox 1433 3143 1553 3220; x_wconf 68' lang='lat' dir='ltr'>bonum,</span> 
     </span>
     <span class='ocr_line' id='line_1_32' title="bbox 309 3227 1552 3306; baseline 0.005 -26"><span class='ocrx_word' id='word_1_305' title='bbox 309 3227 450 3300; x_wconf 77' lang='lat' dir='ltr'>periet-tio</span> <span class='ocrx_word' id='word_1_306' title='bbox 463 3227 615 3295; x_wconf 75' lang='lat' dir='ltr'>innnensa,</span> <span class='ocrx_word' id='word_1_307' title='bbox 640 3227 821 3285; x_wconf 87' lang='lat' dir='ltr'>identiticata</span> <span class='ocrx_word' id='word_1_308' title='bbox 834 3249 897 3284; x_wconf 83' lang='lat' dir='ltr'>cunt</span> <span class='ocrx_word' id='word_1_309' title='bbox 913 3230 984 3296; x_wconf 61' lang='lat' dir='ltr'>lieo²</span> <span class='ocrx_word' id='word_1_310' title='bbox 1004 3229 1071 3286; x_wconf 89' lang='lat' dir='ltr'>licet</span> <span class='ocrx_word' id='word_1_311' title='bbox 1085 3250 1136 3306; x_wconf 87' lang='lat' dir='ltr'>per</span> <span class='ocrx_word' id='word_1_312' title='bbox 1148 3229 1374 3287; x_wconf 83' lang='lat' dir='ltr'>abstractionem</span> <span class='ocrx_word' id='word_1_313' title='bbox 1389 3231 1552 3292; x_wconf 76' lang='lat' dir='ltr'>formalem,</span> 
     </span>
     <span class='ocr_line' id='line_1_33' title="bbox 309 3314 1551 3393; baseline 0.006 -26"><span class='ocrx_word' id='word_1_314' title='bbox 309 3333 367 3368; x_wconf 95' lang='lat' dir='ltr'>non</span> <span class='ocrx_word' id='word_1_315' title='bbox 399 3332 450 3387; x_wconf 89' lang='lat' dir='ltr'>per</span> <span class='ocrx_word' id='word_1_316' title='bbox 473 3315 684 3387; x_wconf 80' lang='lat' dir='ltr'>praecisionem</span> <span class='ocrx_word' id='word_1_317' title='bbox 709 3314 894 3384; x_wconf 77' lang='lat' dir='ltr'>obiecdram,</span> <span class='ocrx_word' id='word_1_318' title='bbox 922 3315 974 3372; x_wconf 90' lang='lat' dir='ltr'>sub</span> <span class='ocrx_word' id='word_1_319' title='bbox 999 3329 1132 3393; x_wconf 84' lang='lat' dir='ltr'>respectu</span> <span class='ocrx_word' id='word_1_320' title='bbox 1162 3325 1274 3373; x_wconf 87' lang='lat' dir='ltr'>tantum</span> <span class='ocrx_word' id='word_1_321' title='bbox 1299 3337 1356 3374; x_wconf 91' lang='lat' dir='ltr'>uno</span> <span class='ocrx_word' id='word_1_322' title='bbox 1388 3317 1434 3375; x_wconf 85' lang='lat' dir='ltr'>rel</span> <span class='ocrx_word' id='word_1_323' title='bbox 1458 3318 1551 3374; x_wconf 82' lang='lat' dir='ltr'>alteru</span> 
     </span>
     <span class='ocr_line' id='line_1_34' title="bbox 308 3394 1550 3480; baseline 0.004 -26"><span class='ocrx_word' id='word_1_324' title='bbox 308 3398 515 3455; x_wconf 77' lang='lat' dir='ltr'>consideretur.</span> <span class='ocrx_word' id='word_1_325' title='bbox 541 3394 574 3472; x_wconf 79' lang='lat' dir='ltr'>b)</span> <span class='ocrx_word' id='word_1_326' title='bbox 599 3403 689 3457; x_wconf 59' lang='lat' dir='ltr'>:letus</span> <span class='ocrx_word' id='word_1_327' title='bbox 702 3404 832 3458; x_wconf 84' lang='lat' dir='ltr'>caritatis</span> <span class='ocrx_word' id='word_1_328' title='bbox 856 3402 975 3459; x_wconf 84' lang='lat' dir='ltr'>deberet</span> <span class='ocrx_word' id='word_1_329' title='bbox 999 3403 1132 3460; x_wconf 88' lang='lat' dir='ltr'>eliciant</span> <span class='ocrx_word' id='word_1_330' title='bbox 1155 3423 1192 3460; x_wconf 84' lang='lat' dir='ltr'>ex</span> <span class='ocrx_word' id='word_1_331' title='bbox 1205 3406 1349 3480; x_wconf 84' lang='lat' dir='ltr'>percursis</span> <span class='ocrx_word' id='word_1_332' title='bbox 1373 3404 1550 3480; x_wconf 74' lang='lat' dir='ltr'>specialibus</span> 
     </span>
     <span class='ocr_line' id='line_1_35' title="bbox 255 3485 1547 3568; baseline 0.007 -31"><span class='ocrx_word' id='word_1_333' title='bbox 255 3517 259 3525; x_wconf 92' lang='lat'>-</span> <span class='ocrx_word' id='word_1_334' title='bbox 308 3485 443 3541; x_wconf 87' lang='lat' dir='ltr'>ornnibns</span> <span class='ocrx_word' id='word_1_335' title='bbox 473 3487 701 3560; x_wconf 86' lang='lat' dir='ltr'>perl&#39;eetionilms</span> <span class='ocrx_word' id='word_1_336' title='bbox 725 3502 773 3544; x_wconf 86' lang='lat' dir='ltr'>ant</span> <span class='ocrx_word' id='word_1_337' title='bbox 798 3510 833 3545; x_wconf 77' lang='lat' dir='ltr'>ex</span> <span class='ocrx_word' id='word_1_338' title='bbox 858 3489 1043 3566; x_wconf 76' lang='lat' dir='ltr'>rqqn&#39;ebensa</span> <span class='ocrx_word' id='word_1_339' title='bbox 1074 3490 1252 3566; x_wconf 84' lang='lat' dir='ltr'>perfectione</span> <span class='ocrx_word' id='word_1_340' title='bbox 1276 3493 1422 3565; x_wconf 80' lang='lat' dir='ltr'>generice.</span> <span class='ocrx_word' id='word_1_341' title='bbox 1456 3494 1547 3568; x_wconf 76' lang='lat' dir='ltr'>Atqui</span> 
     </span>
     <span class='ocr_line' id='line_1_36' title="bbox 308 3571 1547 3653; baseline 0.005 -26"><span class='ocrx_word' id='word_1_342' title='bbox 308 3574 386 3647; x_wconf 82' lang='lat' dir='ltr'>prius</span> <span class='ocrx_word' id='word_1_343' title='bbox 407 3571 478 3628; x_wconf 92' lang='lat' dir='ltr'>illud</span> <span class='ocrx_word' id='word_1_344' title='bbox 492 3586 569 3629; x_wconf 87' lang='lat' dir='ltr'>certe</span> <span class='ocrx_word' id='word_1_345' title='bbox 584 3594 640 3629; x_wconf 92' lang='lat' dir='ltr'>non</span> <span class='ocrx_word' id='word_1_346' title='bbox 654 3588 748 3650; x_wconf 89' lang='lat' dir='ltr'>potest</span> <span class='ocrx_word' id='word_1_347' title='bbox 760 3577 835 3633; x_wconf 84' lang='lat' dir='ltr'>lieri:</span> <span class='ocrx_word' id='word_1_348' title='bbox 852 3579 897 3633; x_wconf 88' lang='lat' dir='ltr'>sin</span> <span class='ocrx_word' id='word_1_349' title='bbox 912 3577 1033 3633; x_wconf 88' lang='lat' dir='ltr'>alterum</span> <span class='ocrx_word' id='word_1_350' title='bbox 1052 3577 1221 3653; x_wconf 71' lang='lat' dir='ltr'>postulatur,</span> <span class='ocrx_word' id='word_1_351' title='bbox 1234 3577 1396 3653; x_wconf 87' lang='lat' dir='ltr'>postulatur</span> <span class='ocrx_word' id='word_1_352' title='bbox 1407 3581 1547 3634; x_wconf 71' lang='lat' dir='ltr'>motivum</span> 
     </span>
     <span class='ocr_line' id='line_1_37' title="bbox 308 3658 1547 3740; baseline 0.008 -28"><span class='ocrx_word' id='word_1_353' title='bbox 308 3658 394 3715; x_wconf 76' lang='lat' dir='ltr'>valde</span> <span class='ocrx_word' id='word_1_354' title='bbox 411 3660 559 3715; x_wconf 82' lang='lat' dir='ltr'>inettioax.</span> <span class='ocrx_word' id='word_1_355' title='bbox 586 3664 745 3735; x_wconf 68' lang='lat' dir='ltr'>‚Quinirno</span> <span class='ocrx_word' id='word_1_356' title='bbox 763 3665 814 3720; x_wconf 75' lang='lat' dir='ltr'>rix</span> <span class='ocrx_word' id='word_1_357' title='bbox 827 3665 889 3720; x_wconf 81' lang='lat' dir='ltr'>tier-i</span> <span class='ocrx_word' id='word_1_358' title='bbox 906 3677 1008 3740; x_wconf 70' lang='lat' dir='ltr'>potest,</span> <span class='ocrx_word' id='word_1_359' title='bbox 1025 3677 1056 3721; x_wconf 93' lang='lat' dir='ltr'>ut</span> <span class='ocrx_word' id='word_1_360' title='bbox 1068 3684 1151 3721; x_wconf 84' lang='lat' dir='ltr'>utens</span> <span class='ocrx_word' id='word_1_361' title='bbox 1167 3665 1259 3721; x_wconf 81' lang='lat' dir='ltr'>lleum</span> <span class='ocrx_word' id='word_1_362' title='bbox 1275 3666 1396 3721; x_wconf 84' lang='lat' dir='ltr'>caritate</span> <span class='ocrx_word' id='word_1_363' title='bbox 1412 3668 1547 3740; x_wconf 71' lang='lat' dir='ltr'>attingat.</span> 
     </span>
     <span class='ocr_line' id='line_1_38' title="bbox 307 3745 1545 3828; baseline 0.008 -32"><span class='ocrx_word' id='word_1_364' title='bbox 307 3748 377 3821; x_wconf 71' lang='lat' dir='ltr'>(pun</span> <span class='ocrx_word' id='word_1_365' title='bbox 409 3745 445 3801; x_wconf 84' lang='lat' dir='ltr'>ab</span> <span class='ocrx_word' id='word_1_366' title='bbox 478 3747 578 3822; x_wconf 87' lang='lat' dir='ltr'>aliqua</span> <span class='ocrx_word' id='word_1_367' title='bbox 608 3751 703 3824; x_wconf 87' lang='lat' dir='ltr'>potius</span> <span class='ocrx_word' id='word_1_368' title='bbox 728 3751 773 3805; x_wconf 80' lang='lat' dir='ltr'>vel</span> <span class='ocrx_word' id='word_1_369' title='bbox 803 3751 950 3827; x_wconf 85' lang='lat' dir='ltr'>aliquibus</span> <span class='ocrx_word' id='word_1_370' title='bbox 981 3749 1157 3828; x_wconf 84' lang='lat' dir='ltr'>specialibus</span> <span class='ocrx_word' id='word_1_371' title='bbox 1188 3749 1415 3827; x_wconf 77' lang='lat' dir='ltr'>perfectionibus</span> <span class='ocrx_word' id='word_1_372' title='bbox 1447 3751 1484 3808; x_wconf 86' lang='lat' dir='ltr'>ad</span> <span class='ocrx_word' id='word_1_373' title='bbox 1516 3749 1545 3806; x_wconf 85' lang='lat' dir='ltr'>id</span> 
     </span>
     <span class='ocr_line' id='line_1_39' title="bbox 308 3836 1545 3912; baseline 0.005 -26"><span class='ocrx_word' id='word_1_374' title='bbox 308 3846 470 3901; x_wconf 64' lang='lat' dir='ltr'>moventem</span> <span class='ocrx_word' id='word_1_375' title='bbox 504 3855 598 3909; x_wconf 88' lang='lat' dir='ltr'>neque</span> <span class='ocrx_word' id='word_1_376' title='bbox 630 3838 708 3890; x_wconf 90' lang='lat' dir='ltr'>enim</span> <span class='ocrx_word' id='word_1_377' title='bbox 741 3839 770 3892; x_wconf 93' lang='lat' dir='ltr'>in</span> <span class='ocrx_word' id='word_1_378' title='bbox 801 3849 936 3894; x_wconf 78' lang='lat' dir='ltr'>etmercto</span> <span class='ocrx_word' id='word_1_379' title='bbox 969 3839 1080 3906; x_wconf 76' lang='lat' dir='ltr'>moveri</span> <span class='ocrx_word' id='word_1_380' title='bbox 1116 3837 1211 3894; x_wconf 87' lang='lat' dir='ltr'>solent</span> <span class='ocrx_word' id='word_1_381' title='bbox 1245 3836 1378 3894; x_wconf 85' lang='lat' dir='ltr'>homines</span> <span class='ocrx_word' id='word_1_382' title='bbox 1409 3839 1545 3912; x_wconf 77' lang='lat' dir='ltr'>generice</span> 
     </span>
     <span class='ocr_line' id='line_1_40' title="bbox 305 3917 1545 4002; baseline 0.006 -30"><span class='ocrx_word' id='word_1_383' title='bbox 305 3917 372 3975; x_wconf 88' lang='lat' dir='ltr'>idea</span> <span class='ocrx_word' id='word_1_384' title='bbox 397 3920 592 3994; x_wconf 80' lang='lat' dir='ltr'>perlectionis,</span> <span class='ocrx_word' id='word_1_385' title='bbox 616 3921 666 3977; x_wconf 86' lang='lat' dir='ltr'>sed</span> <span class='ocrx_word' id='word_1_386' title='bbox 692 3926 786 3998; x_wconf 82' lang='lat' dir='ltr'>potitis</span> <span class='ocrx_word' id='word_1_387' title='bbox 806 3945 917 3980; x_wconf 88' lang='lat' dir='ltr'>sunnno</span> <span class='ocrx_word' id='word_1_388' title='bbox 942 3923 1026 3995; x_wconf 75' lang='lat' dir='ltr'>bono,</span> <span class='ocrx_word' id='word_1_389' title='bbox 1049 3923 1126 4002; x_wconf 88' lang='lat' dir='ltr'>quod</span> <span class='ocrx_word' id='word_1_390' title='bbox 1151 3926 1181 3982; x_wconf 91' lang='lat' dir='ltr'>iu</span> <span class='ocrx_word' id='word_1_391' title='bbox 1205 3923 1428 4001; x_wconf 82' lang='lat' dir='ltr'>particularibus</span> <span class='ocrx_word' id='word_1_392' title='bbox 1444 3925 1545 3982; x_wconf 87' lang='lat' dir='ltr'>elucet.</span> 
     </span>
     <span class='ocr_line' id='line_1_41' title="bbox 306 4004 1546 4087; baseline 0.007 -28"><span class='ocrx_word' id='word_1_393' title='bbox 306 4004 341 4059; x_wconf 90' lang='lat' dir='ltr'>ld</span> <span class='ocrx_word' id='word_1_394' title='bbox 365 4026 434 4061; x_wconf 77' lang='lat' dir='ltr'>vcro</span> <span class='ocrx_word' id='word_1_395' title='bbox 465 4006 532 4061; x_wconf 89' lang='lat' dir='ltr'>dum</span> <span class='ocrx_word' id='word_1_396' title='bbox 558 4009 588 4063; x_wconf 92' lang='lat' dir='ltr'>lit</span> <span class='ocrx_word' id='word_1_397' title='bbox 621 4029 679 4064; x_wconf 92' lang='lat' dir='ltr'>non</span> <span class='ocrx_word' id='word_1_398' title='bbox 703 4009 898 4066; x_wconf 70' lang='lat' dir='ltr'>excludemur</span> <span class='ocrx_word' id='word_1_399' title='bbox 920 4012 996 4067; x_wconf 83' lang='lat' dir='ltr'>aliae</span> <span class='ocrx_word' id='word_1_400' title='bbox 1020 4011 1221 4087; x_wconf 74' lang='lat' dir='ltr'>perfectiones,</span> <span class='ocrx_word' id='word_1_401' title='bbox 1249 4011 1301 4068; x_wconf 86' lang='lat' dir='ltr'>sed</span> <span class='ocrx_word' id='word_1_402' title='bbox 1324 4031 1382 4068; x_wconf 90' lang='lat' dir='ltr'>non</span> <span class='ocrx_word' id='word_1_403' title='bbox 1414 4010 1546 4068; x_wconf 84' lang='lat' dir='ltr'>conside-</span> 
     </span>
     <span class='ocr_line' id='line_1_42' title="bbox 306 4094 1545 4174; baseline 0.007 -29"><span class='ocrx_word' id='word_1_404' title='bbox 306 4102 407 4146; x_wconf 88' lang='lat' dir='ltr'>rantur</span> <span class='ocrx_word' id='word_1_405' title='bbox 437 4094 602 4167; x_wconf 70' lang='lat' dir='ltr'>speciatum</span> <span class='ocrx_word' id='word_1_406' title='bbox 640 4116 733 4172; x_wconf 87' lang='lat' dir='ltr'>neque</span> <span class='ocrx_word' id='word_1_407' title='bbox 769 4097 828 4152; x_wconf 86' lang='lat' dir='ltr'>nlla</span> <span class='ocrx_word' id='word_1_408' title='bbox 858 4097 988 4173; x_wconf 86' lang='lat' dir='ltr'>alioquin</span> <span class='ocrx_word' id='word_1_409' title='bbox 1022 4109 1143 4174; x_wconf 84' lang='lat' dir='ltr'>apparet</span> <span class='ocrx_word' id='word_1_410' title='bbox 1176 4100 1257 4160; x_wconf 78' lang='lat' dir='ltr'>ratio.</span> <span class='ocrx_word' id='word_1_411' title='bbox 1291 4109 1413 4156; x_wconf 84' lang='lat' dir='ltr'>curant</span> <span class='ocrx_word' id='word_1_412' title='bbox 1446 4119 1545 4155; x_wconf 77' lang='lat' dir='ltr'>omnes</span> 
     </span>
     <span class='ocr_line' id='line_1_43' title="bbox 305 4179 1542 4261; baseline 0.006 -27"><span class='ocrx_word' id='word_1_413' title='bbox 305 4180 457 4254; x_wconf 86' lang='lat' dir='ltr'>speciatim</span> <span class='ocrx_word' id='word_1_414' title='bbox 483 4179 572 4254; x_wconf 65' lang='lat' dir='ltr'>(qnod</span> <span class='ocrx_word' id='word_1_415' title='bbox 598 4182 778 4256; x_wconf 83' lang='lat' dir='ltr'>impossibile</span> <span class='ocrx_word' id='word_1_416' title='bbox 806 4187 892 4251; x_wconf 73' lang='lat' dir='ltr'>l&#39;orett</span> <span class='ocrx_word' id='word_1_417' title='bbox 924 4201 973 4240; x_wconf 85' lang='lat' dir='ltr'>ain</span> <span class='ocrx_word' id='word_1_418' title='bbox 1004 4183 1202 4260; x_wconf 81' lang='lat' dir='ltr'>conglobatim</span> <span class='ocrx_word' id='word_1_419' title='bbox 1232 4187 1358 4261; x_wconf 87' lang='lat' dir='ltr'>spectari</span> <span class='ocrx_word' id='word_1_420' title='bbox 1389 4183 1542 4241; x_wconf 80' lang='lat' dir='ltr'>debeant·</span> 
     </span>
     <span class='ocr_line' id='line_1_44' title="bbox 307 4265 1254 4347; baseline 0.006 -27"><span class='ocrx_word' id='word_1_421' title='bbox 307 4265 725 4331; x_wconf 61' lang='lat' dir='ltr'>llullerini-l&#39;alrnicri,</span> <span class='ocrx_word' id='word_1_422' title='bbox 750 4274 805 4345; x_wconf 77' lang='lat' dir='ltr'>(lp.</span> <span class='ocrx_word' id='word_1_423' title='bbox 829 4292 899 4326; x_wconf 86' lang='lat' dir='ltr'>nior.</span> <span class='ocrx_word' id='word_1_424' title='bbox 923 4269 979 4327; x_wconf 74' lang='lat' dir='ltr'>vol.</span> <span class='ocrx_word' id='word_1_425' title='bbox 1004 4274 1031 4342; x_wconf 70' lang='grc' dir='ltr'>ἵ),</span> <span class='ocrx_word' id='word_1_426' title='bbox 1056 4293 1076 4328; x_wconf 87' lang='lat' dir='ltr'>s.</span> <span class='ocrx_word' id='word_1_427' title='bbox 1102 4275 1130 4347; x_wconf 64' lang='lat' dir='ltr'>ti,</span> <span class='ocrx_word' id='word_1_428' title='bbox 1152 4293 1180 4333; x_wconf 76' lang='grc' dir='ltr'>ιι,</span> <span class='ocrx_word' id='word_1_429' title='bbox 1205 4275 1254 4327; x_wconf 73' lang='lat' dir='ltr'>tlt).</span> 
     </span>
    </p>

    <p class='ocr_par' dir='ltr' id='par_1_5' title="bbox 303 4347 1543 4780">
     <span class='ocr_line' id='line_1_45' title="bbox 409 4347 1539 4435; baseline 0.001 -24"><span class='ocrx_word' id='word_1_430' title='bbox 409 4347 454 4429; x_wconf 80' lang='grc' dir='ltr'>Β)</span> <span class='ocrx_word' id='word_1_431' title='bbox 478 4354 581 4430; x_wconf 78' lang='lat' dir='ltr'>Neque</span> <span class='ocrx_word' id='word_1_432' title='bbox 605 4375 640 4410; x_wconf 84' lang='lat' dir='ltr'>ex</span> <span class='ocrx_word' id='word_1_433' title='bbox 666 4355 813 4411; x_wconf 83' lang='lat' dir='ltr'>attrilnitis</span> <span class='ocrx_word' id='word_1_434' title='bbox 835 4356 975 4414; x_wconf 84' lang='lat' dir='ltr'>absolutis</span> <span class='ocrx_word' id='word_1_435' title='bbox 999 4358 1155 4434; x_wconf 81' lang='lat' dir='ltr'>perlectior</span> <span class='ocrx_word' id='word_1_436' title='bbox 1177 4378 1258 4415; x_wconf 89' lang='lat' dir='ltr'>amor</span> <span class='ocrx_word' id='word_1_437' title='bbox 1280 4377 1332 4435; x_wconf 85' lang='lat' dir='ltr'>pei·</span> <span class='ocrx_word' id='word_1_438' title='bbox 1354 4379 1385 4414; x_wconf 83' lang='lat' dir='ltr'>se</span> <span class='ocrx_word' id='word_1_439' title='bbox 1407 4357 1539 4414; x_wconf 85' lang='lat' dir='ltr'>resultat:</span> 
     </span>
     <span class='ocr_line' id='line_1_46' title="bbox 305 4443 1543 4522; baseline 0.004 -27"><span class='ocrx_word' id='word_1_440' title='bbox 305 4459 372 4495; x_wconf 88' lang='lat' dir='ltr'>nam</span> <span class='ocrx_word' id='word_1_441' title='bbox 399 4455 550 4517; x_wconf 78' lang='lat' dir='ltr'>utrnnnpie</span> <span class='ocrx_word' id='word_1_442' title='bbox 575 4444 717 4498; x_wconf 75' lang='lat' dir='ltr'>motivum</span> <span class='ocrx_word' id='word_1_443' title='bbox 742 4457 785 4497; x_wconf 87' lang='lat' dir='ltr'>est</span> <span class='ocrx_word' id='word_1_444' title='bbox 813 4443 944 4499; x_wconf 84' lang='lat' dir='ltr'>eiusdem</span> <span class='ocrx_word' id='word_1_445' title='bbox 978 4444 1178 4520; x_wconf 81' lang='lat' dir='ltr'>perfectionis:</span> <span class='ocrx_word' id='word_1_446' title='bbox 1210 4464 1304 4520; x_wconf 86' lang='lat' dir='ltr'>neque</span> <span class='ocrx_word' id='word_1_447' title='bbox 1327 4463 1378 4522; x_wconf 86' lang='lat' dir='ltr'>per</span> <span class='ocrx_word' id='word_1_448' title='bbox 1401 4443 1543 4506; x_wconf 81' lang='lat' dir='ltr'>accidens,</span> 
     </span>
     <span class='ocr_line' id='line_1_47' title="bbox 306 4527 1540 4606; baseline 0.004 -26"><span class='ocrx_word' id='word_1_449' title='bbox 306 4527 422 4582; x_wconf 77' lang='lat' dir='ltr'>Etenim</span> <span class='ocrx_word' id='word_1_450' title='bbox 447 4528 608 4585; x_wconf 84' lang='lat' dir='ltr'>similitudo</span> <span class='ocrx_word' id='word_1_451' title='bbox 632 4528 726 4597; x_wconf 69' lang='lat' dir='ltr'>(tinio)</span> <span class='ocrx_word' id='word_1_452' title='bbox 750 4548 813 4585; x_wconf 90' lang='lat' dir='ltr'>cum</span> <span class='ocrx_word' id='word_1_453' title='bbox 846 4529 922 4586; x_wconf 92' lang='lat' dir='ltr'>bono</span> <span class='ocrx_word' id='word_1_454' title='bbox 953 4547 996 4587; x_wconf 85' lang='lat' dir='ltr'>est</span> <span class='ocrx_word' id='word_1_455' title='bbox 1020 4551 1108 4588; x_wconf 81' lang='lat' dir='ltr'>causa</span> <span class='ocrx_word' id='word_1_456' title='bbox 1141 4530 1375 4606; x_wconf 78' lang='lat' dir='ltr'>(tundamentum</span> <span class='ocrx_word' id='word_1_457' title='bbox 1398 4532 1540 4606; x_wconf 70' lang='lat' dir='ltr'>outologi-</span> 
     </span>
     <span class='ocr_line' id='line_1_48' title="bbox 303 4615 1541 4696; baseline 0.005 -29"><span class='ocrx_word' id='word_1_458' title='bbox 303 4624 381 4677; x_wconf 74' lang='lat' dir='ltr'>cuni}</span> <span class='ocrx_word' id='word_1_459' title='bbox 405 4617 512 4670; x_wconf 85' lang='lat' dir='ltr'>amoris</span> <span class='ocrx_word' id='word_1_460' title='bbox 535 4618 623 4671; x_wconf 84' lang='lat' dir='ltr'>etium</span> <span class='ocrx_word' id='word_1_461' title='bbox 649 4615 881 4672; x_wconf 77' lang='lat' dir='ltr'>benevolentiae.</span> <span class='ocrx_word' id='word_1_462' title='bbox 910 4618 973 4673; x_wconf 57' lang='lat' dir='ltr'>„lex</span> <span class='ocrx_word' id='word_1_463' title='bbox 1000 4618 1052 4673; x_wconf 85' lang='lat' dir='ltr'>boc</span> <span class='ocrx_word' id='word_1_464' title='bbox 1068 4620 1156 4684; x_wconf 80' lang='lat' dir='ltr'>enirn,</span> <span class='ocrx_word' id='word_1_465' title='bbox 1181 4616 1258 4696; x_wconf 89' lang='lat' dir='ltr'>quod</span> <span class='ocrx_word' id='word_1_466' title='bbox 1281 4617 1373 4695; x_wconf 88' lang='lat' dir='ltr'>aliqui</span> <span class='ocrx_word' id='word_1_467' title='bbox 1395 4616 1452 4674; x_wconf 90' lang='lat' dir='ltr'>duo</span> <span class='ocrx_word' id='word_1_468' title='bbox 1476 4633 1541 4674; x_wconf 82' lang='lat' dir='ltr'>sunt</span> 
     </span>
     <span class='ocr_line' id='line_1_49' title="bbox 304 4698 1540 4780; baseline 0.006 -27"><span class='ocrx_word' id='word_1_469' title='bbox 304 4698 415 4753; x_wconf 84' lang='lat' dir='ltr'>similes</span> <span class='ocrx_word' id='word_1_470' title='bbox 439 4703 522 4774; x_wconf 81' lang='lat' dir='ltr'>‹prasi</span> <span class='ocrx_word' id='word_1_471' title='bbox 546 4701 688 4757; x_wconf 85' lang='lat' dir='ltr'>babentes</span> <span class='ocrx_word' id='word_1_472' title='bbox 709 4722 794 4757; x_wconf 86' lang='lat' dir='ltr'>unani</span> <span class='ocrx_word' id='word_1_473' title='bbox 814 4705 944 4760; x_wconf 83' lang='lat' dir='ltr'>tonnam.</span> <span class='ocrx_word' id='word_1_474' title='bbox 968 4718 1034 4759; x_wconf 82' lang='lat' dir='ltr'>snm</span> <span class='ocrx_word' id='word_1_475' title='bbox 1051 4702 1265 4780; x_wconf 88' lang='lat' dir='ltr'>quodammodo</span> <span class='ocrx_word' id='word_1_476' title='bbox 1283 4725 1370 4760; x_wconf 88' lang='lat' dir='ltr'>uuum</span> <span class='ocrx_word' id='word_1_477' title='bbox 1394 4706 1425 4760; x_wconf 88' lang='lat' dir='ltr'>in</span> <span class='ocrx_word' id='word_1_478' title='bbox 1447 4705 1540 4760; x_wconf 84' lang='lat' dir='ltr'>forma</span> 
     </span>
    </p>
   </div>
   <div class='ocr_carea' id='block_1_3' title="bbox 0 0 1730 5342">
    <p class='ocr_par' dir='ltr' id='par_1_6' title="bbox 0 0 1730 5342">
     <span class='ocr_line' id='line_1_50' title="bbox 0 0 1730 5342; baseline 0 2"><span class='ocrx_word' id='word_1_479' title='bbox 0 0 1730 5342; x_wconf 95' lang='lat' dir='ltr'> </span> 
     </span>
    </p>
   </div>
  </div>
 </body>
</html>
