3450 5342
697 408 888 463 -137-

159 605 239 659 vires
262 600 435 659 studuerunt
457 599 584 670 addere3
622 620 680 677 quo
703 599 814 657 factum
837 608 891 669 est,
914 610 945 657 ut
969 609 1091 677 utraque
1115 600 1204 659 factio
1228 599 1266 659 de
1289 600 1417 660 Graeco·

159 710 224 747 rum
245 686 305 745 fide
327 688 590 747 vehementissime
611 684 814 745 contenderet.
837 688 1024 763 Quapropter
1049 682 1220 757 Dositheou,
1241 687 1417 771 Hierosoly·

157 796 271 834 morum
287 774 456 853 patriarcha
473 770 726 852 (1672-1706),
749 772 977 851 Hierosolymos
995 774 1171 833 convocavit
1194 775 1362 844 concilium,
1386 788 1417 835 nt

156 882 235 941 quae
249 882 268 919 a
279 862 409 920 Domino
430 873 508 919 esset
519 859 637 929 tradita,
660 858 699 918 ab
712 859 854 937 apostolis
878 859 1067 938 promulgata
1078 869 1107 917 et
1120 880 1136 919 a
1149 862 1261 919 sanctis
1285 861 1416 939 patribus

157 958 334 1009 conservata
357 947 535 1007 Graecorum
559 946 641 1019 tides,
664 948 804 1005 universo
821 945 934 1005 mundo
952 947 1111 1005 manifesta
1125 946 1216 1021 fieret,
1239 947 1416 1027 publicaque

157 1034 372 1094 deliberatione
385 1045 415 1093 et
425 1034 610 1094 confessione
619 1034 718 1093 hostes
727 1042 960 1112 perterrerentur
972 1035 1125 1113 animique
1138 1034 1263 1093 fortasse
1277 1045 1415 1101 nutantes

156 1123 410 1181 confirmarentur.
433 1122 508 1181 Ounr
528 1122 714 1181 Calvinistae
736 1122 873 1179 acerrimi
897 1120 996 1179 hostes
1019 1119 1206 1189 haberentur,
1230 1122 1255 1179 is
1280 1126 1415 1191 maxime

155 1208 215 1267 fuit
236 1208 445 1287 profligandos,
479 1211 527 1286 qui
552 1209 668 1267 illorum
691 1206 831 1285 dogmata
853 1209 884 1265 in
907 1205 1053 1267 Graecam
1077 1208 1230 1267 ecclesiam
1256 1209 1414 1285 quondam

157 1296 253 1354 voluit
277 1295 434 1355 inducere:
468 1295 506 1353 ad
529 1298 612 1355 cuins
634 1294 849 1353 confessionem
877 1294 987 1353 Gallici
1011 1294 1172 1353 Reformati
1197 1297 1415 1373 provocabant,

153 1401 225 1441 cum
248 1382 377 1441 Graecos
398 1382 501 1439 eadem
525 1385 634 1441 sentire
656 1380 798 1439 dicerent.
820 1380 951 1460 Gyrillns
973 1383 1063 1458 igitur
1085 1382 1216 1454 Lucaris,
1239 1387 1301 1459 qui
1328 1386 1415 1443 hnina

151 1473 375 1528 controversiae
396 1467 571 1548 praebuerat
587 1488 690 1529 ansam
712 1477 742 1526 et
763 1467 845 1525 cuius
860 1466 957 1527 studio
973 1472 1051 1527 intra
1066 1471 1145 1549 ipsos
1160 1468 1239 1529 Grae
1251 1488 1268 1525 o
1278 1494 1310 1533 ος
1325 1474 1415 1532 etiam

154 1566 221 1615 tum
243 1557 357 1635 reliqua
379 1556 433 1615 tuit
456 1555 554 1622 factio,
588 1576 686 1615 rursus
715 1566 777 1613 erat
808 1554 1025 1633 impugnandus
1050 1568 1086 1615 et.
1122 1561 1146 1616 si
1176 1560 1245 1619 fieri
1292 1570 1413 1639 poterat,

67 1661 72 1671 ·
156 1646 276 1722 penitus
297 1641 539 1720 exstinguendus.
561 1642 599 1701 ln
621 1662 680 1720 (pua
702 1663 733 1699 re
748 1641 932 1700 conficienda
947 1652 1045 1720 patres
1064 1665 1123 1703 non
1139 1648 1203 1704 sine
1219 1646 1414 1717 dexteritate,

154 1750 266 1807 magna
290 1751 359 1789 vero
381 1750 446 1789 curn
472 1732 502 1787 vi
526 1740 555 1787 et
578 1731 725 1807 gravitate
748 1731 856 1785 versati
881 1741 957 1787 sunt.
979 1729 1198 1807 Proposuerunt
1222 1736 1283 1813 ipsi
1307 1742 1413 1813 patros,

155 1837 281 1895 qnorum
305 1820 424 1875 nomine
447 1817 609 1876 Dositbens
633 1815 725 1874 verba
740 1815 819 1885 lacit,
843 1835 922 1873 con
934 1816 948 1871 f
956 1836 972 1873 e
986 1837 999 1874 s
1012 1838 1025 1874 s
1040 1819 1049 1873 i
1062 1839 1078 1875 o
1093 1839 1111 1875 n
1124 1840 1139 1875 e
1152 1840 1189 1883 m,
1213 1840 1292 1899 qnae
1316 1819 1414 1899 Cyril-

156 1904 248 1962 lionis
272 1904 402 1963 articulis
425 1925 442 1962 e
465 1906 612 1963 contrario
634 1900 824 1981 responderet
840 1899 891 1979 54).

263 2009 299 2066 ln
321 2030 357 2066 ea
380 2010 565 2067 confessione
597 2010 701 2065 iterum
732 2005 989 2065 deuterocononici
1012 2006 1079 2065 libri
1110 2030 1248 2087 expresse
1273 2012 1411 2090 canonici

162 2094 211 2153 bia
224 2095 323 2152 verbis
333 2095 521 2153 declarantur
534 2090 594 2162 5ll:
611 2094 781 2166 „Ecclesiae
794 2094 958 2152 catholicae
967 2095 1098 2171 regulam
1112 2112 1277 2175 sequentes,
1291 2099 1412 2157 Sacram

153 2183 340 2259 Scriptorum
352 2203 402 2240 eos
418 2202 519 2240 omnes
532 2181 715 2259 appellamus
728 2179 826 2253 libros,
843 2200 915 2258 quus
932 2202 949 2239 a
965 2180 1136 2241 Laodicena
1147 2184 1262 2263 synodo
1279 2184 1411 2265 Cyrillus

158 2279 308 2326 mutuatus
323 2279 463 2337 recenset,
486 2271 523 2326 iis
539 2270 659 2345 insuper
674 2268 793 2334 additis,
816 2286 889 2345 quos
913 2270 1095 2341 insipienter,
1120 2272 1225 2330 inscite
1242 2282 1291 2331 aut
1316 2274 1411 2349 magis

157 2356 307 2413 malitiose
329 2358 448 2415 vocavit
479 2356 685 2433 apocryphos:
720 2356 904 2433 Sapientiam
929 2353 1068 2413 videlicet
1092 2357 1267 2429 Salomonis,
1303 2356 1409 2417 librum

159 2441 268 2502 Iudith.
291 2440 426 2504 'l'obiam
450 2442 596 2500 Draconis
612 2442 773 2510 historiam,
798 2442 962 2499 Historiam
980 2446 1140 2513 susannae,
1164 2443 1358 2503 Maccabaeoa
1381 2460 1410 2502 et

157 2530 343 2606 Sapientiam
367 2529 479 2586 Siracb.
511 2530 575 2587 llos
598 2530 707 2586 etenim
731 2549 796 2587 enm
819 2530 925 2586 ceteris
948 2532 1085 2605 genuinis
1110 2532 1217 2589 Sacrae
1242 2532 1409 2611 Scripturas

160 2614 244 2673 libris
267 2636 320 2674 ceu
337 2636 492 2691 germanas
508 2614 640 2675 eiusdem
656 2616 823 2693 Scripturas
842 2628 940 2693 partes
957 2636 1109 2675 censemus
1126 2638 1189 2675 esse
1202 2617 1409 2677 numerandas.

154 2703 307 2777 Quoniam
330 2722 405 2780 quae
435 2714 538 2761 sancta
560 2703 718 2780 evangelia
745 2704 877 2781 aliosque
901 2705 1068 2781 Scripturas
1092 2702 1182 2763 libros
1214 2714 1246 2763 ut
1276 2708 1410 2782 geminos

157 2787 280 2847 tradidit
304 2791 428 2867 antiqua
450 2787 629 2849 consuetudo
660 2810 711 2847 seu
733 2792 829 2865 magis
852 2790 976 2847 ecclesia
1000 2790 1154 2857 catholica,
1189 2802 1217 2849 et
1241 2793 1312 2851 istos
1337 2793 1409 2851 hacc

155 2878 222 2953 ipsa
244 2896 296 2933 ceu
320 2880 427 2934 Sacrae
451 2880 618 2955 scripturae
641 2887 739 2954 partes
762 2876 862 2953 procul
885 2875 975 2934 dubio
998 2876 1140 2937 tradidit:
1170 2890 1315 2956 quatenus
1339 2880 1409 2937 istos

155 2966 209 3041 qui
232 2975 328 3039 neget,
351 2974 381 3021 et
404 2964 470 3021 illos
493 2966 649 3023 recusarit.
688 2965 741 3021 stu
763 2984 834 3021 vero
857 2983 875 3020 a
898 2966 1010 3021 eunctis
1033 2963 1112 3023 hund
1137 2968 1283 3024 recenseri
1307 2986 1408 3025 omnes

155 3049 280 3107 fortasse
304 3050 480 3109 rideantur:
515 3053 563 3109 isti
588 3050 683 3108 nihilo
705 3052 799 3108 secius
823 3070 840 3107 a
873 3048 995 3129 synodis
1019 3072 1072 3109 nec
1096 3073 1155 3111 nou
1178 3072 1196 3109 a
1218 3053 1319 3111 multis
1343 3072 1407 3111 cum

154 3138 374 3214 antiquissimis
407 3148 468 3195 tum
503 3138 747 3196 nominatissimis
775 3136 938 3195 catholicae
962 3138 1105 3195 ecclcsiae
1138 3138 1284 3216 theologis
1309 3160 1409 3197 recen·

152 3234 259 3283 sentnr
280 3237 309 3281 et
333 3224 438 3282 Sauras
461 3227 538 3282 inter
561 3226 726 3301 Scripturas
750 3234 947 3281 numeruntur.
977 3226 1058 3299 Quos
1082 3244 1183 3283 omncs
1206 3236 1235 3283 et
1259 3246 1311 3285 nos
1334 3224 1409 3285 iudi·

151 3330 258 3368 camus
280 3331 345 3368 esse
378 3313 535 3370 canonicos
570 3321 598 3369 et
633 3313 754 3369 Sacram
781 3332 831 3368 eos
865 3312 1045 3388 Scriptorum
1080 3312 1282 3370 confitemur“.
1321 3312 1408 3388 Quod

150 3396 305 3455 decretum
329 3397 523 3475 subscriptum
547 3411 592 3456 est
615 3396 652 3455 ab
673 3400 717 3457 iis.
741 3400 791 3475 qui
815 3396 979 3459 adfuerunt.
1013 3399 1061 3470 „Si
1086 3416 1230 3456 summam
1253 3398 1408 3471 facimus“‚

211 3584 249 3650 ⁶⁴)
267 3580 437 3647 Kimmel,
457 3582 576 3636 Menum.
596 3580 642 3635 ful.
665 3584 734 3635 l’ara
752 3580 781 3645 1.,
799 3598 826 3649 p.
845 3578 1153 3636 cxxv.-Lxxvl11.

215 3653 252 3708 ⁶⁵)
271 3651 431 3718 Kimmel,
450 3666 495 3720 op.
508 3650 554 3705 cit
574 3651 686 3715 l‘arsl.¹
705 3650 896 3719 p.tet-46tt:
918 3654 1099 3719 ,Σιοιχοίντις
1117 3654 1410 3719 οῷκανόνιτηςκαθο-

261 3726 338 3789 λικης
356 3725 502 3787 ἐκκλησίας
517 3726 588 3787 ἱερὰν
604 3725 709 3791 γραφὴν
722 3724 857 3786 καλοῦμεν
877 3725 968 3774 taetra
982 3725 1075 3785 πάντα,
1094 3724 1161 3787 βπερ
1180 3724 1339 3789 culpator
1357 3725 1406 3775 turb

260 3799 307 3875 της
331 3798 358 3845 ἐν
376 3795 520 3857 Λαοδικείᾳ
543 3794 649 3845 συνόδου
668 3795 850 3858 ἐρανιοάμενος
870 3793 975 3857 ἀριθμοί
993 3795 1040 3843 καί
1058 3760 1121 3856 ripe„
1144 3794 1243 3856 σοὺτοις
1262 3796 1329 3859 ἃκερ
1349 3796 1409 3845 ασσ-

261 3865 339 3927 νέτως
365 3868 412 3916 καί
439 3864 550 3929 ἀμαθῶς
571 3860 619 3914 alr.
645 3858 689 3915 οὖν
717 3863 957 3928 ἑβελοκακοὺργως
985 3863 1126 3926 ἀπόκρυφοι
1147 3866 1409 3947 annumerarent

260 3934 356 4035 {optus
373 3936 475 4000 δηλαδὴ
494 3938 540 3985 τοῦ
557 3934 733 3997 Σολομῶντος,
760 3934 806 3996 τὴν
824 3932 938 3997 Ἰουβηβ,
962 3934 1005 3981 τὸν
1023 3933 1131 3995 Τωβίαν,
1156 3935 1202 3997 τὴν
1221 3932 1346 3998 Ισιορίαν
1364 3938 1409 3985 ocu

261 4005 409 4067 ’ράκοντος
435 4005 482 4068 τὴν
501 4004 626 4066 Ἱσσορίαν
650 4007 696 4087 της
713 4004 859 4066 Σωσάννης,
887 4003 945 4064 τοὺς
964 4002 1152 4065 Μακκαβαίους
1177 4006 1222 4053 καὶ
1247 4005 1293 4067 τὴν
1311 4004 1408 4067 Σοφίαν

260 4078 305 4122 ool
323 4073 427 4138 Σειράχ.
458 4074 548 4137 Ἡμεῖς
564 4073 618 4139 γὰρ
636 4074 702 4136 μετὰ
719 4076 770 4121 σῶν
788 4072 880 4122 αλλων
898 4076 944 4135 τῆς
963 4070 1038 4133 θείας
1057 4076 1161 4139 γραφῆς
1180 4074 1291 4141 γνησίων
1310 4072 1408 4136 βιβλίων

260 4145 306 4191 καί
324 4146 406 4192 ταῦτα
424 4144 519 4209 γνήσια
536 4146 582 4205 ιης
606 4146 710 4208 γραφῆς
728 4144 794 4206 μίρη
812 4143 940 4205 κρίνομεν,
966 4142 1004 4191 ὅτι
1022 4140 1065 4203 ὴ
1059 4143 1212 4227 Ιιαραόοῦσα
1235 4142 1334 4206 ἀρχαία
1352 4158 1409 4193 συν-

259 4211 339 4274 ήθεια
364 4215 412 4261 καί
435 4210 579 4275 μάλιστα
571 4228 588 4275 η
607 4210 744 4274 καθολικη
769 4212 902 4274 ἐκκλησία
919 4214 1013 4277 γνησία
1037 4208 1105 4261 εἶναι
1129 4214 1162 4263 τὰ
1182 4212 1239 4275 ape
1263 4212 1408 4279 εὐαγγέλια

259 4282 344 4331 καίτ
363 4282 437 4331 ἄλλα
454 4285 500 4344 της
518 4282 653 4348 γραφηςβ
641 4280 723 4344 βιβλία
740 4284 787 4330 καί
804 4283 887 4330 ταῦτα
908 4285 976 4329 είναι
993 4284 1040 4343 τῆς
1059 4282 1136 4347 ἁγίας
1157 4285 1262 4349 γραφῆς
1280 4283 1345 4347 μὲρη
1365 4282 1409 4331 ἀν-

260 4350 407 4413 αμφιβολως
425 4352 572 4414 centenas,
603 4353 650 4400 καί
666 4352 763 4401 τουτων
780 4348 797 4413 ὴ
817 4352 923 4414 ἄρνησις
945 4350 1052 4399 ἐκείνων
1070 4352 1137 4400 ἐστίν
1159 4350 1293 4415 ἀθέτησις.
1330 4350 1361 4401 Εἰ
1378 4352 1407 4401 ct

258 4434 308 4469 acu
331 4422 406 4471 δοκεῖ
425 4422 459 4484 μὴ
485 4422 527 4471 eo
545 4421 630 4474 πάντα
648 4420 697 4471 ὑπὸ
720 4422 823 4469 πάντων
841 4419 1123 4486 οσγκαιαριβμείοβαι,
1152 4422 1225 4471 οῦδὲν
1244 4416 1320 4486 ἦττον
1339 4421 1409 4485 ὅμως

258 4493 305 4538 καὶ
330 4494 413 4540 ταῦτα
439 4492 512 4553 παρά
530 4506 559 4539 σε
586 4491 696 4539 συνόδων
715 4492 762 4538 καί
788 4489 896 4539 πολλῶν
923 4489 991 4539 ὅσων
1018 4492 1065 4553 της
1084 4488 1235 4555 καθολικῆς
1263 4492 1407 4557 ἐκκλησίας

259 4560 442 4609 παλαιοτασων
460 4574 490 4609 τε
507 4562 554 4609 καί
572 4560 698 4626 εγκρίοων
715 4558 854 4625 θεολόγων
873 4558 1022 4643 ἀριθμεῖται
1040 4561 1087 4609 καί
1105 4561 1357 4626 συγκαταριθμείται
1374 4563 1405 4624 τῇ

258 4629 329 4693 παοη
349 4633 448 4712 γραφῇ,
473 4629 491 4679 ἃ
514 4631 599 4679 πάντα
616 4631 664 4677 καί
684 4628 759 4691 ἡμεῖς
776 4629 905 4678 κανονικὰ
929 4628 1011 4691 βιβλία
1033 4631 1161 4693 κρίνομεν,
1189 4632 1236 4679 καί
1253 4634 1335 4679 ταῦτα
1360 4630 1406 4693 ripa

259 4698 329 4759 ἱερὰν
347 4699 452 4765 γραφὴν
470 4695 537 4748 εἶναι
555 4694 758 4765 ὀμολογοῠμενῆ
