3450 5342
844 508 1033 565 -188-

313 705 411 747 unum
431 690 665 815 ιοιιιιἭιιιιι
692 690 823 759 pulchri,
848 705 877 760 p.
899 692 969 757 lot).
998 689 1125 759 Triplex
1145 690 1219 745 haec
1243 690 1313 745 idea
1338 690 1431 745 nohis
1454 690 1562 744 innata

313 775 384 816 esse
402 758 524 827 dicitur,
618 764 691 815 ante
708 759 928 829 experientiam
950 774 1047 814 vacua
1065 764 1114 813 est
1133 764 1172 829 (p.
1192 760 1226 815 99
1244 758 1336 815 infra:
1364 760 1437 813 »tiro
1456 776 1564 829 erpsu-

312 830 393 885 asaia
413 846 480 884 scra
504 834 639 884 ιιιιιιιιι
659 826 820 899 pyxosasrir
839 847 1019 897 uncrnrmra,
1048 826 1253 883 aaromesamir
1272 848 1313 883 ιιι
1342 846 1426 899 semp
1444 846 1563 899 ,rymyq

312 914 341 969 p.
362 900 413 954 100
431 913 538 969 supra:
569 917 656 962 »apes
676 916 751 953 casta
770 915 807 953 no
826 902 901 953 οισι
921 902 1202 968 descogepmarensa
1221 917 1261 951 aa
1280 901 1394 953 aasanh
1414 917 1431 952 ιι
1450 916 1562 953 rossan

312 972 477 1038 haarogapn
496 973 745 1038 nocahayromemy
764 985 875 1038 enemy,
894 985 950 1022 ona
969 972 1177 1031 odoramaercn
1196 969 1435 1038 conepmauiems,
1455 986 1563 1039 passu·

313 1055 427 1105 sacres,
457 1042 622 1107 aphnaers,
648 1055 840 1108 pyrosopnr’s
857 1055 982 1093 ιιιιιιιιι
1000 1042 1124 1101 phaone,
1143 1040 1285 1093 ιιοιιιιιιιιιι
1307 1057 1325 1091 ιι
1343 1055 1505 1099 samogam,
1526 1056 1562 1091 aa

313 1111 453 1177 npeu'snsr
479 1125 594 1162 unsina«
615 1112 686 1175 etc.;
715 1123 745 1177 p.
765 1110 825 1163 101:
857 1108 996 1161 >dachus
1016 1111 1167 1176 cahuyers
1187 1124 1334 1177 npnasars
1354 1124 1561 1178 aposcresuoto

312 1193 438 1247 sarnemy
457 1195 532 1248 gyny
552 1196 570 1231 n
589 1194 811 1247 scrernseccyto
831 1181 950 1247 ouhnuy
969 1208 1002 1217 -
1023 1206 1052 1217 -
1073 1194 1154 1239 ιιιιιο
1174 1194 1308 1247 κριιοιιι
1327 1207 1361 1217 -
1381 1178 1432 1243 —).

418 1290 555 1345 Resonet
574 1289 649 1344 mihi
669 1288 719 1344 hic
737 1288 890 1344 sententia
912 1288 991 1343 liant
1011 1288 1050 1343 de
1069 1288 1188 1345 ratione
1207 1288 1270 1354 (die
1290 1288 1455 1344 vernusia
1476 1288 1557 1343 eius-

335 1375 374 1413 ιιι
392 1359 481 1413 ιιιιιι.
500 1359 578 1413 Nolo
596 1359 708 1425 dicere,
727 1364 885 1413 auctorem
902 1359 958 1413 hac
973 1357 1004 1413 in
1025 1374 1058 1413 re
1072 1358 1154 1413 Kant
1168 1357 1349 1427 simpliciter
1368 1358 1456 1427 sequi
1470 1357 1559 1413 velle.

342 1436 395 1483 ant
408 1428 490 1483 enim
504 1444 563 1497 ope
577 1443 705 1483 suarum
720 1428 860 1483 idearum
876 1428 1006 1483 rationis
1020 1443 1075 1482 nec
1088 1428 1127 1481 ad
1148 1428 1292 1482 realem
1312 1426 1468 1482 notionem
1478 1428 1559 1483 suh

313 1500 444 1555 stantiae
470 1497 591 1621 proprii
621 1514 718 1567 »ego,«
749 1512 850 1552 rerum
873 1497 989 1563 mundi,
1016 1496 1077 1563 Dei,
1106 1511 1162 1551 nec
1189 1496 1228 1551 ad
1259 1495 1385 1551 reales
1414 1496 1558 1551 notiones

312 1566 434 1622 ordinis
445 1582 533 1622 mora
545 1567 573 1621 is
584 1583 646 1621 non
659 1568 810 1636 pervenit,
820 1572 926 1623 auctor
938 1581 1014 1621 vero
1025 1567 1100 1621 haec
1109 1566 1178 1621 aliis
1188 1566 1263 1621 locis
1273 1570 1356 1620 tenet
1370 1572 1400 1621 et
1410 1566 1558 1621 defendit.

313 1636 478 1700 Quomodo
497 1636 637 1691 idearum
652 1635 781 1692 rationis
792 1637 973 1693 relationem
993 1635 1032 1690 ad
1043 1650 1151 1691 eorum
1167 1634 1287 1690 obicem
1305 1642 1414 1691 auctor
1433 1650 1545 1691 accurn

313 1705 374 1761 tius
398 1706 550 1775 intelligat
569 1713 599 1761 ιι
622 1721 682 1775 quo
701 1721 797 1761 sensu
816 1720 870 1761 eas
888 1707 1010 1761 innatas
1035 1711 1185 1771 assumat,
1210 1705 1312 1759 dicere
1332 1720 1395 1759 non
1415 1720 1557 1785 possum.

311 1774 385 1845 quia
404 1776 483 1830 hanc
501 1776 715 1845 quaestionem
728 1776 880 1830 nonsatis
899 1775 980 1831 clare
997 1789 1052 1829 nec
1070 1773 1274 1831 determinate
1290 1780 1445 1843 proponit.
1459 1774 1558 1829 immo

312 1860 341 1914 p.
362 1847 419 1899 102.
438 1844 522 1900 infra
539 1844 621 1910 dicit,
640 1845 798 1899 notionem
819 1846 973 1900 humanae
993 1843 1123 1899 rationis
1143 1844 1282 1899 nondum
1301 1844 1332 1897 in
1353 1843 1558 1913 psychologia

313 1914 448 1982 perfecte
474 1914 694 1983 investigatam
724 1928 794 1969 esse
822 1915 918 1985 (quod
948 1929 1056 1969 verum
1084 1912 1207 1982 quidem
1233 1918 1281 1967 est
1300 1912 1339 1967 de
1359 1912 1557 1981 philosophia

314 1983 472 2050 moderna,
491 1999 571 2053 quae
591 1999 721 2039 veram
747 1982 922 2039 intellectus
950 1982 1079 2038 humani
1105 1982 1261 2038 notionem
1282 1984 1321 2037 ab
1341 1982 1506 2037 Aristotele
1526 1990 1558 2038 et

313 2052 505 2107 scholasticis
525 2052 721 2123 philosophis
741 2054 887 2108 traditam
909 2052 1039 2123 negligit
1058 2058 1089 2107 et
1107 2052 1218 2107 aliam
1239 2052 1378 2107 eiusdem
1398 2052 1555 2107 notionem

312 2138 442 2177 veram
462 2122 602 2177 invenire
621 2138 684 2177 non
725 2127 828 2184 otest).
848 2122 954 2177 Solum
976 2124 1014 2176 de
1033 2122 1161 2177 orienda
1180 2121 1356 2191 cognitione
1380 2122 1432 2177 Dei
1451 2120 1556 2176 fusius

313 2192 495 2247 sententiam
518 2208 606 2247 suam
627 2192 666 2247 de
680 2191 688 2246 i
713 2192 759 2247 eis
771 2192 886 2247 innatis
897 2192 1030 2315 explicat
1043 2191 1138 2261 idque
1154 2191 1212 2245 hoc
1230 2191 1338 2245 modo:
1360 2190 1556 2246 Fundamen-

312 2261 381 2316 talis
401 2262 450 2315 lex
470 2261 582 2316 mentis
601 2267 728 2317 nostrae
747 2268 803 2328 est,
823 2267 857 2316 ut
876 2260 941 2317 nihi
973 2261 1132 2329 possimus
1156 2274 1353 2329 cognoscere,
1373 2260 1434 2315 nisi
1453 2259 1484 2314 id
1504 2260 1555 2315 alii

311 2330 431 2387 obiecto
450 2346 609 2401 opponere
627 2337 657 2385 et
676 2347 745 2386 cum
766 2347 802 2387 eo
821 2346 1004 2454 comparare
1023 2330 1193 2400 possimus.
1214 2330 1376 2385 Habemus
1395 2329 1553 2384 notionem

310 2400 388 2455 lucis
407 2401 485 2461 ideo.
504 2401 577 2470 quia
590 2401 681 2455 estin
696 2400 787 2455 nobis
801 2400 869 2455 idea
901 2399 948 2455 uci
962 2400 1158 2455 contraria-
1172 2400 1381 2467 tenebrarum,
1402 2399 1555 2453 habemus

310 2470 468 2525 notionem
483 2469 565 2538 boni,
584 2469 657 2540 quia
671 2485 843 2539 possumus
856 2486 923 2525 eam
938 2484 1121 2538 comparare
1134 2484 1203 2523 cum
1221 2469 1345 2524 notione
1359 2468 1385 2524 ei
1399 2469 1556 2523 contraria

311 2539 382 2594 mali
393 2546 449 2594 etc.
464 2539 696 2595 consectarium
710 2539 802 2595 huius
813 2538 1055 2595 fundamentalis
1065 2538 1144 2608 legis
1156 2544 1203 2593 est
1214 2539 1280 2593 hoc:
1296 2538 1329 2593 Si
1340 2538 1433 2593 homo
1445 2553 1556 2608 cogno·

311 2608 367 2663 scit
387 2625 420 2664 ιι
430 2624 501 2663 ιιιι
511 2624 678 2678 personam
689 2608 810 2664 finitam
822 2614 852 2663 ιι
861 2608 1033 2676 limitatam,
1053 2608 1110 2662 hoc
1121 2614 1240 2663 tantum
1255 2607 1328 2663 inde
1339 2607 1487 2677 possibile
1498 2614 1554 2674 est,

333 2678 396 2733 uod
416 2679 446 2732 in
467 2678 534 2732 eius
560 2684 663 2733 mente
683 2684 731 2733 ιιι
750 2678 836 2733 notio
855 2692 1008 2747 personae
1033 2677 1172 2732 infinitae
1198 2682 1228 2732 et
1252 2676 1422 2731 illimitatae
1442 2681 1472 2732 et
1512 2692 1552 2731 uo

310 2695 423 2802 (tiarior
441 2747 479 2802 fit
498 2763 560 2803 una
578 2748 672 2814 notio,
691 2764 728 2803 eo
747 2748 860 2803 clarior
878 2746 981 2802 evadit
999 2747 1091 2801 etiam
1111 2746 1207 2801 altera
1227 2750 1266 2816 (p.
1288 2750 1367 2807 lael.
1387 2744 1490 2801 Immo
1525 2746 1551 2800 ic

311 2817 435 2872 videtur
454 2817 578 2884 sentire,
599 2817 755 2872 notionem
777 2818 833 2873 Dei
851 2816 960 2872 eodem
982 2816 1075 2871 modo
1094 2831 1164 2871 esse
1183 2814 1274 2871 nohis
1292 2818 1440 2884 innatam,
1459 2820 1552 2886 atquc

308 2886 394 2954 ipsas
414 2887 572 2942 naturales
592 2887 763 2941 facultates.
783 2886 832 2941 Sic
850 2887 921 2941 dicit
941 2886 1155 2955 praesuma:
1179 2904 1210 2939 »a
1230 2903 1315 2953 rama,
1336 2904 1406 2951 ιιιιιιι
1426 2902 1552 2939 nussam

310 2960 529 3011 deasouesaaro
540 2973 692 3025 cymecrea
703 2973 899 3026 upnpomgena
914 2957 1158 3025 seuoahsecsomy
1169 2973 1253 3026 uyxy,
1268 2972 1347 3009 uass
1357 2972 1553 3081 npnpomaesa

309 3030 508 3081 cnocoosocra
527 3043 673 3093 alerannus,
699 3043 844 3095 roaopnrs
864 3044 882 3079 ιι
901 3043 983 3095 ιιροι.
1008 3024 1123 3095 (itaque
1151 3024 1218 3080 idea
1237 3026 1411 3095 personnis
1439 3023 1552 3079 infiniti

311 3093 400 3174 Ειιιιι
419 3095 556 3176 humano
576 3094 700 3176 spiritui
719 3094 870 3150 naturalis
890 3100 945 3162 est,
967 3094 1056 3149 sicuti
1075 3099 1123 3149 ιιι
1136 3093 1163 3149 ιι
1183 3094 1334 3150 naturalis
1353 3094 1484 3149 facultas
1503 3108 1550 3147 co·

308 3164 435 3231 gitandr,
453 3163 600 3234 loquendi
620 3167 688 3229 etc.)

414 3258 506 3314 ideae
524 3261 647 3314 innatae
666 3275 728 3314 non
749 3265 823 3313 sunt
841 3258 969 3328 quidem
997 3259 1208 3329 metaphysica
1232 3258 1455 3327 impossibiles,
1475 3265 1505 3313 et
1525 3258 1551 3312 si

307 3328 498 3396 experientia
517 3328 679 3383 existentia
698 3344 805 3383 earum
831 3328 1112 3395 demonstraretur,
1138 3328 1247 3383 eodem
1270 3328 1362 3382 modo
1381 3326 1551 3383 obiectivae

308 3398 492 3479 cognitionis
517 3398 589 3453 fons
617 3404 731 3466 essent,
760 3399 840 3454 sicut
864 3397 950 3461 ipsae
977 3398 1135 3453 naturales
1161 3397 1323 3453 facultates
1348 3398 1552 3467 <pertinerent

308 3482 389 3521 emm
410 3468 448 3521 ad
468 3466 636 3523 naturalem
659 3468 698 3522 ho
713 3468 793 3522 rinis
833 3467 1043 3522 erfectionem.
1063 3473 1093 3522 et
1112 3468 1203 3523 etiam
1218 3468 1249 3521 in
1264 3468 1322 3522 hoc
1340 3482 1415 3522 casu
1434 3466 1551 3521 valeret

308 3536 504 3606 principium,
524 3542 669 3592 naturam
689 3552 752 3592 non
771 3483 900 3604 saliere).
921 3537 981 3592 Sed
995 3552 1101 3591 aarum
1114 3536 1297 3592 existentiae
1308 3537 1428 3591 nullum
1439 3551 1549 3591 verum

307 3615 528 3676 argumentum
549 3606 646 3673 adest,
665 3608 761 3661 immo
786 3608 972 3661 contrarium
1002 3612 1131 3661 constat.
1159 3605 1354 3663 Conscientia
1374 3606 1455 3660 onim
1475 3606 1550 3659 nihil

308 3676 367 3730 tale
382 3681 522 3731 testatur.
539 3677 602 3731 Lex
618 3692 692 3731 vero
704 3675 755 3730 illa
769 3675 1013 3731 fundamentalis
1029 3676 1150 3741 mentia,
1164 3676 1227 3746 qua
1241 3680 1349 3731 auctor
1364 3675 1549 3730 sententiam

308 3759 396 3798 suam
417 3744 512 3809 fulcit,
532 3746 675 3812 neganda
694 3751 750 3800 ιιι.
771 3745 889 3800 Omnes
909 3745 990 3799 enim
1011 3745 1154 3800 notiones
1174 3745 1281 3811 reales,
1301 3760 1380 3815 quae
1398 3759 1460 3800 non
1475 3750 1550 3799 sunt

308 3814 443 3869 essentia
464 3816 521 3870 sua
542 3808 697 3882 relativae,
716 3830 905 3885 cognoscere
917 3830 1047 3883 possum
1068 3830 1202 3884 prorsus
1217 3814 1283 3869 sine
1298 3814 1381 3869 omni
1395 3814 1551 3883 opposito.

310 3882 344 3937 E.
363 3898 400 3952 g,
420 3884 447 3938 si
467 3900 637 3954 numquam
667 3892 773 3940 essent
801 3885 956 3945 tenchrae,
977 3884 1032 3939 sed
1051 3891 1202 3954 perpetua
1221 3885 1275 3939 lux
1304 3890 1444 3953 tempore
1464 3898 1550 3938 meac

308 3951 389 4006 vitae
408 3959 438 4007 et
457 3953 484 4008 si
498 3953 588 4022 plane
601 3955 716 4009 nullam
740 3953 948 4024 cognitionem
970 3955 1170 4010 tenebrarum
1191 3955 1348 4019 haberem,
1362 3959 1444 4009 certe
1457 3954 1549 4007 etiam

307 4026 381 4075 tunc
405 4022 503 4078 lucem
533 4039 761 4093 cognoscerem.
791 4022 889 4078 Simili
920 4024 1012 4078 modo
1040 4024 1183 4093 lapidem,
1212 4024 1362 4089 arborem,
1392 4023 1549 4077 hominem

306 4105 436 4214 possum
472 4108 656 4162 cognoscere
693 4094 760 4148 sine
796 4108 905 4148 eorum
937 4093 1088 4161 opposito.
1129 4092 1228 4147 Etiam
1267 4108 1322 4147 ens
1360 4092 1482 4147 finitum
1520 4096 1551 4145 ιι

316 4159 471 4216 imitatum
504 4178 692 4231 cognoscere
728 4178 859 4232 possum
895 4162 961 4216 sine
989 4162 1164 4285 cognitione
1194 4162 1306 4217 infiniti
1339 4171 1370 4217 ιι
1399 4161 1550 4216 illimltati.

305 4229 397 4284 Aliud
412 4238 461 4285 est
475 4232 555 4285 enim
571 4232 733 4300 concipere
746 4248 812 4286 rem
829 4230 1012 4301 simpliciter
1045 4231 1150 4286 initam
1173 4246 1227 4285 seu
1248 4230 1407 4287 limitatam
1422 4236 1453 4286 et
1465 4230 1550 4285 aliud

306 4300 467 4367 concipere
486 4315 554 4354 eam
574 4306 608 4355 ut
627 4301 802 4356 formaliter
828 4300 1005 4383 oppositam
1037 4300 1108 4355 Enii
1128 4300 1250 4355 infinito
1280 4316 1335 4356 seu
1363 4306 1397 4356 ut
1425 4316 1486 4355 non
1505 4299 1551 4354 in·

305 4366 436 4423 finitam.
456 4369 501 4424 hd
522 4370 729 4439 cognitionem
751 4370 934 4440 simpliciter
953 4370 1033 4424 finiti
1053 4370 1126 4424 nihil
1147 4369 1230 4425 aliud
1251 4369 1431 4440 requiritur,
1454 4384 1548 4439 quam

305 4443 340 4491 ut
358 4452 544 4507 cognoscam
567 4441 736 4495 realitatem
757 4440 893 4509 aliquam
914 4445 944 4493 et
963 4439 1121 4494 ulterioris
1141 4440 1290 4495 realitatis
1315 4438 1479 4503 defectum,
1501 4437 1549 4493 vel

306 4505 365 4560 alio
385 4510 486 4571 modo,
501 4510 527 4562 si
539 4524 687 4578 comparo
707 4510 813 4578 plures
828 4524 879 4564 res
894 4508 999 4563 finitas
1013 4508 1095 4564 inter
1111 4524 1152 4575 se,
1167 4509 1258 4565 video
1271 4510 1371 4565 cuivis
1385 4509 1426 4565 rei
1439 4508 1551 4563 adesse

305 4574 426 4644 aliquas
454 4578 670 4657 perfectiones,
696 4579 750 4633 sed
771 4579 864 4633 simul
884 4578 1004 4647 aliquas
1030 4579 1140 4633 deesse
1158 4608 1192 4617 -
1211 4585 1241 4633 et
1260 4578 1304 4633 sic
1322 4594 1478 4650 cognosco
1496 4592 1549 4632 eas

307 4658 376 4700 esse
404 4645 511 4700 fimtas
538 4647 580 4701 ita
608 4654 723 4702 utnon
743 4647 899 4717 indigeam
930 4648 1054 4702 notione
1073 4647 1196 4703 infiniti.
1218 4680 1248 4687 -
1269 4648 1417 4705 Notiones
1446 4662 1549 4704 essen-

306 4714 418 4771 tialiter
437 4714 583 4771 relativae
594 4716 757 4771 includunt
768 4718 891 4785 quidem
912 4716 943 4772 in
956 4732 989 4772 se
1001 4717 1359 4773 essentialiternotiones
1378 4718 1438 4774 sihi
1449 4730 1549 4773 corra-

306 4783 428 4854 lativaS,
456 4790 592 4847 attamen
612 4802 651 4841 ιιι
671 4787 727 4842 hae
746 4787 871 4856 quidem
902 4802 959 4856 per
976 4786 1063 4841 ideas
1082 4786 1205 4841 innatas
1233 4793 1474 4857 cognoscuntur,
1494 4785 1549 4840 sed
