3450 5342
676 402 845 455 —tu-

240 578 679 649 summouentium
715 582 814 638 Unter
842 582 1044 653 ilitu·irkung
1073 582 1263 639 zahlreielier
1287 585 1383 641 nscii-

117 662 291 713 genossen
312 649 569 731 herausgegeben
588 666 651 705 ron
670 650 759 707 Karl
778 652 1054 709 Kriimbacher.
1073 653 1151 709 xiv.
1173 654 1260 711 Baud
1280 656 1384 723 (11111),

117 719 146 770 3.
170 718 244 772 und
270 723 287 771 4
315 718 399 786 Helt,
431 718 564 789 Leipzig.
593 720 626 775 B.
644 720 682 777 G.
701 722 854 776 Teubner.
892 721 928 776 lii
958 727 1046 791 parte
1074 722 1223 792 inscripta
1254 724 1383 779 »biblio-

116 787 321 857 graphiselie
350 789 478 843 Notizen
511 790 575 845 iiud
604 789 740 845 kleinerc
770 790 1001 861 llitteilungen«
1031 794 1172 861 111199
1201 794 1316 848 mentio
1344 793 1384 849 111

116 856 223 911 etiam
247 858 346 912 nostri
366 857 512 927 periodici
535 860 716 915 »statorem
737 860 858 917 litterae
877 860 1092 930 theologicae«.

564 1032 948 1113 MISCELLANEA.

237 1202 319 1262 md
347 1204 424 1264 1111
458 1205 557 1267 leret
584 1206 613 1275 Υ.
647 1206 698 1261 Vir
727 1207 839 1261 unionis
871 1204 1091 1263 studiosissimus
1118 1206 1262 1263 (lusurus
1290 1207 1378 1263 llorel

118 1272 308 1341 transisti
333 1273 415 1329 buius
432 1275 499 1330 anni
522 1274 584 1331 rita
601 1276 724 1331 decessit
747 1276 822 1345 apud
842 1274 1013 1347 llomjskov,
1039 1274 1126 1331 lilium
1152 1276 1325 1333 celeberrimi
1350 1276 1379 1333 iii

116 1340 232 1397 Russia
253 1344 397 1412 scriptoris
409 1345 594 1400 ecclesiastici
612 1346 654 1415 (iu
667 1346 734 1414 gub.
745 1345 853 1411 luisti.
873 1346 905 1401 lu
924 1346 986 1415 ipso
999 1345 1108 1409 itinere,
1128 1360 1184 1414 quo
1197 1345 1251 1401 iam
1264 1346 1378 1403 tertium

116 1410 261 1465 Russiam
291 1413 462 1482 peragrabat
488 1416 634 1475 1111111111
662 1416 809 1485 colligens,
836 1414 911 1469 unde
939 1430 1070 1496 magnum
1096 1430 1167 1484 opus
1194 1414 1230 1470 de
1259 1416 1380 1471 ecclesia

117 1478 251 1537 Bassiae
279 1481 437 1552 effingeret,
464 1490 554 1539 morte
581 1500 735 1555 oppressus
757 1491 810 1540 est.
846 1486 964 1539 Praeter
990 1500 1141 1553 ingenuum
1169 1484 1229 1539 eius
1256 1486 1377 1541 animum

117 1550 213 1685 iiiam
233 1552 288 1675 ἔξ)
298 1554 500 1677 1156ιέ11111
523 1554 661 1609 laudatur.
690 1554 849 1610 (11111111
869 1553 1039 1622 Catholique
1063 1554 1115 1609 des
1133 1553 1246 1623 Eglises
1262 1554 1290 1609 ll
1309 1557 1378 1612 1905

203 1625 213 1690 i
224 1690 364 1750 letum
373 1690 411 1751 de
418 1690 593 1752 [10111111.
601 1692 695 1749 -Die
705 1696 746 1749 12.
755 1692 913 1748 decembris
922 1692 1079 1749 celebravit
1090 1692 1240 1747 iubilaeum
1250 1693 1269 1748 J
1271 1708 1378 1751 oannes

117 1758 156 1811 de
167 1758 341 1825 Kronstadt,
351 1762 490 1830 puocbus
499 1762 668 1819 ecelesiaes.
678 1762 811 1819 Andreae
820 1764 848 1817 in
860 1761 1023 1817 Kronstadt
1036 1761 1143 1816 Nomen
1154 1762 1215 1817 eius
1247 1768 1377 1819 ettotam

122 1828 258 1883 ltossim
276 1830 490 1887 illustiissimum
509 1838 561 1887 est
580 1833 670 1888 Natus
686 1839 732 1887 est
748 1848 773 1887 a.
788 1833 855 1887 1829
869 1839 950 1900 patre
962 1831 1119 1898 sacerdote,
1138 1848 1203 1887 sace
1238 1847 1271 1887 os
1284 1830 1377 1889 lactus

117 1912 144 1949 a.
167 1899 250 1953 1856.
280 1900 456 1956 Adolescens
480 1902 594 1956 multum
690 1902 797 1969 orabat,
822 1902 929 1967 ingenii
953 1900 1007 1955 luit
1026 1900 1109 1957 valde
1134 1900 1244 1957 debilis.
1272 1902 1376 1957 Decem

116 1980 213 2021 annos
226 1974 321 2037 natus,
334 1986 396 2025 cum
407 1972 577 2040 ,mitteretur
589 1972 617 2025 in
631 1987 661 2026 sc
680 1972 754 2026 olam
772 1970 1014 2041 praeparatoriam
1036 1970 1186 2038 seminarii,
1205 1970 1254 2025 rix
1266 1971 1377 2027 litteras

118 2034 274 2092 didicerat.
296 2047 464 2107 Progressus
483 2040 543 2096 eius
560 2041 615 2096 luit
633 2041 781 2097 admodum
801 2040 957 2107 mediocris,
977 2039 1087 2109 quade
1106 2056 1135 2095 re
1155 2056 1258 2109 magno
1276 2039 1375 2095 dolere

117 2105 312 2163 adiciebatur.
332 2110 386 2164 sed
405 2126 527 2181 precum,
546 2126 620 2179 quae
637 2110 692 2165 iam
711 2116 777 2165 tuuc
794 2111 914 2165 deliciae
928 2110 988 2163 eins
1007 2115 1095 2175 erant,
1115 2109 1217 2165 solatio
1234 2109 1374 2165 utebatur.

116 2173 174 2229 Vel
193 2185 284 2233 noctu
307 2180 444 2248 surgebat
460 2180 633 2250 multumque
656 2180 793 2249 temporis
810 2178 966 2261 precationi
986 2179 1116 2259 vacabat
1144 2178 1181 2233 Et
1199 2179 1277 2235 Deus
1295 2180 1375 2235 venit

118 2245 144 2297 ei
158 2247 280 2301 auxilio.
299 2248 469 2318 Aliquando,
481 2266 543 2305 cnm
556 2265 654 2307 omnes
665 2250 720 2303 iani
732 2250 894 2315 dormirent,
904 2249 1038 2315 biennes,
1052 2246 1174 2305 afflictus
1187 2255 1216 2303 et
1227 2248 1373 2316 demissus,

116 2314 195 2403 quod
215 2332 316 2386 parum
329 2317 479 2399 proliceret
487 2320 515 2374 in
529 2320 638 2386 litteris,
656 2319 786 2385 surrexit,
804 2320 833 2374 in
845 2334 920 2389 genii
933 2317 1089 2388 procubuit,
1115 2319 1172 2373 beo
1185 2318 1373 2387 supplicabat.

116 2382 232 2453 lisseio,
253 2387 352 2441 seribit
368 2388 439 2456 ipse,
462 2395 597 2458 quantum
614 2389 750 2459 temporis
773 2389 814 2443 ita
831 2388 968 2444 fervidius
986 2387 1075 2443 Deum
1095 2388 1292 2455 iiivoeaverim,
1318 2388 1370 2444 sed

116 2452 215 2509 subito
234 2457 377 2525 quendam
395 2464 500 2513 niotnin
518 2459 547 2513 in
565 2458 650 2513 corde
667 2458 743 2514 sensi
761 2488 794 2499 -
811 2459 850 2512 ab
868 2458 960 2513 animo
979 2464 1112 2525 tanquam
1131 2458 1167 2511 ab
1187 2458 1275 2512 oeulis
1300 2458 1366 2513 eall·

116 2525 185 2644 gne
204 2524 336 2596 dispulsa
359 2528 422 2597 plus
444 2544 559 2584 eernere
582 2528 649 2582 milii
667 2527 792 2583 videbar.
818 2528 958 2584 Gaudium
983 2527 1082 2591 ingens
1106 2526 1172 2580 inde
1192 2527 1313 2595 percepi.
1332 2556 1367 2567 -

144 2609 163 2645 ii
176 2592 230 2648 boc
243 2605 372 2664 tempore
384 2598 517 2653 maiorem
530 2598 655 2653 habebat
665 2613 826 2667 processum
839 2598 867 2651 in
881 2596 989 2652 litteris.
1001 2595 1101 2650 Finitis
1113 2596 1254 2651 seminarii
1267 2596 1369 2652 studiis

117 2661 221 2718 missus
249 2669 296 2720 est
315 2668 485 2742 Petropolim
512 2668 541 2722 iu
565 2668 750 2726 aeademiam:
779 2667 910 2723 laudatur
928 2680 1005 2721 amer
1025 2664 1084 2719 eius
1102 2664 1188 2719 studii
1207 2665 1370 2734 theologici.

119 2728 262 2787 Sacerdos
280 2735 372 2791 lactus
385 2742 429 2791 est
448 2739 487 2792 12.
501 2736 567 2791 Deo.
582 2740 650 2793 1855
668 2737 696 2790 in
708 2737 819 2790 titulum
832 2737 970 2792 ecclesiae
983 2752 996 2790 1
1018 2734 1150 2789 Andreae
1163 2735 1191 2787 in
1207 2734 1369 2790 Kronstadt.

120 2798 188 2854 Cum
211 2803 332 2872 primuni
356 2806 511 2873 eeclesiam,
535 2822 608 2877 quae
633 2813 770 2862 renovata
792 2805 1000 2876 pulchritudino
1019 2798 1134 2859 miriliee
1157 2804 1367 2874 resplendebat,

118 2868 247 2940 intraret,
273 2875 459 2931 admiratione
482 2883 582 2945 captus
600 2883 657 2931 est:
685 2876 757 2931 bane
780 2876 899 2932 eandem
925 2874 1072 2929 ecclesiam
1091 2874 1190 2928 eodem
1215 2874 1368 2944 splendore

120 2947 247 2996 ornatam
266 2950 334 2998 ante
354 2948 387 3001 15
400 2962 488 3001 annos
506 2946 535 2999 11
553 2961 651 3000 somno
664 2946 783 3014 viderat,
802 2945 976 3014 eundemque
989 2944 1136 2998 ilionostas
1154 2947 1279 3011 ‘inuram
1305 2960 1367 2999 cum

120 3016 210 3077 perta,
230 3012 407 3069 dividentem
430 3016 520 3070 altare
538 3016 575 3069 ab
593 3015 726 3073 ecclesia]
751 3015 829 3070 euius
852 3020 935 3084 porte
953 3030 983 3069 se
1003 3012 1200 3083 procedentem
1226 3018 1284 3068 tuni
1303 3028 1368 3068 con·

120 3088 260 3144 sperarat.

222 3152 339 3209 1111111
352 3154 521 3210 sacerdotali
538 3154 606 3209 nibil
619 3155 646 3209 ei
658 3160 719 3210 erat
730 3154 858 3209 amicius:
873 3170 928 3223 quo
941 3151 1060 3221 fungens
1074 3150 1212 3205 mediator
1224 3150 1311 3233 inter·
1358 3180 1367 3191 ·

139 3217 214 3272 ulum
239 3229 270 3275 et
287 3222 377 3277 Deum
402 3224 455 3278 sibi
482 3224 639 3279 videbatur.
673 3225 800 3293 Ideoque
823 3229 853 3279 11
879 3238 940 3277 cum
964 3222 1035 3287 Deo,
1066 3225 1096 3273 et
1119 3235 1181 3275 eum
1208 3220 1313 3301 homini
1335 3236 1368 3276 us

120 3230 261 3354 irequemt
280 3308 331 3346 usu
349 3298 380 3348 et
398 3294 601 3349 consuetudine
620 3294 791 3362 coniungere
808 3308 839 3349 se
858 3291 967 3347 statuit.
985 3292 1116 3345 internae
1136 3290 1212 3345 vitae
1231 3305 1364 3371 maxime·

123 3367 176 3421 (tue
194 3361 350 3427 precationi
369 3378 453 3431 quani
471 3364 593 3417 inarime
605 3364 752 3431 studebat3
770 3364 863 3431 legem
877 3360 980 3416 ameris
999 3374 1067 3429 erga
1079 3358 1168 3413 Deum
1189 3366 1218 3411 et
1236 3359 1368 3415 homines

123 3440 254 3483 summam
273 3432 398 3500 regulam
417 3432 495 3487 vitae
513 3433 638 3501 sumpsit.
1206 3497 1212 3509 .

226 3502 267 3553 lix
277 3500 376 3568 diario,
394 3501 422 3555 in
435 3517 491 3571 quo
501 3501 653 3571 diligenter
664 3502 783 3556 notabat
795 3517 892 3555 omnes
906 3515 1015 3569 pugnas
1031 3499 1165 3560 internae,
1186 3504 1263 3579 vitae
1275 3504 1364 3567 patet,

124 3578 184 3617 euin
202 3567 229 3621 in
249 3568 311 3625 dies
335 3571 455 3626 maiores
479 3588 646 3642 progressus
669 3572 770 3626 iecisse
794 3569 960 3624 inveritate
980 3574 1009 3622 et
1026 3568 1126 3635 gratia.
1156 3566 1276 3622 llaxime
1296 3582 1366 3623 vero

124 3636 263 3694 excellens
289 3641 399 3694 exstitit
426 3648 486 3695 arte
534 3642 655 3696 recandi.
691 3642 733 3695 Ea
760 3656 790 3695 se
818 3640 947 3695 omnibus
975 3637 1194 3706 corruptelarum
1224 3636 1365 3693 illecebris

123 3701 257 3761 victorem
276 3710 422 3777 restitisse,
442 3658 571 3766 omniiius
583 3710 790 3765 discriminibus
801 3709 977 3779 perfunctum
997 3722 1059 3761 esse
1072 3707 1190 3761 latetur:
1210 3706 1274 3762 inde
1294 3707 1364 3760 acri·

123 3774 241 3830 moniam
259 3794 371 3849 quoque
396 3796 430 3834 ac
454 3781 646 3835 fortitudinem
665 3796 741 3834 suani
761 3794 883 3833 manare.
912 3778 1016 3831 Eadem
1042 3776 1174 3845 precandi
1199 3775 1314 3831 artaud
1334 3792 1364 3833 se

122 3838 300 3915 sllicitatque
306 3849 424 3904 attrabit
430 3852 552 3905 omnium
561 3851 677 3904 animos.
690 3850 755 3903 l‘liis
761 3864 844 3917 quam
852 3850 948 3901 audeo
957 3845 1080 3901 lidelinm
1095 3845 1364 3926 consuluerunteum

124 3920 178 3964 uno
195 3928 269 3970 anno
289 3918 325 3972 ds
344 3920 430 3975 variis
448 3920 675 3975 necessitatibus.
700 3920 774 3972 Tota
793 3918 894 3971 1111111
919 3916 1043 3971 ereditur
1060 3917 1095 3969 de
1116 3916 1236 3968 maxima
1256 3932 1283 3969 vi
1303 3914 1364 3971 eius

123 3984 298 4055 precationis,
329 4004 402 4057 quae
422 3989 588 4045 admiranda
614 3995 666 4043 est.
703 3984 834 4052 Quotidie
864 3986 969 4053 accipit
996 3990 1124 4040 sescenta
1150 3983 1364 4052 telegrammata

124 4050 153 4127 11
169 4053 310 4124 epistolas,
328 4058 431 4126 quibus
449 4060 612 4129 deprecatio
627 4059 688 4113 eius
705 4056 859 4125 flagitatur.
878 4056 957 4109 Multi
975 4054 1074 4108 fideles
1092 4053 1167 4121 liquo
1187 4054 1362 4120 nobilissimi,

125 4116 188 4172 mhil
205 4126 299 4195 magni
318 4127 462 4197 incipiunt,
481 4129 535 4183 nisi
553 4128 630 4194 prius
648 4126 873 4181 benedictionem
894 4126 954 4179 eins
972 4124 1140 4193 acceperint.
1157 4192 1162 4203 Ι
1204 4192 1209 4203 Ι
1342 4190 1348 4202 1

208 4192 326 4252 loannes
361 4213 417 4252 nou
456 4199 525 4254 tivit
556 4198 619 4261 sibi,
656 4198 706 4251 sed
735 4197 795 4251 Deo
826 4204 854 4248 et
885 4194 1051 4249 bominibus.
1087 4192 1257 4247 Sacnlicium
1294 4190 1364 4245 facit

124 4259 343 4377 ἓξο111111,1111
362 4284 408 4323 ies
427 4268 454 4321 in
473 4268 576 4323 Russia
594 4268 708 4321 insolita
726 4273 777 4319 est.
797 4295 829 4304 -
849 4264 929 4319 Prius
947 4262 1069 4334 perlegit
1094 4261 1187 4315 omnia
1208 4260 1315 4329 ,stilpiri
1335 4265 1365 4313 et

161 4332 239 4385 noni⁴‘
259 4337 425 4405 (quaecum
444 4345 542 4392 nostro
560 4336 703 4393 breviario
728 4350 891 4403 comparare
910 4336 1077 4403 pessumdet.
1096 4329 1246 4411 admodum
1267 4330 1361 4411 longa,

127 4398 154 4444 tt
185 4404 240 4455 tuni
270 4406 381 4460 demum
410 4408 521 4463 accedit
550 4408 585 4461 ad
618 4405 758 4474 liturgiam
794 4404 840 4473 pie
876 4402 1081 4458 celebrandum.
1118 4401 1186 4455 Post
1222 4400 1364 4480 liturgiam

125 4472 273 4537 bemgriiiis
289 4475 333 4530 sui
350 4477 460 4544 copiam
479 4476 529 4531 dat
547 4483 577 4531 et
593 4474 764 4545 Petropolim
784 4470 978 4542 proficiscitur,
999 4476 1029 4525 ut
1045 4471 1074 4525 in
1093 4469 1229 4535 domibus,
1245 4485 1272 4522 in
1312 4484 1363 4523 uas

127 4542 302 4611 vouatueluit,
312 4550 449 4614 precetur.
460 4546 585 4629 Vespere
597 4546 756 4610 revertitur,
768 4538 1269 4666 111111131111511111111111111111.
1297 4608 1302 4618 .
1314 4537 1362 4591 eli·

128 4612 204 4720 allum
216 4616 324 4682 tenipus
334 4615 414 4670 ducit
426 4616 643 4685 precationibus,
656 4620 872 4683 praeparatione
886 4629 903 4667 a
935 4617 1077 4666 orationes
1090 4624 1192 4673 sacras,
1206 4614 1360 4675 scriptione

146 4675 210 4731 urii.
228 4680 417 4739 Memorabilis
435 4684 480 4740 liic
498 4685 570 4740 liber
588 4684 746 4739 celebratur
773 4682 893 4737 omnium
922 4696 1064 4749 sermonei
1084 4677 1179 4733 schola
1198 4676 1362 4731 devotionis
