3450 5342
883 467 1052 520 ...Sti-.-

341 650 507 732 ttberbaupt
527 649 640 722 lebren,
663 649 712 710 die
737 651 927 730 Weigerung,
959 651 1004 710 hir
1027 671 1101 730 gana
1126 650 1243 728 gebeim
1265 649 1437 728 gebiiebenc
1463 649 1572 708 &finden

341 737 391 798 die
412 737 597 800 kanonische
620 737 701 797 Busse
724 759 760 797 an
783 737 992 810 ubernshmen,
1025 737 1108 796 fflbre
1134 740 1163 795 in
1194 737 1242 796 die
1266 737 1363 808 Helle,
1394 759 1426 796 so
1449 738 1574 796 konntcn

340 827 384 884 sie
413 827 521 904 gewiss
551 827 633 884 nicht
664 825 771 897 ahncu,
804 825 874 884 dass
904 846 972 886 man
1005 825 1096 884 ihnen
1128 827 1206 882 einst
1237 823 1285 882 die
1315 822 1576 902 stillscbweigcnde

340 911 578 990 Beschrttnhnug
598 911 827 971 unterscbieben
842 912 950 980 wurde,
974 912 1042 970 felis
1060 910 1184 986 jemand
1208 911 1340 970 nitmlich
1365 932 1396 970 so
1415 911 1517 970 dnmm
1539 912 1579 980 ist,

342 998 423 1058 disse
445 999 602 1076 geheimen
634 997 755 1058 Stinden
776 1020 813 1058 zu
836 998 1019 1058 bekennen.“
1058 997 1174 1056 Bickell
1206 1000 1237 1055 in
1261 997 1430 1058 zeitschrift
1462 999 1481 1056 f.
1507 996 1579 1056 irath

341 1086 447 1144 rheu.
471 1088 578 1163 ttemp.
602 1088 693 1153 1877,
717 1107 744 1162 p.
767 1088 839 1144 tir.

452 1191 596 1262 ,Constat
617 1188 746 1267 denique
769 1189 879 1258 fideles,
912 1190 962 1268 qui
985 1191 1016 1246 in
1040 1191 1165 1248 crimina
1186 1187 1262 1266 lapsi
1287 1202 1392 1253 essent,
1417 1209 1485 1248 cum
1509 1190 1579 1266 peri·

344 1277 442 1338 edum
464 1277 566 1336 mortis
589 1288 713 1354 urgeret,
739 1279 881 1354 petivisse
904 1275 941 1334 ab
964 1275 1089 1334 ecclesio
1112 1277 1231 1334 veniam
1254 1285 1283 1334 et
1306 1276 1583 1337 reconciliationem,

345 1384 469 1441 eamque
492 1364 619 1432 veniam,
642 1383 718 1440 quae
740 1365 959 1440 peractionem
985 1365 1185 1440 poenitentiae
1208 1361 1341 1431 dabatur,
1364 1363 1508 1440 petivisse
1532 1361 1582 1419 sui-

345 1451 426 1512 iicite
448 1460 479 1510 ct
501 1449 703 1522 vehementem
735 1449 922 1510 abhorruisse
951 1447 1070 1528 quidem
1093 1449 1191 1526 plures
1214 1469 1232 1506 a
1254 1448 1353 1508 labore
1377 1450 1583 1526 poenitentiae,

344 1556 495 1615 nunquam
518 1557 588 1594 vero
610 1538 762 1615 excepisse
780 1535 977 1615 (exceptione,
999 1555 1074 1614 quae
1098 1534 1282 1595 rationabilis
1312 1539 1378 1594 visa
1401 1532 1453 1616 sit)
1477 1538 1583 1594 iniuste

346 1623 383 1682 ab
412 1623 538 1682 ecclesia
564 1623 751 1684 condiciones
774 1625 862 1682 statui
893 1644 945 1702 pro
968 1621 1158 1682 concedenda
1180 1623 1426 1682 reconciliatione.
1449 1633 1481 1680 et
1504 1640 1585 1700 posse-

345 1731 385 1783 se,
419 1712 494 1770 citra
522 1712 718 1769 ministerium
740 1709 892 1782 ecclesiae,
922 1713 1040 1768 veniam
1071 1710 1211 1786 consequi
1241 1729 1357 1768 suorum
1393 1719 1584 1786 peccatorum

345 1799 455 1856 Patent
477 1797 551 1856 haec
580 1817 618 1854 ex
641 1799 818 1857 testimoniis
841 1795 1003 1856 Caelestini
1026 1811 1056 1853 et
1079 1797 1188 1854 Leonis
1219 1805 1248 1853 et
1279 1817 1316 1854 cx
1339 1795 1463 1854 historia
1487 1797 1586 1874 poeni-

345 1885 456 1946 teutiae
479 1885 639 1942 canonicae
661 1885 790 1962 priorum
813 1883 995 1943 saeculorum
1018 1891 1047 1940 et
1070 1904 1108 1940 ex
1130 1882 1264 1961 epistolis
1287 1903 1308 1941 s.
1332 1883 1487 1962 Cypriani,
1511 1901 1585 1960 quae

346 1971 385 2030 ad
409 1971 508 2050 lapsos
530 1979 673 2048 spectant.
702 1971 770 2030 Non
799 1990 895 2049 panca
917 1969 1035 2048 quidem
1059 1989 1097 2028 ax
1121 1968 1167 2027 his
1190 1967 1360 2028 immediato
1391 1979 1527 2048 spectant
1549 1966 1586 2026 sd

345 2078 383 2118 eu
402 2059 536 2129 cumina,
571 2077 624 2135 pro
646 2057 753 2136 quibua
781 2056 901 2136 publica
931 2059 1114 2134 poenitentia
1144 2055 1260 2134 agenda
1290 2067 1361 2126 orat,
1395 2075 1471 2134 quae
1502 2063 1586 2114 eraut

346 2146 471 2204 crimina
492 2146 630 2220 graviora
651 2155 681 2200 et
704 2143 874 2212 manifesta;
906 2153 943 2214 at,
974 2145 996 2202 si
1022 2144 1221 2204 necessarium
1244 2143 1299 2202 fuit
1333 2143 1476 2202 ecclesiae
1500 2143 1586 2201 mini·

347 2233 468 2290 sterium
490 2251 543 2308 pro
555 2233 727 2290 remissione
749 2250 857 2300 eorum,
881 2229 1038 2290 dicendum
1055 2239 1107 2300 est,
1132 2228 1264 2288 habitum
1280 2230 1370 2290 fuisse
1386 2232 1584 2288 necessarium

347 2339 399 2397 pro
421 2319 527 2376 ceteris
557 2337 673 2396 quoque
695 2320 837 2396 peccatis;
868 2338 937 2376 nam
960 2319 1078 2377 unicum
1112 2315 1271 2376 discrimen
1302 2319 1380 2376 iuter
1402 2317 1475 2374 haec
1499 2327 1528 2374 et
1551 2335 1584 2374 ca

347 2405 485 2483 graviora
506 2404 632 2463 crimina
653 2407 685 2462 iu
707 2404 764 2463 hoc
785 2406 913 2483 positum
936 2413 1007 2474 erat,
1030 2403 1108 2482 qnod
1131 2425 1182 2482 pro
1206 2403 1253 2462 his
1276 2414 1356 2462 certa
1379 2415 1454 2462 esset
1478 2411 1586 2462 statuta

347 2501 377 2552 et
398 2489 517 2569 publica
538 2493 721 2568 poenitentia
743 2489 868 2568 menda,
891 2511 943 2568 pro
965 2492 1087 2570 reliquis
1109 2492 1326 2569 permitteretur
1349 2489 1471 2549 arbitrio
1494 2509 1587 2549 sacer-

347 2579 425 2637 dotis
447 2579 625 2655 excipientis
646 2577 862 2638 confessionem
893 2577 1100 2636 determinatio
1122 2579 1348 2656 poenitentiae.³
1387 2577 1587 2644 Palmieri,

348 2665 386 2724 de
408 2685 493 2744 poen.
517 2663 558 2722 th.
583 2666 630 2737 10,
654 2685 682 2725 u.
706 2667 733 2724 7.

390 2763 509 2830 Nola:
556 2767 641 2826 Idem
672 2767 844 2846 probabitur
876 2768 1078 2828 demonstrata
1111 2771 1287 2828 necessitate
1320 2769 1411 2828 conf
1416 2769 1587 2828 essionis

557 2876 595 2912 ex
617 2853 784 2917 traditione.

350 2954 395 3008 Ad
417 2956 440 3008 1.
461 2953 489 3024 c)
508 2958 594 3022 patet
612 2967 801 3024 responsum
820 2969 856 3008 ex
876 2952 978 3022 primo
996 2949 1193 3022 argumento.

453 3039 482 3108 b)
501 3040 570 3095 Non
590 3040 657 3095 sola
684 3045 807 3109 peccata
830 3039 1037 3095 ecclesiastica
1056 3055 1151 3110 posse
1177 3039 1293 3096 remitti
1318 3040 1378 3096 iam
1399 3045 1469 3094 aute
1488 3047 1586 3094 osten·

349 3108 462 3164 dimus.
483 3108 530 3169 Cf.
549 3109 628 3165 thes.
647 3111 671 3170 2.
691 3125 720 3180 p.
739 3109 781 3176 11,
802 3109 831 3164 d.
850 3112 867 3163 7
886 3113 941 3166 etc.

453 3199 478 3263 c)
500 3195 644 3252 Potestas
663 3195 818 3252 retinendi
836 3202 940 3266 potest
960 3194 1094 3264 spectari
1113 3193 1145 3250 in
1164 3201 1229 3252 tota
1244 3211 1302 3251 sua
1314 3195 1518 3264 amplitudine
1533 3207 1585 3250 seu

350 3265 510 3334 complete,
538 3269 632 3334 prout
657 3264 777 3334 analysi
808 3263 951 3320 instituta
982 3265 1151 3320 verborum
1186 3263 1302 3321 Christi
1327 3265 1534 3334 cognoscitur,
1560 3266 1587 3316 et

351 3334 542 3404 incommote,
561 3335 592 3388 id
611 3339 681 3389 actu
701 3333 849 3398 efficiens,
869 3341 903 3388 ut
944 3338 1079 3388 occatum
1101 3341 1170 3389 actu
1190 3341 1313 3390 maneat
1336 3333 1466 3415 ideoque
1485 3338 1515 3388 et
1534 3333 1588 3387 hoc

350 3403 440 3458 titulo
460 3404 610 3472 perduret
628 3402 778 3472 obligatio
797 3350 957 3459 redeundi.
977 3403 1137 3473 complete
1157 3408 1327 3473 spectatam
1354 3417 1500 3458 novimus
1519 3405 1584 3472 ipsa

351 3489 407 3528 sua
419 3472 617 3528 institutione
630 3489 685 3527 seu
699 3476 899 3528 exsistentem
915 3477 946 3529 in
959 3482 1029 3528 actu
1042 3476 1146 3552 primo
1159 3473 1339 3542 exigerent
1353 3472 1458 3528 omnia
1467 3477 1586 3541 peccem

352 3541 495 3598 mortuiis
508 3550 580 3612 post
593 3543 784 3611 baptismum
800 3545 975 3610 commissa,
990 3541 1049 3598 sibi
1064 3541 1180 3597 directe
1191 3541 1378 3598 remittenda
1388 3541 1587 3598 subiciantur.

352 3611 551 3668 Manifestum
579 3617 627 3666 est
652 3612 730 3666 hano
754 3611 944 3667 functionem
974 3610 1147 3682 exigentiae
1173 3614 1336 3682 porrigere
1364 3627 1397 3666 se
1422 3611 1462 3666 ad
1486 3613 1586 3666 omnia

351 3688 473 3750 peccate
493 3681 636 3737 mortalia
655 3681 802 3736 admissa.
822 3680 867 3736 cf.
894 3680 1085 3748 Palmieri,
1107 3681 1150 3735 De
1169 3697 1259 3750 poen.
1279 3683 1320 3737 th.
1342 3683 1381 3748 10,
1402 3681 1461 3736 111.

455 3767 484 3828 dt
512 3768 632 3821 mirere
661 3773 814 3836 potestate
842 3766 974 3822 clavium
1007 3783 1069 3823 non
1098 3784 1192 3848 posse
1221 3766 1347 3823 retineri
1379 3767 1437 3822 nisi
1466 3771 1585 3835 peccata

354 3837 495 3892 mortalia
516 3838 651 3891 hominis
673 3835 818 3906 baptizati
838 3851 900 3890 non
920 3839 1127 3908 pertingentis
1147 3853 1248 3908 risque
1267 3837 1306 3894 ad
1327 3837 1500 3892 habendam
1520 3849 1586 3888 con-

353 3905 509 3960 tuitionem
538 3907 716 3974 perfectam,
741 3906 823 3960 idem
849 3914 898 3959 est
916 3911 1009 3976 atque
1035 3907 1138 3962 dicere
1163 3908 1237 3962 haec
1262 3913 1385 3976 peccma
1410 3921 1471 3960 non
1497 3917 1588 3974 posse

352 3975 479 4029 retineri
494 3975 554 4029 nisi
565 3976 778 4043 dependenter
788 3976 827 4029 ab
839 3975 1015 4044 hypothesi,
1026 3977 1110 4046 quod
1125 3977 1161 4042 is,
1175 3975 1263 4032 cuius
1274 3981 1396 4046 peccata
1411 3973 1588 4038 retinentur,

351 4043 428 4098 nolit
449 4060 610 4099 recurrere
629 4045 668 4099 ad
684 4045 820 4100 medium
834 4044 1030 4100 contritionis
1050 4045 1212 4116 perfectae.
1232 4045 1322 4110 Quod
1337 4048 1363 4099 si
1377 4059 1485 4099 verum
1500 4047 1588 4106 esset,

350 4113 410 4166 iam
425 4121 653 4181 consequenter
666 4114 872 4169 asserendum
886 4119 977 4182 esset,
993 4130 1055 4170 non
1067 4123 1233 4185 peractum
1249 4113 1391 4170 habentis
1406 4117 1587 4182 potestatem

350 4181 493 4247 clavium,
514 4182 568 4236 sed
589 4199 644 4251 per
663 4197 764 4238 actum
785 4183 876 4246 illiue,
896 4182 984 4238 cuius
1003 4191 1128 4252 peccata
1147 4185 1329 4252 retinentur,
1349 4184 1537 4252 contingere,
1557 4187 1588 4236 ut

352 4251 498 4306 remissio
529 4252 641 4306 horum
671 4260 868 4321 peccatorum
891 4259 1010 4308 retenta
1034 4261 1156 4309 raianeat
1192 4253 1336 4324 potestati
1361 4252 1521 4308 clavium«.
1540 4250 1588 4305 De

350 4320 432 4388 San,
454 4321 496 4375 De
516 4336 605 4443 paen.
624 4338 654 4376 n.
675 4323 734 4378 277.

461 4393 475 4456 )
501 4414 509 4435 ο
543 4393 653 4446 icimus
679 4395 826 4461 antiquos
847 4395 957 4512 patres
984 4390 1067 4448 iliam
1097 4394 1299 4448 retentionem
1343 4406 1376 4446 er
1394 4390 1589 4460 negationem

350 4458 459 4513 veniae
478 4459 658 4529 explicasse,
679 4466 713 4516 ut
727 4461 834 4515 videre
858 4463 916 4514 icet
930 4459 961 4515 in
977 4459 1105 4530 cyrillo,
1127 4461 1305 4528 Euthymio,
1353 4465 1464 4530 aperto
1480 4457 1589 4514 statiis

349 4533 381 4581 et
399 4543 461 4583 non
481 4545 574 4597 posse
595 4530 684 4584 aliter
702 4530 825 4599 exponi,
845 4531 873 4584 si
892 4532 1024 4586 verbum
1058 4531 1211 4586 retinendi
1240 4531 1394 4586 referatur
1413 4529 1588 4585 immediate

351 4597 390 4651 ad
409 4600 495 4667 ipsas
514 4599 630 4668 culpas,
651 4601 731 4654 sicut
750 4599 882 4654 verbum
909 4599 1096 4668 remittendi,
1122 4601 1195 4670 quia
1214 4599 1304 4670 culpa
1322 4600 1390 4668 ipsa
1409 4615 1471 4654 nou
1491 4604 1591 4668 potest

350 4667 466 4722 directe
485 4667 712 4735 peractionem
732 4671 900 4738 positivam
922 4667 1065 4724 retineri:
1093 4685 1283 4740 quamquam
1309 4669 1457 4724 iudicium
1478 4668 1589 4738 ipsum,

351 4751 414 4804 quo
433 4737 543 4805 aliquis
572 4737 726 4792 iudicatur
750 4737 899 4806 indignus
925 4738 1130 4807 absolutione,
1149 4745 1236 4794 actus
1257 4737 1411 4808 positivus
1431 4739 1478 4806 sit,
1498 4753 1587 4808 quem
