3450 5342
691 449 731 458 ——
759 419 819 474 149
843 448 878 457 »-

163 607 259 671 finit,
294 627 345 683 per
367 607 566 664 assistentiam
601 605 742 666 divinam.
773 609 830 684 ipsi
859 609 890 665 in
919 607 1004 665 beato
1039 607 1128 665 Petro
1162 610 1345 686 promissam,
1369 629 1405 666 aa

163 691 377 750 infallibilitate
405 693 523 770 pollere.
550 713 609 770 qua
631 692 751 751 divinus
779 693 959 772 Redemptor
986 694 1151 753 Ecclesiam
1181 715 1262 754 suam
1292 698 1322 754 iu
1351 695 1408 754 de-

160 779 327 838 finienda
355 778 489 837 doctrina
511 778 548 836 de
572 779 630 837 fide
652 782 700 838 vel
724 779 852 840 moribus
876 783 1050 840 instructam
1067 801 1131 840 esse
1148 782 1257 845 voluit:
1282 782 1408 861 ideoque

160 866 307 924 eiusmodi
332 867 455 924 lfomani
479 867 633 925 l‘ontificis
660 867 898 926 definitiones
922 889 960 926 ex
984 889 1055 938 sese,
1081 879 1253 927 nouantem
1278 891 1315 927 ex
1339 891 1409 928 con-

161 975 250 1012 sensu
276 954 426 1011 Ecclesiae
450 953 679 1012 irreformabiles
701 959 783 1013 esse“
802 953 837 1027 ⁶).

275 1057 312 1114 l't
337 1058 485 1132 igiturex
509 1077 598 1116 cansa
622 1057 746 1117 Honorii
770 1069 871 1116 contra
895 1059 1139 1118 infallibilitatem
1159 1061 1284 1118 lfomani
1305 1061 1407 1118 Ponti-

161 1145 226 1202 fieis
250 1144 414 1220 legitimum
437 1146 582 1202 efficiatnr
603 1155 817 1221 argumentum,
840 1167 879 1202 es
902 1146 1025 1205 historia
1048 1146 1163 1204 ostendi
1181 1145 1276 1214 debet,
1300 1166 1407 1224 papam

165 1232 338 1298 Honoriom,
361 1243 506 1308 potestate
529 1251 582 1290 sua
604 1253 740 1310 suprema
763 1233 895 1291 Pastoris
918 1247 947 1290 et
968 1235 1106 1292 lloctoris
1126 1236 1256 1292 omnium
1281 1232 1407 1292 Christi-

160 1339 293 1376 anorum.
327 1338 420 1395 eaque
445 1339 503 1376 tion
527 1338 709 1396 quocumque
732 1318 826 1378 modo.
850 1319 903 1378 sed
926 1319 1086 1378 secundnm
1111 1331 1202 1378 totam
1226 1321 1289 1378 eius
1312 1321 1406 1398 pleni-

161 1404 296 1462 tudinem
322 1405 438 1468 ntendo.
460 1408 511 1462 toti
529 1405 673 1463 eeclesiae
695 1405 899 1464 definitivo
923 1407 1009 1466 modo
1033 1407 1211 1465 credendum
1224 1409 1409 1485 proposuisse

160 1491 276 1570 aliquid
310 1492 426 1549 falsum.
460 1493 612 1552 Similiter.
635 1495 659 1550 si
685 1495 751 1570 quis
784 1513 827 1549 ex
863 1493 1033 1552 coneilio
1067 1505 1180 1552 sexto
1204 1504 1408 1572 argumentum

160 1590 266 1637 eontra
290 1579 533 1637 infallibilitatem
558 1580 683 1636 lfomani
706 1581 860 1638 l'ontilicis
884 1591 1051 1638 construere
1076 1581 1157 1648 velit,
1177 1579 1297 1638 debebit
1313 1592 1409 1640 osten·

160 1665 240 1731 dere,
263 1666 420 1724 concilium
436 1665 605 1723 authentice
628 1665 810 1725 declarasse:
833 1668 1007 1738 llonorium,
1024 1671 1197 1726 auctoritate
1210 1688 1263 1726 sna
1274 1687 1410 1746 suprema

162 1753 295 1810 Pastoris
318 1766 347 1809 et
373 1754 508 1811 lloctoris
542 1756 671 1810 omnium
707 1753 942 1812 Christianorum
978 1754 1134 1826 abutendo,
1168 1755 1221 1812 toti
1254 1755 1408 1812 Ecclesiae

159 1839 382 1898 definitiva
411 1842 559 1898 sententia
581 1861 708 1898 errorem
732 1841 861 1918 aliquem
886 1840 1047 1900 tenendum
1070 1843 1244 1900 iniunxisse.

271 1947 299 2000 5.
322 1943 435 2018 Quodsi
452 1946 517 2021 quis
541 1942 647 2000 aliud
671 1942 741 2021 qnid
764 1944 909 2016 ostendat,
933 1957 983 2004 ut:
1009 1945 1174 2004 Honorium
1198 1946 1403 2024 quaestionem

159 2052 220 2090 utin
255 2032 448 2108 perspexisse,
485 2031 647 2088 llonotinm
684 2033 714 2090 in
748 2051 787 2098 re,
810 2031 847 2089 de
882 2053 940 2109 qua
968 2035 1065 2110 agitur
1099 2052 1220 2100 errasse,
1258 2031 1404 2090 haeresim

161 2117 333 2189 credidisse,
356 2119 502 2176 baeresim
537 2119 750 2181 manifestasse,
774 2117 888 2176 haeresi
913 2122 976 2176 sire
1000 2122 1127 2178 scienter
1149 2121 1212 2178 sive
1237 2121 1407 2195 ignoranter

162 2206 293 2263 favorem
329 2207 519 2282 praestitisse.
554 2204 700 2262 baeresim
734 2205 917 2282 praedicanti
952 2229 982 2264 se
1018 2227 1076 2264 non
1111 2208 1282 2284 opposuisse
1305 2215 1333 2262 et
1357 2205 1404 2262 his

159 2293 287 2353 similia:
312 2292 359 2348 vel
382 2295 472 2349 etiam
495 2294 518 2350 si
544 2293 609 2369 quis
632 2291 776 2357 ostendat,
800 2294 958 2351 concilium
982 2304 1097 2352 sextum
1122 2293 1278 2350 damnasse
1304 2291 1403 2349 Hono-

160 2382 244 2441 rinrn.
267 2393 296 2436 et
319 2378 439 2457 quidem
462 2392 613 2457 tamqnam
640 2378 827 2447 haereticum,
851 2383 941 2438 immo
966 2383 1056 2438 etiarn
1081 2389 1111 2438 ut
1135 2381 1314 2438 haereticum
1339 2399 1404 2456 pro·

161 2469 223 2544 prie
258 2465 370 2523 dictum
400 2479 429 2522 et
459 2465 613 2523 t'cnnalem
637 2499 679 2508 -
701 2466 858 2543 aliquid
892 2467 960 2524 talis
997 2467 1126 2546 profecto
1162 2466 1341 2544 probaveritg
1366 2478 1404 2533 at,

159 2551 301 2631 quamdiu
325 2573 384 2610 non
408 2553 529 2610 alterius
552 2551 675 2630 probare
699 2556 814 2630 poterit,
839 2554 1003 2612 Honorium
1018 2553 1105 2612 modo
1122 2556 1254 2631 superius
1270 2553 1404 2630 exposito

160 2641 299 2698 falsam
334 2639 598 2712 definitionem
621 2661 663 2697 ex
687 2639 866 2698 cathedra
900 2639 1037 2710 edidisse,
1062 2641 1108 2698 vel
1133 2661 1151 2697 a
1173 2639 1297 2698 concilio
1321 2647 1405 2697 sexto

161 2736 323 2805 propter
353 2725 499 2784 editam
531 2727 675 2784 falsam
708 2725 994 2786 definitionem
1026 2749 1070 2785 ex
1102 2726 1299 2786 cathedra
1326 2724 1409 2784 dam-

160 2826 261 2872 natum
285 2835 357 2877 esse,
380 2826 482 2872 eontra
506 2812 730 2872 infallibilitatis
753 2812 860 2891 dogma
878 2835 913 2872 ne
931 2815 1022 2872 latum
1047 2813 1165 2892 quidem
1189 2833 1317 2890 unguem
1341 2833 1408 2890 pro·

165 2902 277 2959 feeerit.

267 3005 521 3063 liemonstraterit
546 3007 646 3082 utique
669 3004 746 3074 talis,
771 3004 934 3063 Romanum
959 3005 1141 3075 Pontificem,
1165 3006 1254 3062 etiarn
1274 3023 1311 3060 ex
1336 3023 1405 3062 con-

161 3093 222 3149 cilii
248 3094 428 3150 oecumenici
453 3093 609 3152 sententia.
634 3111 692 3149 non
715 3111 779 3149 esse
803 3094 906 3170 omni
935 3091 1129 3170 possibili
1159 3089 1407 3151 Infallibili-

162 3182 261 3237 tatis
285 3178 393 3237 modo
424 3190 459 3236 et
490 3177 612 3253 gradu
636 3177 833 3247 infallibilem,
857 3189 888 3236 at
912 3200 970 3237 non
994 3178 1215 3244 demonstravit,
1240 3177 1408 3235 Romanum

162 3265 340 3324 Pontificem
364 3287 423 3324 non
439 3287 503 3324 esse
527 3287 569 3323 eo
595 3263 822 3323 lnfallibilitatis
845 3264 976 3322 modoet
992 3264 1085 3342 gradu
1102 3263 1301 3327 infallibilem,
1318 3283 1408 3340 quem

162 3351 281 3411 modurn
305 3365 334 3410 et
356 3353 479 3428 gradum
510 3352 634 3410 solum
666 3352 802 3410 Ecclesia
825 3352 959 3410 lfomana
982 3355 1071 3430 capiti
1096 3373 1147 3410 suo
1172 3348 1313 3410 vindicat.
1338 3350 1408 3408 Non

160 3442 242 3498 eninr
272 3461 402 3518 unquam
433 3439 594 3498 affirmarit
625 3440 759 3497 lfomana
790 3439 935 3508 Ecclesia,
966 3449 1052 3518 caput
1083 3459 1165 3497 snum
1196 3447 1226 3496 ut
1249 3457 1405 3516 personam

162 3529 361 3604 privatam
385 3547 482 3585 errare
499 3548 558 3584 non
574 3547 679 3605 posse<
703 3526 757 3584 hoe
781 3529 878 3605 potins
901 3537 1052 3605 tamquam
1076 3524 1292 3604 blasphemiam
1314 3524 1403 3600 louge

160 3634 181 3670 a
202 3635 233 3670 se
257 3617 350 3671 reicit.
373 3615 477 3692 Neque
508 3617 611 3672 asserit
644 3615 776 3671 lfomana
808 3613 950 3680 Ecclesia,
983 3615 1134 3671 Summum
1164 3611 1347 3681 Pontificem,
1370 3631 1404 3668 eo

162 3703 226 3778 ipso
250 3701 327 3780 quod
350 3711 501 3779 tamquam
532 3701 673 3759 Pastor
703 3712 738 3758 et
771 3701 917 3758 lloctor
947 3703 1115 3758 omnium
1145 3697 1333 3756 fidelium
1364 3696 1408 3756 lo·

160 3790 268 3865 quitur,
292 3807 445 3865 semper
468 3809 531 3844 esse
555 3785 764 3849 infallibilem:
788 3789 922 3864 agnoscit
938 3788 1034 3864 potius
1052 3787 1216 3846 Romanum
1233 3785 1408 3844 Pontificem

160 3877 252 3932 etiam
283 3895 349 3932 enm
373 3877 402 3932 vi
426 3877 556 3933 muneris
579 3877 632 3938 sui,
656 3895 694 3932 ert
717 3895 774 3954 qno
797 3874 859 3932 solo
892 3874 981 3932 talem
1014 3882 1190 3951 potestatem
1222 3870 1320 3942 habet,
1342 3873 1408 3930 uni·

160 3981 277 4019 versam
302 3962 467 4020 Ecclesiam
491 3961 657 4038 alloquitur,
681 3981 795 4039 posse
819 3959 849 4018 id
874 3961 971 4020 facere
994 3963 1080 4018 sine
1103 3961 1269 4018 intentione
1293 3956 1407 4036 aliquid

160 4047 405 4117 definiendi,
428 4048 459 4105 id
483 4060 535 4118 est,
559 4048 650 4106 semel
673 4069 725 4126 pro
756 4068 872 4126 semper
894 4045 1129 4106 irrevocabiliter
1151 4043 1407 4116 terminandi,

160 4137 251 4193 immo
274 4155 340 4194 cnm
360 4138 488 4213 positiva
505 4137 670 4194 intentione
685 4146 800 4194 tantum
824 4134 1160 4214 disciplinariter
1182 4131 1296 4211 aliquid
1318 4139 1412 4190 statu-

159 4222 233 4282 endi
254 4225 332 4280 etin
349 4223 487 4280 talicaso
510 4242 696 4300 nequaqnam
720 4222 793 4281 dicit
815 4243 882 4280 enm
905 4220 1120 4280 infallibilitate
1145 4219 1282 4296 gaudere.
1306 4218 1412 4296 Neque

160 4329 292 4388 utiquam
316 4310 451 4368 lfomana
473 4309 611 4367 Ecclesia
633 4311 766 4373 asseruit.
789 4329 916 4367 errorem
941 4330 959 4366 a
984 4309 1117 4366 Romano
1140 4305 1294 4374 Pontifice,
1321 4305 1415 4364 alter-

158 4408 224 4455 utro
248 4397 350 4455 borum
374 4395 526 4454 modorum
549 4404 656 4473 agente
672 4398 868 4465 commissum,
893 4417 951 4454 non
975 4415 1060 4473 posse
1079 4397 1205 4453 etiama
1228 4392 1412 4452 concilio

151 4505 203 4542 -oe
214 4486 416 4542 cumenico
446 4483 645 4541 infallibiliter
670 4481 823 4541 declarari.

226 4725 249 4790 ⁶)
268 4726 364 4778 Sessio
383 4725 427 4778 lv.
449 4725 622 4778 t‘onstitntio
640 4724 660 4775 l.
680 4723 773 4789 Caput
792 4723 837 4775 lV.
