3450 5342
736 422 908 477 ,.65..

289 606 316 659 6.
339 603 395 658 Ita
416 602 557 673 explicari
576 603 676 658 locum
694 602 824 658 Ioannis
839 602 964 658 videtur
983 602 1075 657 etiam
1093 602 1192 656 media
1205 606 1304 657 aetate
1318 603 1442 659 solitum

174 688 260 741 esse,
293 678 332 728 ut
362 678 456 742 patet
486 688 520 727 ex
545 673 674 741 epistola
705 672 898 728 absolutoria
926 671 1145 808 episcoporum
1177 673 1376 741 quorundam
1406 674 1444 727 ad

175 742 369 799 Robertum
395 742 671 798 Cenomanensem
691 741 737 798 ot.
758 742 836 796 tbea
854 744 879 809 9,
900 758 929 811 p.
967 741 981 795 Ι
1020 742 1085 796 dub
1113 745 1129 795 4

292 842 422 901 Tamen
445 840 602 901 tenendum
626 852 679 921 est,
701 841 780 921 quod
804 843 960 920 posuimus
983 842 1061 899 Nam
1085 841 1239 901 verborum
1263 842 1365 900 horum
1395 844 1446 900 ob-

176 932 249 987 vius
275 938 309 987 et
336 929 473 1007 simplex
503 950 603 988 sensus
634 888 712 988 ceite
743 938 787 988 est
818 932 850 1001 is,
882 949 969 1007 quern
1002 949 1055 986 nos
1085 932 1128 987 eis
1158 928 1338 1004 subicimus3
1369 952 1445 988 neve

171 1016 262 1075 dicas
288 1017 451 1095 apostolos
475 1016 595 1075 fortasse
618 1038 656 1075 ex
679 1038 733 1075 usu
755 1017 917 1094 longinquo
939 1018 1000 1072 iam
1023 1016 1217 1092 intellexisse,
1241 1015 1386 1093 quomode
1410 1038 1447 1075 ea

170 1103 333 1162 sumenda
358 1112 483 1174 essent,
513 1106 631 1161 omnino
655 1106 733 1161 enim
757 1103 888 1161 alienum
910 1101 940 1159 id
965 1100 1083 1160 videtur
1104 1101 1141 1160 ab
1165 1105 1210 1175 iis,
1233 1123 1309 1181 quae
1332 1103 1444 1161 dictum

171 1190 232 1249 boc
259 1188 466 1247 antecedunt.
499 1191 578 1262 ,Nee
601 1189 784 1261 dubitabant,
816 1192 888 1267 quin
914 1189 1058 1256 Christus,
1089 1193 1139 1267 qui
1162 1188 1249 1247 modo
1272 1212 1324 1268 per
1357 1192 1445 1249 mira-

170 1278 277 1336 culum
316 1278 547 1335 resurrectionis
579 1278 766 1335 divinitatem
798 1294 881 1333 suam
911 1274 1097 1353 probaverat,
1132 1285 1307 1354 potestatem
1340 1298 1443 1335 veram

171 1373 305 1443 peccata
331 1362 510 1421 remittendi
533 1367 576 1421 eis
599 1376 697 1442 posset
719 1363 870 1434 conferre3
903 1362 1012 1421 deinde
1043 1366 1162 1421 omnine
1191 1364 1280 1421 alieni
1305 1384 1321 1421 a
1346 1364 1445 1423 verbis

170 1452 293 1511 Christi
322 1451 492 1527 improprie
514 1450 744 1529 interpretandis
767 1460 885 1527 propter
914 1449 1048 1507 divinam
1079 1453 1123 1507 sui
1155 1452 1289 1526 magistri
1319 1454 1445 1509 auctori·

170 1548 270 1596 tatem
297 1540 370 1595 eius
396 1536 486 1593 dictis
508 1538 671 1615 simplicem
697 1536 791 1606 tidem,
821 1557 909 1613 quam
940 1536 1075 1594 (luistus
1105 1540 1192 1595 toties
1223 1540 1265 1594 eis
1296 1558 1444 1597 commen·

171 1625 318 1694 das-erat,
347 1622 496 1681 adhibere
519 1624 661 1682 solebant.
693 1622 852 1681 Debebunt
883 1624 973 1700 igitur
1000 1625 1124 1698 apostoli
1147 1623 1240 1681 verba
1262 1624 1373 1682 Christi
1404 1624 1444 1683 de

170 1732 249 1770 vera
280 1720 443 1789 potestate
458 1710 640 1772 ,remittendi
673 1720 792 1788 peccata
822 1711 999 1786 intelligere.
1033 1710 1187 1787 Repugnat
1217 1719 1314 1769 autem
1345 1710 1443 1770 divini

170 1801 320 1876 magistri
347 1796 489 1865 bonitati,
512 1800 684 1877 sapientiae,
716 1798 878 1865 voracitati,
909 1809 940 1855 ut
972 1799 1001 1853 in
1033 1818 1063 1854 re
1093 1800 1168 1855 tanti
1199 1799 1339 1855 momenti
1374 1818 1446 1857 usus

170 1888 212 1943 ιιι
237 1884 360 1953 verbis,
387 1902 465 1960 quae
488 1882 524 1942 ab
547 1885 688 1962 apostolis
711 1886 878 1942 necessario
903 1883 1099 1956 intelligenda
1121 1884 1245 1941 titissent
1269 1887 1300 1941 in
1324 1906 1443 1943 sernum

170 1973 318 2031 salsum.“
352 1974 490 2041 basse,
514 1972 560 2029 De
584 1992 668 2049 poen.
692 1970 733 2026 th.
758 1973 784 2027 7.

288 2077 361 2133 Nec
401 2090 479 2131 certe
512 2094 639 2153 poenam
681 2085 883 2131 aeternam
918 2072 1040 2150 (llugo
1079 2074 1237 2150 Victor.)
1273 2076 1444 2135 remittendi

166 2173 366 2243 potestatem
394 2161 569 2234 (seiunctam
594 2181 612 2218 a
634 2170 779 2239 potestate
802 2160 903 2237 culpas
920 2159 1101 2234 remittendi)
1118 2161 1165 2218 his
1184 2160 1282 2218 vmbis
1299 2163 1444 2221 llonrinns

164 2249 349 2308 concedere
376 2249 490 2324 potuit,
522 2268 590 2305 nam
613 2268 710 2325 poena
737 2258 857 2303 aeterna
885 2261 928 2302 est
953 2247 1188 2325 metaplrysienm
1219 2251 1440 2308 consecutivum

164 2346 267 2396 status
295 2333 423 2413 peccati
445 2336 551 2410 gravis,
575 2336 626 2411 qui
649 2354 709 2391 non
731 2333 857 2390 tollatur.
881 2334 979 2391 Solam
1003 2350 1099 2391 autem
1124 2344 1298 2412 potestatem
1330 2357 1440 2415 poenas

164 2421 436 2501 temporales
466 2421 633 2479 remittendi
659 2418 852 2489 (Alexander,
878 2421 1097 2496 Beneventum)
1125 2422 1282 2479 Dominum
1313 2423 1362 2480 hic
1389 2423 1440 2482 de-

165 2510 262 2581 disse,
292 2529 361 2567 nen
388 2508 460 2563 satis
483 2528 548 2565 cum
572 2506 817 2585 praecedentibus
840 2507 996 2564 cohaeret:
1020 2510 1094 2564 ¹sieut
1118 2529 1163 2565 me.
1186 2512 1264 2566 misit
1285 2510 1439 2586 Pater..;

165 2598 321 2657 Christ-us
348 2595 434 2651 enim
457 2596 561 2653 missus
585 2616 643 2651 tion
667 2607 711 2650 est
727 2602 840 2651 tantum
857 2593 895 2651 ad
912 2594 1102 2651 remittendas
1119 2616 1228 2672 peenas
1244 2597 1440 2674 temporales3

166 2687 265 2743 immo
295 2703 355 2761 pcr
380 2700 413 2737 se
437 2700 470 2737 ac
492 2683 631 2758 primarie
654 2682 761 2739 missus
784 2688 827 2737 est
851 2680 888 2737 ad
917 2680 1108 2756 remittendas
1139 2682 1239 2758 culpas
1270 2691 1298 2740 et
1330 2704 1443 2761 leaenas

166 2784 347 2831 aeternas:
384 2787 438 2823 nec
462 2770 497 2838 ei,
528 2772 577 2847 qui
610 2789 675 2825 reus
707 2776 750 2823 est
779 2766 941 2843 gehemtae.
973 2788 1084 2845 poenae
1119 2770 1295 2846 temporales
1330 2773 1441 2829 remitti

167 2868 314 2937 possunt,
343 2852 401 2913 sed
425 2854 552 2913 evadunt
575 2876 628 2933 per
651 2852 788 2911 accidens
812 2866 949 2911 aeternae
977 2856 1063 2931 „quia
1087 2874 1181 2932 poena
1206 2876 1366 2933 mtnrqmun
1389 2880 1440 2915 ex-

165 2948 274 3024 piatur
300 2950 452 3000 manente
475 2951 557 2999 reatu
579 2960 705 3019 poenae:
741 2938 791 2997 sed
815 2942 846 2998 in
871 2940 1019 2998 danmatis
1050 2963 1164 3018 semper
1188 2953 1320 3000 remanet
1341 2953 1443 3002 reatus
1513 3014 1517 3024 Ι

167 3052 292 3111 poenae
321 3026 447 3086 debitae
470 3037 590 3105 peccato
614 3027 734 3089 veniali,
770 3027 845 3104 qued
870 3049 930 3084 non
961 3030 1014 3085 t'uit
1038 3031 1188 3105 expiatum
1212 3033 1243 3086 in
1272 3032 1334 3087 uita
1356 3051 1441 3108 prae-

166 3120 281 3178 senti.“
320 3113 553 3182 Durandus,
578 3116 613 3172 ln
636 3114 654 3171 l.
672 3116 700 3184 4,
724 3112 751 3170 d.
769 3116 816 3183 21,
842 3135 868 3193 q.
887 3112 954 3170 ·.'.·'⁵t
984 3116 1046 3171 Nee
1069 3114 1205 3193 denique,
1230 3118 1254 3173 si
1273 3118 1316 3174 eis
1340 3117 1440 3176 serbis

165 3207 329 3265 ecclesiae
356 3200 507 3277 politicam
531 3211 645 3260 tantum
669 3200 838 3257 tacultatem
863 3201 1012 3258 trilmisset
1048 3201 1184 3278 indignes
1208 3224 1246 3261 se.
1270 3203 1396 3261 eiciendi
1421 3228 1440 3264 a

166 3330 401 3342 *Μ’-

237 3385 417 3459 ³)Qnitlam
437 3384 489 3439 hoc
507 3386 752 3455 impugnaverunt
781 3385 858 3439 velut
878 3385 963 3439 Ant
988 3385 1200 3454 Hiquaeus,
1228 3388 1260 3441 In
1280 3386 1437 3454 noenta

284 3458 316 3511 d.
337 3457 383 3520 21,
412 3470 437 3523 q.
458 3457 481 3521 1,
509 3472 535 3509 ιι,
554 3456 595 3517 27,
624 3455 851 3509 ιιιιιιιιιιιιιιιιιιιιι
878 3455 1046 3509 rationibus:
1077 3454 1122 3523 ,8ι
1141 3472 1191 3523 per
1215 3430 1437 3512 satisfactionem

285 3497 456 3591 intelligant
473 3497 730 3579 'reconciliationem
750 3524 928 3605 ιιιιιιιιιιιιιιι,
955 3540 1011 3604 qua
1028 3497 1211 3592 recipiatur'
1204 3543 1231 3580 tn
1251 3526 1371 3592 gratiam
1396 3526 1437 3581 ol·

283 3594 375 3659 sensi,
395 3609 489 3647 verum
508 3601 552 3650 est
570 3595 672 3649 nullam
694 3608 756 3647 esse
772 3594 799 3645 in
817 3593 927 3647 interno
946 3593 1166 3648 satistaetionem
1186 3597 1280 3662 talem,
1298 3596 1371 3649 sicut
1389 3612 1438 3651 ne

283 3678 347 3733 que
370 3663 560 3719 remissionem
585 3668 634 3719 aut
652 3662 896 3718 condonationem
924 3678 1014 3732 neque
1035 3664 1072 3718 ad
1091 3672 1136 3719 sat
1125 3665 1320 3730 tistaettonem,
1340 3669 1370 3718 ut
1394 3672 1441 3721 est

284 3740 374 3788 acttts
392 3732 524 3801 iustitiae,
544 3734 608 3788 talis
622 3732 795 3788 reconciliat
776 3738 814 3785 tre
835 3732 965 3798 exigitur.
984 3733 1065 3797 Quod
1075 3734 1180 3801 probo:
1199 3707 1390 3789 Miseriebrdia
1408 3741 1441 3789 et

285 3801 402 3857 iustitia
424 3803 556 3857 vindieat
536 3808 596 3857 ιιιιι
614 3810 679 3858 sunt
704 3800 823 3857 virtutes
841 3802 979 3881 diversae,
1011 3804 1130 3883 quaein
1154 3805 1265 3858 actibus
1283 3821 1339 3858 non
1364 3821 1439 3859 eenr-

285 3871 443 3953 munisset,
463 3871 554 3927 lieet
546 3889 575 3926 m
594 3872 692 3927 eadem
707 3871 823 3925 materia
841 3886 948 3926 versari
961 3872 1078 3941 possint
1098 3874 1211 3927 diverso
1229 3883 1323 3927 tamen
1342 3875 1439 3936 modo,
1491 3878 1494 3881 ’

287 3940 363 4023 quia
380 3941 587 4021 misericordiae
605 3947 686 3997 aetus
700 3946 744 3995 est
761 3940 912 3995 subventio
930 3940 1104 4009 indigentiae
1117 3943 1270 3997 excludens
1288 3960 1369 3997 omne
1389 3944 1435 3999 de-

286 4010 383 4065 bitum
403 4010 469 4077 eius,
497 4012 542 4066 eui
560 4010 778 4067 subvenitur..
798 4009 952 4066 .Iustitia
970 4010 1143 4066 vindieativa
1165 4019 1261 4080 potest
1279 4014 1415 4066 servari
1407 4030 1438 4065 m

285 4080 402 4133 interno
427 4086 456 4134 ct
474 4081 508 4135 de
534 4079 609 4135 t'acto
627 4086 764 4145 servatur,
793 4052 858 4147 quia
877 4079 986 4149 punitio
1011 4096 1119 4149 poenae
1142 4086 1171 4136 et
1195 4082 1356 4136 distributio
1376 4081 1441 4137 eius

287 4148 445 4204 secundum
470 4148 669 4231 aequalitatem
697 4154 877 4220 peccatorum
902 4156 946 4204 est
970 4156 1049 4204 actus
1074 4151 1146 4204 eius:
1176 4166 1245 4219 ergo
1270 4151 1406 4205 satistact'
1387 4159 1438 4216 tto,

286 4221 378 4300 prout
396 4218 514 4273 debetur
539 4219 663 4274 iustitiae
682 4219 792 4274 secluso
819 4236 955 4274 concursu
973 4219 1180 4273 misericordiae
1207 4227 1384 4289 potestesse
1405 4221 1436 4273 in

286 4286 415 4353 interno,
434 4289 483 4343 sed
503 4288 572 4343 baec
591 4288 747 4343 satisfactio
767 4293 811 4341 est
828 4304 871 4356 ea,
900 4304 972 4357 quae
991 4294 1098 4344 statuta
1117 4296 1173 4342 est
1204 4295 1322 4357 peceato
1340 4297 1435 4344 autem

285 4355 397 4409 veniali
424 4363 542 4413 nonest
568 4363 674 4413 statuta
702 4357 758 4412 alia
776 4374 869 4427 poena
897 4374 979 4425 quam
997 4358 1170 4425 temporalis.
1206 4358 1284 4424 Ergo
1302 4357 1359 4412 alia
1380 4375 1439 4413 non

288 4424 515 4509 exigiturquam
534 4427 697 4498 temporalis
716 4431 768 4481 ete.
776 4376 838 4481 Gi.
857 4427 975 4496 Vega,
1003 4427 1035 4480 In
1054 4426 1130 4480 Ἰιιιι,
1149 4427 1166 4479 Ι.
1188 4430 1228 4491 14,
1256 4443 1279 4479 e.
1299 4428 1340 4492 163
1371 4428 1437 4481 iic·

288 4494 395 4560 dina,
423 4495 492 4551 De
523 4512 566 4551 en.
593 4503 626 4551 tr.
654 4496 672 4550 2
706 4496 749 4551 tit.
768 4496 803 4550 de
830 4496 926 4551 confit.
956 4495 1089 4550 venialib
1117 4496 1197 4566 adt,
1222 4469 1439 4561 liavarrns,

289 4566 339 4618 De
356 4578 438 4632 poen
456 4565 500 4622 dis
540 4567 607 4632 6,.c
628 4568 651 4630 1,
671 4566 881 4629 §sacerdota
900 4566 1064 4620 27-28,-
1084 4538 1241 4619 Contraes.
1270 4562 1441 4619 Thomas

352 4606 1441 4705 .,1'11,s.t,.ae;111.qs,atvasqueatnltlwffiqat

311 4674 479 4771 ,baren
541 4709 586 4763 .t
604 4703 710 4773 ldisp
731 4707 771 4769 11,
769 4649 858 4759 qai.

227 4827 296 4869 Sisv.
312 4821 356 4862 ntt.
370 4821 436 4865 theol.
1265 4805 1282 4855 5
