3450 5342
639 433 767 490 -315
798 466 831 474 -

220 616 499 700 Xpiicriancroe
522 619 666 686 ¹lreiiie,
693 623 784 681 1906.

201 717 239 771 Ε.
264 717 414 772 aaronem:
434 717 510 773 Gos
545 718 601 772 od‘
620 717 728 773 Iisus
747 718 908 789 lyristos
927 719 936 773 i
958 717 1205 786 Mellyisedek,
1225 733 1289 772 car
1305 717 1362 772 Sa·

98 787 177 841 liin
188 803 207 842 a
226 787 393 855 (Dominus
405 787 497 842 Iesus
534 788 581 842 hr.
595 796 625 842 et
639 788 852 851 Melchisedec,
873 804 928 843 rex
940 787 1051 854 Salem,
1067 787 1163 842 Hebr.
1175 787 1252 846 Vll..
1273 791 1362 855 1-4),

100 857 139 919 1.,
162 858 263 911 3—26.
281 858 399 911 Auctor
417 856 653 926 explicationem
668 857 762 913 huius
779 862 883 913 textus
898 857 1034 927 praebet.
1057 857 1234 912 Secundum
1254 856 1359 926 ipsum

100 941 167 980 nec
189 925 229 980 dc
249 925 439 982 urbeSalem
461 941 517 980 nec
535 927 574 981 de
593 926 715 996 origine
731 927 934 982 Melchisedec
952 925 1123 996 quidquam
1146 925 1219 981 certi
1240 933 1363 981 constat

101 999 148 1064 (p.
160 996 203 1066 7).
223 995 262 1050 At
280 995 428 1065 quoniam
449 995 595 1052 Christus
613 1012 684 1052 cum
706 996 909 1051 Melchisedec
940 1001 1139 1064 comparetur
1158 995 1248 1064 eique
1267 1011 1362 1064 oppo

102 1070 217 1132 natur,
237 1079 365 1120 necesse
390 1070 438 1120 est
458 1065 662 1121 Melchisedec
680 1081 743 1120 non
763 1065 894 1135 mystica
915 1079 1058 1134 persona,
1079 1064 1133 1118 sed
1154 1079 1248 1119 verus
1268 1064 1362 1119 homo

102 1133 218 1188 luerit.
238 1134 472 1189 Parallelismus
486 1134 568 1189 inter
582 1134 785 1190 Melchisedec
798 1142 829 1190 et
842 1134 1003 1190 Christum
1019 1149 1081 1188 non
1101 1139 1162 1188 tam
1179 1133 1209 1188 in
1224 1133 1360 1189 nominis

102 1217 209 1272 quam
230 1202 262 1258 in
274 1204 414 1258 muneris
428 1203 631 1258 similitudine
653 1205 775 1273 positus
798 1208 855 1259 est.
876 1203 1079 1258 Melchisedec
1098 1203 1212 1259 dieitur
1232 1202 1361 1272 sinepa·

104 1272 268 1338 rentibus
288 1271 355 1327 sine
374 1273 555 1342 genealogia
575 1273 681 1338 luisse,
701 1274 774 1343 quia
793 1273 1018 1343 perspiritum
1037 1272 1066 1328 S.
1081 1271 1362 1354 supernaturaliter

105 1348 320 1411 regeneratus
345 1347 375 1397 et
402 1357 419 1396 a
441 1343 505 1398 Deo
523 1343 562 1397 ad
591 1343 785 1414 iungendum
807 1342 981 1398 sacerdotio
1002 1342 1126 1411 speciah
1147 1340 1240 1396 modo
1260 1341 1362 1410 desig·

104 1416 208 1466 natus
227 1416 294 1465 erat
312 1411 407 1481 idque
426 1411 516 1467 aliter
533 1427 568 1468 ac
582 1413 759 1468 sacerdotes
773 1411 896 1479 levitici,
915 1427 1050 1482 quorum
1068 1427 1183 1466 muniis
1203 1410 1358 1466 carnalem

106 1481 150 1535 ab
171 1480 300 1536 Aarone
318 1481 471 1549 originem
493 1481 681 1552 requirebat,
700 1484 816 1550 quique
835 1480 919 1535 lilios
934 1496 1009 1536 suos
1024 1487 1058 1536 ut
1072 1495 1270 1536 successores
1288 1480 1361 1549 legi·

106 1549 210 1604 timos
237 1549 454 1632 relinquebant
480 1551 528 1609 lcf.
554 1550 738 1621 praesertim
765 1567 793 1620 p.
813 1553 867 1618 is).
906 1551 1049 1606 »Initium
1077 1551 1198 1606 dierum
1228 1555 1258 1604 et
1286 1549 1361 1604 finis

108 1619 213 1673 vitae«
241 1619 337 1674 cilicii
362 1620 564 1675 sacerdotalis
583 1620 771 1675 exercitium
791 1622 950 1686 adnotant,
978 1619 1049 1674 ideo
1079 1619 1361 1684 »sacerdotalium«,

109 1688 291 1757 respective
307 1689 539 1744 ’sacerdotalise
562 1691 658 1746 verba
678 1689 912 1745 subaudiuntur
931 1691 972 1759 (p.
985 1692 1017 1744 21
1033 1693 1091 1759 sq.)
1113 1689 1165 1742 »In
1180 1695 1360 1743 aeternum«

109 1757 299 1827 iensque
328 1760 367 1813 ad
388 1758 469 1814 vitae
487 1758 582 1814 linem
613 1760 679 1814 sine
698 1759 836 1814 tiliorum
858 1759 1056 1814 successione
1078 1765 1117 1828 (p.
1137 1761 1171 1812 24
1191 1763 1258 1827 sq).
1293 1758 1362 1812 »As-

111 1826 287 1881 similatus
310 1828 424 1882 dicitur
443 1829 614 1884 secuudum
634 1843 677 1895 ea,
697 1844 777 1898 quae
797 1828 945 1908 superius
965 1827 1117 1898 explicata
1137 1831 1217 1884 sunt.

222 1896 287 1951 Sub
307 1897 401 1952 tinem
422 1903 530 1952 auctor
548 1927 581 1938 -
600 1899 715 1967 quibus
735 1897 911 1953 rationibus
937 1898 1091 1953 adductus
1117 1897 1166 1965 sit,
1192 1911 1254 1950 non
1274 1895 1361 1951 intel-

108 1965 223 2034 ligitur
237 1998 266 2006 -
279 1967 444 2022 concludit:
465 1967 651 2022 adiectiium
669 1967 820 2022 »Summi«
836 1983 900 2022 non
914 1967 1091 2022 necessario
1104 1967 1158 2021 Dei
1172 1965 1359 2021 attributum

110 2049 192 2102 esse,
222 2036 277 2090 sed
303 2037 462 2106 epitheton
486 2052 612 2103 ornans,
633 2067 662 2076 -
684 2036 748 2090 viiii
773 2042 876 2091 autem
903 2044 934 2092 et
959 2037 1049 2106 panis
1074 2035 1262 2091 oblationem
1284 2034 1360 2089 nihil

110 2103 174 2158 nisi
194 2105 383 2161 oblationem
403 2106 558 2161 donorum
578 2106 618 2161 ab
632 2106 730 2160 amico
748 2105 862 2161 factam
882 2106 982 2161 luisse
1002 2105 1033 2176 (p
1054 2109 1107 2170 265.
1128 2105 1254 2172 TextuS,
1275 2119 1356 2174 quos

112 2174 196 2239 citat,
217 2175 300 2230 unde
318 2175 560 2245 deprompserit,
579 2190 642 2230 uoii
661 2174 789 2230 oiuriino
808 2181 938 2231 constat.

201 2261 239 2316 E.
251 2263 392 2328 Kaparoc:
411 2261 972 2332 Religijadrevnjagollgipta
986 2261 1153 2318 <Nonnulla
1164 2260 1202 2315 de
1215 2259 1361 2329 antiquae

112 2328 249 2399 Aegypti
264 2331 413 2400 religione
428 2333 461 2398 1.,
474 2334 585 2399 27—43,
597 2333 744 2400 aaa-238,
758 2333 904 2388 aes-378.
926 2332 1003 2388 cum
1018 2332 1211 2397 documenta,
1227 2343 1307 2398 quae
1321 2329 1360 2383 de

113 2399 340 2468 Aegyptiorum
355 2401 505 2472 religione
518 2406 659 2469 tractant,
675 2402 814 2456 nondum
828 2401 933 2456 omnia
947 2402 1136 2470 perlustrata
1147 2399 1218 2464 sint,
1237 2413 1359 2453 accura-

114 2476 176 2522 tam
198 2469 292 2524 huius
318 2471 478 2541 religionis
511 2471 672 2527 historiam
699 2473 824 2527 tradere
842 2473 902 2526 hoc
927 2477 1066 2540 tempore
1085 2467 1279 2538 impossibile
1304 2477 1360 2522 est.

115 2537 191 2592 Ideo
203 2539 357 2608 Kagarov,
370 2540 643 2611 principalioribus
656 2541 861 2606 documentis
877 2556 957 2663 quae
971 2538 1127 2608 publicata
1141 2542 1223 2603 sunt,
1239 2552 1360 2606 compa-

115 2609 200 2674 ratis,
227 2611 380 2679 quaedam
410 2616 529 2665 tantum
556 2617 713 2665 momenta
732 2611 826 2666 huius
847 2625 882 2665 re
894 2609 1009 2679 igionis
1034 2607 1210 2663 evolutione
1237 2606 1360 2661 tradere

115 2676 256 2734 intendit.
270 2679 448 2734 Secundum
459 2679 563 2748 ipsum
575 2680 684 2747 religio
693 2680 929 2750 Aegyptiorum,
941 2679 1021 2732 sicut
1031 2677 1161 2746 quaevis
1172 2674 1230 2731 alia
1241 2675 1359 2744 religio,

116 2747 185 2801 licet
226 2749 357 2803 uaedam
384 2749 649 2804 emonotheismo
668 2750 819 2804 elementa
848 2749 1012 2814 contineat,
1042 2744 1278 2802 monotheistica
1297 2759 1359 2798 non

116 2816 181 2870 fnit.
203 2765 399 2873 {volutionis
419 2818 500 2874 enim
522 2819 674 2873 theoriam
694 2821 733 2874 ad
753 2819 935 2889 religionem
956 2832 1079 2886 quoque
1098 2815 1240 2885 applicat.

218 2903 256 2960 E.
278 2905 427 2960 Alvidnor.
452 2906 725 2977 hristianstvo
749 2905 759 2960 i
785 2901 1200 2971 social-demokratija
1219 2917 1238 2954 v
1259 2903 1360 2980 otne-

120 2971 217 3026 senii
245 2974 266 3028 k
295 2990 595 3045 sovremennym
627 2975 843 3046 sobytiJ'am
875 2971 1150 3041 (christianismus
1176 2974 1206 3024 et
1226 2968 1360 3023 socialis-

118 3041 377 3099 iicademocratia
396 3043 427 3099 in
442 3045 590 3100 relatione
603 3045 642 3100 ad
654 3045 842 3100 recentiores
860 3045 1005 3108 eventus)
1028 3041 1051 3109 Ι,
1071 3037 1359 3121 237433Articulus

120 3111 166 3164 hic
191 3113 265 3235 qihil
292 3113 351 3168 nisi
371 3113 531 3182 popularis
556 3115 721 3184 explicatio
744 3113 903 3170 relationis
930 3112 1012 3167 iuter
1036 3111 1303 3164 climatianismuni
1325 3113 1355 3162 et

121 3181 200 3235 socia
212 3181 327 3236 isinum
348 3187 404 3238 est.

218 3249 415 3321 Lubrickd:
437 3253 732 3324 Osvjas'idennyj
756 3254 876 3308 sobor
910 3269 929 3306 v
951 3248 1106 3305 Moskvd
1126 3263 1146 3301 v
1164 3245 1359 3300 XVI—XVII

121 3320 334 3448 y3l¹7k1h5lbg
360 3322 458 3448 εέοιζίε
485 3323 615 3392 synodis
647 3339 725 3378 saec.
751 3320 986 3388 XVI.-XVII.).
1013 3319 1046 3386 1,
1072 3318 1182 3382 71-93‚
1210 3317 1357 3380 eas-255,

219 3395 312 3458 5,ss
336 3396 385 3446 -7
404 3396 427 3446 4.

221 3461 352 3516 Russica
371 3462 507 3531 ecclesia,
538 3477 589 3518 res
613 3462 711 3516 ective
738 3464 837 3515 metro
861 3459 919 3513 olis
941 3455 1359 3513 Moscoviensisaba.1459

122 3538 154 3581 ut
170 3528 392 3599 independens,
412 3532 482 3586 licet
501 3547 562 3586 non
604 3547 621 3585 e
640 3531 716 3598 iure,
736 3531 791 3585 sed
811 3475 921 3584 saltem
941 3529 980 3583 de
1000 3527 1081 3582 iacto
1102 3540 1135 3579 se
1155 3524 1292 3593 gerebat.
1318 3523 1358 3603 At

123 3613 180 3665 quo
196 3600 296 3669 magis
308 3601 502 3670 patriarchae
515 3601 667 3670 Gpolitani
681 3598 889 3656 iurisdictioni
901 3613 969 3652 sese
984 3596 1197 3660 subtrahebat,
1211 3609 1247 3648 eo
1260 3607 1360 3662 magis

124 3672 255 3735 potestas
275 3669 375 3725 civilis
394 3671 427 3725 in
447 3687 497 3726 res
517 3670 739 3725 ecclesiasticas
754 3684 823 3724 sese
836 3667 980 3738 ingerere
1000 3665 1101 3734 coepit
1120 3675 1161 3746 ip.
1175 3665 1208 3718 78
1228 3667 1295 3732 sq),
1314 3677 1359 3716 ec-

124 3736 208 3793 clesia
233 3754 271 3793 ue
290 3746 324 3793 ut
342 3739 521 3795 institutum
541 3755 559 3793 a
578 3739 732 3809 gubernio
752 3738 834 3793 civili
854 3737 893 3792 de
917 3736 1037 3810 endens
1056 3733 1324 3789 considerabatur.

249 3824 270 3862 x
289 3809 385 3864 altera
405 3825 481 3864 vero
500 3815 587 3878 parte
607 3824 676 3863 cum
698 3807 854 3863 saeculum
907 3805 958 3861 Vl.
986 3811 1016 3858 et
1036 3803 1142 3871 xvii,
1163 3801 1357 3872 synodorum

140 3890 227 3931 aurea
246 3882 358 3944 aetas«,
377 3879 624 3944 considerentur,
643 3877 786 3932 oboritur
805 3875 956 3946 quaestio
975 3873 1051 3944 quid
1071 3872 1110 3927 de
1124 3873 1236 3952 horum
1258 3885 1360 3925 saecu·

124 3945 217 4001 lorum
231 3947 362 4018 synodis
373 3948 573 4003 iudicandum
587 3947 635 4001 sit.
651 3947 708 4003 Cui
715 3946 882 4014 desiderio,
893 3961 910 4000 a
920 3945 955 4000 cl.
963 3949 1089 4024 auctore
1098 3941 1291 4020 satisfactum
1304 3944 1358 3992 est.

219 4016 330 4070 Paucis
355 4018 397 4072 ita
422 4033 459 4072 ue
488 4017 526 4071 de
569 4016 688 4071 riorum
715 4016 910 4071 saeculorum
938 4012 1068 4083 synodis
1095 4015 1239 4092 narratis,
1269 4022 1360 4088 syno-

125 4083 228 4140 dorum
244 4085 376 4140 saecnlis
418 4086 531 4142 VI.-X
561 4085 604 4140 II.
614 4086 792 4140 habitarum
807 4083 1017 4140 evolutionem
1032 4087 1062 4136 et
1076 4081 1239 4134 historiam
1255 4077 1361 4132 tradit.

126 4153 293 4210 Secundum
320 4165 478 4211 auctorem
506 4157 615 4211 --hac
640 4156 670 4210 in
696 4171 729 4210 re
755 4155 834 4224 prof.
863 4153 981 4208 Pavlov
1012 4151 1205 4220 sequitur-
1230 4149 1360 4217 »rodope

126 4239 210 4278 crana
238 4242 273 4279 ue
301 4241 426 4280 crasiano
454 4243 612 4296 oprasous
636 4228 719 4295 aaut,
747 4239 875 4279 cuomno
895 4239 1052 4293 opranoiis
1070 4233 1360 4299 rocygapcrseanaro

126 4310 392 4360 aanorogaimucrna
411 4313 447 4350 no
466 4298 589 4361 qaum
608 4313 735 4365 nepueu«
764 4293 890 4363 (synodi
916 4307 978 4346 non
998 4297 1059 4344 tam
1081 4288 1360 4342 ecclesiasticarum

126 4377 230 4431 rerum,
279 4380 351 4419 uam
371 4364 473 4420 civilis
493 4365 698 4435 legislationis
716 4363 749 4418 in
768 4364 864 4418 rebus
884 4361 1030 4417 ecclesiae
1049 4371 1202 4428 organum
1224 4355 1360 4434 inerunt.

127 4430 195 4486 Inde
212 4449 250 4488 ex
295 4449 332 4488 oc
351 4440 492 4503 tempore
507 4439 664 4504 receptum
679 4439 735 4499 est,
755 4438 790 4487 ut
805 4444 939 4501 magnus
953 4430 1019 4484 dux
1033 4443 1094 4482 non
1112 4427 1212 4509 solum
1228 4422 1359 4493 synodis

128 4502 317 4571 praesideret,
347 4503 401 4558 sed
421 4503 513 4559 etiam
533 4503 732 4574 quaestiones
752 4516 810 4571 pro
834 4504 943 4555 oneret
980 4513 1060 4567 quae
1080 4497 1119 4550 ad
1138 4500 1293 4550 internam
1314 4507 1359 4546 eo·

128 4570 225 4650 clasiae
250 4572 490 4641 competentiam
511 4574 693 4696 spectabant
712 4573 754 4640 (p.
773 4517 914 4650 ὥρῳ).
943 4540 1143 4637 synodorum
1164 4563 1223 4618 illis
1243 4567 1361 4644 tempi)-

130 4641 205 4695 ribus
224 4642 401 4711 trequentia
420 4648 450 4697 et
468 4658 526 4697 evo
540 4642 605 4697 utic
624 4656 662 4696 ex
681 4639 952 4709 metropohtarum
973 4637 1011 4690 de
1031 4635 1126 4689 rebus
1145 4633 1360 4687 ecclesiasticis

129 4724 199 4775 cura.
217 4727 255 4764 ex
274 4711 462 4782 principum,
481 4712 536 4782 qui
552 4711 612 4766 sibi
625 4710 790 4780 episcopos
809 4722 986 4778 propensos
1007 4704 1137 4760 reddere
1158 4701 1362 4766 conabantur,
