3450 5342
727 445 894 501 „93..

187 635 353 690 sententiae
384 635 415 690 in
445 631 553 690 iudicio
583 632 749 709 particulari
782 633 869 698 latae,
904 642 964 691 tuni
996 633 1032 690 de
1063 635 1237 692 aeternitate
1269 653 1428 711 poenarum

189 719 307 777 inferni.

271 807 313 863 tn
336 803 384 862 11⁰
405 808 436 863 iu
468 807 640 884 quaestione
670 808 819 882 proposita
850 817 968 883 urgetur
999 827 1056 864 nou
1089 819 1147 864 tarn
1179 807 1251 864 baec
1283 805 1425 876 doctrina,

183 912 273 970 quam
295 895 436 970 «quaestio,
459 913 528 950 num
551 892 663 950 attritio
686 895 750 950 sinc
771 903 955 952 sacramento
979 896 1178 970 poenitentiae
1199 893 1345 962 iustificat,
1370 897 1423 952 etsi

185 999 244 1036 non
267 979 337 1048 sola,
361 979 465 1036 saltem
488 977 695 1037 accedentibus
718 979 860 1036 eeclesiae
884 979 1027 1058 precibus.
1062 979 1146 1056 Quae
1168 982 1301 1058 quaestio
1325 991 1424 1060 posset

187 1065 283 1123 adbuc
306 1065 464 1143 dupliciter
486 1067 623 1142 intelligi,
646 1063 785 1122 videlicet

290 1149 326 1210 1⁰
348 1152 385 1209 dc
409 1155 453 1216 iis,
481 1154 547 1230 ,qui
573 1156 604 1210 in
627 1154 778 1210 attritione
802 1152 1088 1212 decesserunt*
1118 1153 1144 1212 li.
1167 1175 1192 1210 e.
1216 1163 1313 1232 presset
1336 1174 1427 1232 quae-

186 1240 209 1295 ri
227 1259 296 1296 num
321 1239 464 1297 ecclesiae
488 1239 621 1316 precibus
645 1242 739 1296 iuvari
756 1239 852 1298 adbuc
876 1243 988 1316 possint
1011 1240 1063 1310 illi,
1087 1243 1136 1318 qui
1160 1251 1267 1298 statum
1285 1243 1351 1298 viae
1368 1241 1427 1300 iarn

186 1326 374 1403 reliquerant.
399 1327 487 1384 Porro
511 1326 548 1384 de
571 1327 618 1382 liis
641 1325 751 1404 duplex
776 1327 937 1405 suppositio
961 1327 1025 1384 fieri
1048 1335 1151 1404 potest,
1181 1328 1230 1384 scl.
1254 1347 1303 1386 eos
1326 1327 1426 1386 deces-

184 1414 257 1470 sisse
279 1427 398 1490 peccato
422 1414 537 1470 mortali
561 1411 691 1471 nondam
715 1416 879 1471 remissoet
895 1411 1102 1472 accedentibus
1125 1413 1266 1472 ecelesiae
1290 1414 1425 1492 precibus

183 1497 301 1559 demum
322 1499 507 1562 remittendo.
530 1513 560 1557 et
582 1509 651 1558 tnnc
674 1503 822 1558 sententia
844 1500 913 1558 talis
936 1497 1120 1558 admittenda
1143 1521 1202 1558 non
1225 1511 1277 1572 est,
1302 1499 1424 1560 redeunt

184 1587 264 1642 enim
287 1589 419 1662 superius
441 1586 532 1649 dicta:
556 1597 606 1644 aut
628 1607 678 1644 cos
701 1585 862 1645 decessisse
888 1589 916 1646 in
935 1599 1052 1665 peccato
1077 1586 1195 1654 veniali,
1219 1607 1275 1666 quo
1300 1590 1330 1644 in
1354 1607 1423 1646 casn

184 1670 344 1730 difficultas
369 1674 449 1730 nulla
471 1685 523 1741 est,
546 1693 612 1730 cnm
635 1686 704 1730 tunc
727 1683 831 1750 agatur
853 1673 890 1731 de
915 1676 1089 1752 purgatorio.

288 1758 396 1816 Verum
420 1756 456 1816 2⁰
478 1763 612 1837 (quaestio
634 1762 729 1837 tnagis
751 1763 812 1838 agit
837 1760 874 1816 de
894 1763 995 1818 anima
1014 1760 1159 1834 ,hominis
1183 1763 1424 1832 inorientis“,

182 1843 220 1902 de
243 1848 342 1904 anima
365 1849 524 1904 constituta
551 1849 599 1918 ,in
623 1850 725 1905 mortis
748 1848 901 1916 articulo“,
925 1861 953 1904 et
977 1847 1013 1904 de
1038 1847 1092 1906 liae
1115 1851 1272 1924 quaeritur,
1299 1869 1368 1908 urim
1393 1851 1423 1906 in

182 1940 260 1990 statu
282 1936 395 2010 peccati
418 1934 550 1991 mortalis
573 1936 719 1992 exsistens
742 1934 896 1992 iustificari
919 1949 1006 2012 queat
1030 1937 1094 1992 sine
1110 1935 1218 1992 actuali
1237 1937 1423 2012 susceptione

182 2023 358 2077 sacramenti
381 2021 429 2076 vel
453 2020 516 2078 sola
538 2021 697 2091 attritione,
721 2041 796 2098 quae
819 2021 896 2079 banc
920 2020 1100 2080 testificandi
1125 2023 1185 2078 vim
1209 2021 1316 2080 babeat
1344 2043 1423 2094 ,mu-

183 2103 330 2183 tuatam*)
362 2126 379 2162 a
402 2107 536 2184 precibus
565 2108 706 2166 eeclesiae
738 2107 978 2166 accedentibus“.
1005 2141 1043 2150 -·
1069 2109 1108 2166 At
1140 2129 1209 2166 vero
1232 2111 1286 2166 etsi
1316 2109 1423 2180 ,Deris

183 2213 258 2269 quae
280 2195 424 2251 attritioni
448 2195 577 2252 bominis
600 2196 664 2252 sani
688 2197 817 2271 negavit,
854 2197 1018 2252 necessario
1043 2196 1185 2252 attritioni
1209 2194 1338 2254 beminis
1363 2216 1422 2254 rne-

183 2281 285 2336 rientis
316 2301 424 2355 negare
447 2301 505 2338 non
528 2280 646 2350 debet⁴,
678 2286 919 2351 necessario,
950 2285 1079 2360 inquam,
1111 2281 1154 2338 de
1185 2283 1292 2338 l'aeto
1323 2293 1421 2340 tamen

183 2379 279 2442 negat.
325 2366 413 2442 Quod
434 2369 622 2426 manifestum
647 2380 692 2426 cst
713 2389 750 2427 ex
774 2367 874 2426 verbis
898 2387 978 2429 conc.
1002 2367 1084 2426 'ts-id.
1108 2389 1177 2426 sess.
1201 2369 1285 2426 Xll'.
1309 2389 1332 2426 c.
1356 2369 1421 2430 IV.:

187 2452 291 2524 ,lllam
324 2473 393 2510 vero
416 2457 622 2513 contritionem
643 2456 857 2533 imperfectam,
893 2475 967 2534 quae
991 2457 1102 2513 attritio
1133 2453 1247 2523 dicitur,
1282 2459 1421 2534 quoniam

181 2539 228 2596 vel
252 2562 289 2597 es
305 2540 494 2618 turpitudinis
510 2545 620 2618 peccati
638 2541 883 2614 consideratione,
907 2542 955 2600 vel
978 2561 1016 2600 ex
1038 2542 1193 2618 gehenuae
1217 2551 1246 2601 et
1261 2563 1422 2620 poenarum

180 2644 259 2684 metu
288 2629 481 2685 communitor
503 2631 666 2706 coneipitur
690 2675 695 2685 .
720 2679 725 2690 .
751 2675 756 2686 .
781 2675 787 2686 .
810 2628 921 2688 donum
945 2629 1001 2686 Dei
1026 2649 1089 2687 esse
1120 2641 1149 2686 et
1173 2631 1299 2707 Spiritus
1323 2631 1418 2688 sancti

181 2714 345 2790 impulsum,
380 2734 440 2773 non
462 2714 559 2774 adhuc
581 2713 701 2793 quidem
725 2716 930 2782 inhabitantis.
961 2713 1012 2774 sed
1036 2727 1150 2774 tanturn
1175 2719 1328 2786 moventis,
1362 2737 1419 2796 qne

181 2802 334 2878 poenitens
357 2799 473 2859 adiutus
496 2805 575 2860 viam
598 2801 654 2860 sibi
678 2802 716 2860 ad
733 2805 877 2860 iustitiam
901 2819 991 2880 parat.
1018 2803 1054 2860 llt
1078 2806 1213 2880 quamvis
1237 2805 1301 2862 sine
1325 2823 1421 2862 saera-

181 2898 279 2951 meuto
313 2889 512 2964 poenitentiae
546 2909 597 2966 per
631 2911 662 2946 sc
697 2889 735 2946 ad
769 2889 1008 2946 iustificationem
1045 2889 1202 2966 perducere
1237 2900 1419 2968 peccatorem

181 2986 316 3052 nequeat,
339 2984 438 3034 tamen
460 2996 527 3034 eum
550 2974 589 3032 ad
611 2975 669 3032 Dei
693 2979 821 3051 gratiam
845 2979 875 3034 in
899 2985 1081 3034 sacramento
1107 2979 1304 3053 poenitentiae
1329 2971 1420 3055 irnpe-

180 3059 316 3118 trandam
339 3059 498 3138 disponit⁴.
544 3062 709 3121 Certeilinm
734 3064 834 3141 itaque
858 3063 993 3127 allirmat.
1029 3063 1209 3120 attritionem
1238 3065 1301 3122 sine
1325 3085 1420 3122 saera-

181 3160 279 3205 mento
310 3150 509 3225 poenitentiae
538 3170 590 3226 per
620 3171 651 3207 se
674 3150 835 3208 iustificare
868 3170 926 3208 non
949 3169 1043 3226 posse,
1079 3169 1173 3226 neque
1196 3152 1228 3207 in
1250 3151 1305 3209 lioe
1326 3151 1418 3208 ullam

179 3234 398 3293 distinctionem
423 3236 670 3295 intor·bominem
699 3238 837 3308 ,sannm“
870 3247 898 3292 et
926 3237 1134 3308 ,morientemff
1162 3237 1240 3294 lacit.
1286 3235 1344 3294 Sed
1367 3237 1417 3312 nbi

180 3321 337 3380 coriciliurn
367 3344 426 3380 non
449 3321 612 3399 distinguit,
645 3343 698 3380 nee
730 3322 814 3381 nobis
845 3321 1027 3398 distinguere
1051 3323 1126 3382 lieet.
1172 3323 1275 3401 Neque
1309 3327 1421 3382 attritio

181 3408 257 3484 lianc
287 3408 464 3466 iristiticandi
499 3413 576 3477 ,vim
600 3419 762 3467 mutuatam
774 3405 801 3484 *l
826 3431 843 3466 a
866 3407 1000 3486 precibus
1023 3410 1164 3468 ecclesiae
1188 3409 1414 3468 accederrtibus“‘

179 3497 293 3572 accipit.
317 3496 401 3552 'l'alis
423 3498 503 3553 enirn
526 3499 668 3554 mutuatio
693 3498 795 3572 ignota
817 3510 861 3552 ost
886 3498 1055 3573 magisterio
1078 3496 1277 3554 ecclesiastico
1301 3497 1420 3566 (saltent

179 3578 322 3660 quatenns
351 3583 490 3658 explicite
522 3603 681 3660 numquam
705 3585 855 3660 proposita
886 3582 951 3656 esst),
983 3585 1084 3660 ignota
1107 3583 1242 3642 omnibus
1265 3584 1419 3664 theologis.

181 3669 279 3744 Quare
311 3689 363 3728 nee
388 3691 441 3726 nos
472 3689 489 3726 a
512 3671 602 3746 priori
632 3689 785 3746 possamus
816 3691 880 3726 earn
905 3690 1042 3739 asserere,
1077 3689 1141 3728 eum
1166 3671 1196 3727 in
1220 3672 1420 3748 speculatione

181 3758 337 3814 veritatum
360 3756 590 3830 dogmatistarum
615 3754 742 3814 solidum
766 3756 990 3816 laudamentum
1013 3755 1180 3814 traditionis
1203 3757 1419 3816 ecclesiasticae

180 3841 315 3914 deserere
337 3842 617 3919 periculosissimum
641 3845 687 3903 sit.

289 3929 443 3986 l'aoiarnus
466 3929 561 3987 adbuc
585 3950 673 3988 uuam
698 3929 743 3986 vel
768 3930 891 3990 alteram
910 3929 1197 3988 animadversionem
1222 3929 1259 3988 ad
1276 3931 1419 4008 squaedam

181 4018 361 4092 quaestionis
385 4028 500 4093 puncta,
524 4037 598 4094 quae
623 4015 751 4074 nondum
775 4019 926 4092 tetigimus
951 4015 1114 4094 hueusque:

291 4108 313 4162 l.
338 4103 531 4182 Nequaquam
555 4124 656 4160 verum
680 4118 731 4171 est,
765 4103 835 4163 ,illa
857 4124 932 4180 quae
956 4125 972 4160 e
995 4103 1115 4180 liturgia
1140 4105 1271 4162 ltomana
1297 4125 1347 4182 pro
1372 4104 1423 4162 de-

179 4188 286 4246 functis
302 4189 344 4246 ibi
368 4190 460 4248 allata
482 4206 557 4260 sunt,
583 4191 612 4246 in
637 4190 691 4246 hac
715 4192 880 4248 sententia“
909 4189 945 4248 de
970 4191 998 4247 vi
1015 4192 1199 4250 contritionis
1215 4191 1289 4248 alias
1312 4193 1420 4268 imper-

180 4275 281 4343 fectae,
306 4297 371 4334 cum
394 4276 529 4355 precibus
564 4277 706 4333 ecelesiae
738 4277 843 4334 laturis
867 4278 930 4334 sive
954 4279 1013 4334 iam
1035 4276 1242 4336 antecedenter
1272 4277 1419 4336 exauditis

178 4363 240 4418 sive
259 4363 376 4420 (lisinam
400 4363 595 4421 exaudiendis
618 4365 792 4421 coniunctae
820 4365 947 4442 ,optime
964 4363 1136 4442 explicari&
1156 4365 1279 4422 Precnm
1304 4363 1420 4422 illarum

179 4450 209 4505 in
232 4448 351 4527 liturgia
377 4451 515 4517 Romana,
537 4453 711 4527 praesertim
735 4449 886 4509 Offertorii
910 4453 940 4507 in
964 4452 1054 4508 missa
1084 4450 1120 4508 de
1145 4452 1286 4530 Requiem
1311 4450 1420 4528 duplex

178 4538 361 4612 potissimum
385 4536 472 4594 datur
501 4537 669 4614 explicatio.
704 4537 803 4594 Prima
826 4535 946 4615 quidem
977 4537 1117 4614 intelligit
1148 4537 1239 4594 verba
1268 4537 1416 4597 Offertorii

182 4663 389 4674 ————.-—·—--.

244 4724 272 4789 *l
294 4725 430 4793 luterreg.
450 4724 538 4778 habet
556 4722 734 4789 „mutataffl
754 4723 861 4791 (Redi.
