3450 5342
906 419 944 430 —
970 388 1031 443 :llil
1056 420 1093 428 -

479 575 622 651 accipitri
648 573 715 631 huic
740 577 841 632 iuveni
865 578 942 652 grati
965 597 1028 634 esse
1051 575 1212 639 debemus,
1240 573 1334 652 quod
1361 584 1452 632 tanta
1473 573 1593 632 libertate
1611 595 1632 632 ct

371 663 545 718 auctoritate
579 660 632 718 has
667 663 856 738 quaestiones
887 665 980 720 morit
1018 683 1182 741 earumque
1218 663 1302 727 vim,
1339 664 1496 726 terminos
1524 660 1635 720 diversas

370 748 532 804 solutiones
563 747 716 806 exhibuit:
748 769 824 826 qnae
855 748 934 826 apud
958 770 1019 821 nos,
1050 761 1201 827 quamtum
1241 751 1323 817 scio,
1359 768 1380 804 a
1413 749 1495 806 nullo
1521 749 1636 824 theologo

370 835 421 891 ria
444 849 473 892 et
504 835 618 892 ratione
643 845 785 892 tractatae
809 847 887 898 sunt.
1469 830 1504 896 F.
1526 816 1600 896 ltili

854 1069 1145 1150 CROATICA.

472 1274 626 1334 Ιηιίιὶι
643 1273 761 1334 Sinin
789 1275 962 1345 tDirigente
982 1277 1033 1330 Dr.
1054 1277 1086 1330 Α.
1105 1276 1294 1343 Aliirevic‘).
1325 1277 1401 1332 Krlr
1428 1277 1561 1346 (Vegliar.
1579 1277 1625 1335 ll..

371 1361 396 1400 a.
419 1348 493 1400 1906.
514 1375 546 1384 -

476 1415 535 1469 Hic
554 1413 797 1469 commentarius
814 1414 992 1484 periodicas
1012 1413 1106 1468 tineus
1126 1415 1386 1484 apologeticum
1403 1416 1596 1486 prosequitur
1605 1431 1631 1468 ac

373 1483 588 1553 philosophiae
608 1489 638 1538 et
656 1483 818 1553 apologiae
837 1483 1025 1539 christianae
1044 1483 1204 1552 optimum
1227 1485 1391 1540 officium
1414 1494 1558 1556 praestat.
1582 1485 1629 1538 Pir·

372 1555 461 1623 rique
487 1552 617 1619 articuli,
646 1551 703 1606 etsi
729 1559 888 1608 niomento
914 1553 1083 1608 scientifico
1108 1569 1172 1607 non
1201 1564 1357 1622 careant,
1388 1555 1540 1624 anonymi
1565 1564 1629 1610 sunt

372 1623 456 1692 [lutici
476 1627 559 1676 certe
578 1637 640 1676 non
660 1627 708 1675 est
726 1621 930 1678 laudandum.
949 1653 981 1662 -

476 1690 742 1746 Sinlrretizam
771 1691 780 1746 i
809 1692 966 1762 princip
994 1691 1230 1761 utilizacije.
1277 1695 1348 1748 ‘De
1378 1693 1587 1764 syncretismo
1609 1705 1630 1745 et

371 1760 525 1830 principio
549 1759 755 1814 utilitarismi«
780 1763 843 1831 (pg.
864 1764 969 1828 1-19).
997 1761 1241 1830 Syncretismus
1271 1769 1342 1818 tem
1396 1765 1444 1818 ris
1466 1763 1629 1818 recentioris

371 1829 475 1885 omnia
495 1831 577 1885 hona
596 1829 756 1909 elementa,
775 1845 856 1900 ‹ruae
875 1831 906 1886 in
926 1831 1023 1886 variis
1044 1829 1204 1911 religiosis
1224 1837 1261 1885 et
1281 1833 1344 1902 phi
1359 1833 1528 1903 osophicis
1547 1841 1630 1901 srste

371 1899 508 1954 metibus
518 1899 730 1966 inveniuntur,
744 1915 932 1968 componere
944 1907 1038 1970 atque
1052 1915 1091 1953 ex
1105 1899 1144 1953 ris
1158 1915 1345 1957 commune
1359 1902 1497 1974 aliquod
1511 1914 1631 1971 systema

370 1969 578 2050 theologicum
605 1967 730 2022 efficere
749 1969 890 2036 intendit,
918 1985 981 2038 quo
1001 1968 1113 2033 omnia,
1142 1985 1229 2038 qnae
1251 1973 1452 2027 essentialia
1474 1980 1505 2026 et
1524 1987 1590 2026 sera
1606 1970 1629 2023 ic

371 2038 504 2108 singulis
524 2044 748 2107 agnoscuntur,
767 2037 1083 2106 comprehendantur.
1104 2037 1269 2094 Conditor
1288 2048 1324 2096 et
1346 2043 1505 2111 princeps
1524 2055 1631 2110 synere-

370 2107 455 2162 tisrni
482 2105 663 2162 recentioris
688 2113 736 2162 est
762 2107 894 2172 Consiu;
926 2107 1070 2176 discipuli
1095 2106 1164 2160 eius
1196 2116 1280 2164 sunt
1300 2111 1462 2180 donfroy,
1491 2111 1631 2167 Damion.

371 2177 521 2242 Michelet,
551 2175 733 2231 Lerminier.
769 2177 886 2230 Auctor
909 2191 1087 2258 anonymus
1107 2177 1375 2246 syncretismnm
1398 2182 1491 2235 illum
1512 2195 1630 2250 quisine.

395 2261 465 2301 uem
493 2245 748 2300 »reformatores«
776 2245 918 2300 catholici
970 2261 1001 2300 nr
1026 2249 1180 2300 vocantur
1199 2247 1403 2316 detendunt,
1435 2250 1551 2305 laisum
1575 2263 1632 2304 esse

371 2264 576 2369 ilemtinstrat.
613 2314 813 2384 Theologiam
841 2329 877 2368 ac
927 2263 1135 2384 hilosophiam
1168 2331 1390 2384 »perennem«
1425 2320 1628 2374 scholasticam

371 2383 412 2450 (S.
427 2384 564 2438 'rhomae
578 2383 755 2461 aquinatis)
775 2330 968 2506 setlueniam
988 2399 1066 2450 esse,
1085 2388 1119 2438 nt
1138 2385 1377 2452 pantheismus
1398 2389 1517 2445 evitari
1536 2388 1629 2459 possit.

474 2451 511 2506 D.
541 2452 697 2520 Dramatic,
728 2453 809 2507 Ero
837 2453 1073 2523 uciJ'onizam
1105 2453 1114 2505 i
1146 2453 1365 2511 katolicke
1400 2459 1552 2528 dogma.
1585 2458 1631 2523 tile

371 2521 604 2577 evolutionismi
629 2521 668 2576 ad
693 2523 840 2592 dogmata
868 2522 1017 2577 catholica
1043 2521 1206 2588 relatione)
1233 2527 1304 2594 (pg.
1325 2529 1499 2595 aar-493).
1535 2527 1628 2582 Osten·

370 2591 464 2658 ditur,
490 2591 735 2646 catholicismnm
755 2591 926 2646 evolutioni
952 2592 983 2646 in
1004 2607 1099 2646 sensu
1123 2591 1443 2652 evolutionistaruns
1474 2598 1627 2654 recentium

372 2674 434 2714 non
454 2675 524 2714 esse
542 2659 723 2724 obnoxium,
743 2677 812 2716 cum
833 2661 962 2716 ecclesia
980 2659 1127 2714 catholica
1142 2661 1275 2717 divinae
1292 2664 1337 2719 sit
1352 2667 1497 2737 originis
1515 2669 1629 2736 eiusque

370 2729 518 2798 dogmata
544 2729 692 2784 veritates
721 2745 738 2784 a
769 2731 830 2784 Deo
860 2730 1014 2784 revelatae
1040 2730 1109 2788 sint.
1139 2745 1242 2798 quare
1271 2734 1451 2791 immutari
1480 2746 1630 2807 nequeant

473 2814 594 2882 dodran,
621 2814 772 2870 Praeda
800 2815 918 2886 Boija
937 2833 957 2870 u
978 2816 1156 2886 povjesti
1176 2822 1348 2875 naroda.
1373 2824 1439 2889 (De
1458 2824 1576 2879 iustitia
1591 2822 1625 2875 ‹ii-

371 2883 443 2937 vina
462 2883 493 2938 in
507 2885 667 2938 nationum
684 2885 825 2950 historia)
844 2887 907 2954 (pg.
918 2887 1077 2945 aaa-405).
1099 2885 1356 2945 Demonstratur
1373 2893 1481 2948 Deum
1498 2895 1626 2948 nationes

370 2961 499 3022 propter
519 2957 641 3022 peccata
660 2955 700 3008 ab
719 2953 829 3008 iisdem
851 2960 972 3022 patrata
991 2955 1128 3009 indicare
1145 2962 1176 3009 et
1196 2957 1328 3023 punire.
1371 2961 1467 3026 Quae
1488 2963 1548 3018 viri
1566 2962 1626 3031 pli·

373 3021 422 3076 tici
443 3021 586 3076 scribunt
607 3037 641 3076 ac
661 3023 808 3084 sentiunt.
829 3023 875 3077 eis
895 3024 1030 3094 populus
1050 3023 1180 3079 tacendo
1199 3029 1381 3095 consentia
1411 3048 1499 3101 quae
1518 3033 1545 3087 si
1564 3031 1627 3085 mala

373 3099 454 3158 sunt,
501 3099 603 3146 eccata
622 3091 788 3146 nationalia
808 3093 954 3148 evadunt.
992 3094 1077 3157 Quae
1096 3108 1158 3146 non
1178 3094 1287 3150 solnm
1309 3113 1353 3152 cx
1374 3100 1519 3156 historia
1537 3100 1627 3171 populi

371 3161 456 3215 electi
493 3160 663 3214 emonstari
678 3167 821 3229 possunt,
843 3163 897 3216 sed
911 3163 1043 3218 aliorum
1058 3177 1183 3232 quoqne
1196 3164 1406 3233 populorum
1425 3171 1628 3236 (Graecorum

372 3229 541 3297 Gallorum,
556 3230 783 3299 Hispanorum)
796 3232 927 3286 historia
937 3232 1143 3286 illustrantn..
1154 3231 1264 3288 Croati
1278 3237 1386 3292 multa
1399 3241 1551 3309 perpessi
1561 3250 1629 3294 sunt.

370 3300 442 3369 quia
463 3300 598 3368 populus
620 3299 781 3354 Oroatious
802 3316 906 3369 regem
929 3317 1020 3356 snum
1038 3300 1258 3357 Zvonimirum
1281 3307 1416 3362 occidit.
1440 3309 1627 3380 Quapropter

369 3369 505 3438 expiatio
524 3368 689 3423 nationalia
709 3371 885 3424 necessaria
904 3377 961 3436 est;
981 3387 1006 3426 e.
1025 3388 1054 3440 g,
1072 3369 1199 3424 ecclesia
1226 3372 1340 3442 aliqua
1371 3380 1567 3436 extruenda.
1589 3393 1630 3446 ps-

371 3437 542 3508 regrinatio
561 3437 727 3494 nationalia
748 3439 888 3494 facienda
908 3439 960 3495 ‹ct
986 3439 1065 3495 Slav.
1086 3440 1104 3493 l.
1122 3440 1164 3493 th.
1184 3439 1237 3506 11,
1258 3444 1320 3502 24).

479 3507 750 3564 commentatione
770 3509 809 3562 de
835 3509 952 3563 »iuris
978 3508 1150 3578 originex
1170 3511 1344 3581 (asa—574)
1369 3519 1546 3584 probatur,
1566 3515 1627 3572 imis

371 3579 524 3648 originem
538 3577 642 3632 nonin
657 3593 804 3647 suprema
815 3578 923 3646 populi
937 3579 1104 3646 voluntate,
1120 3579 1174 3632 sed
1189 3578 1221 3633 in
1234 3581 1304 3634 Deo
1343 3591 1551 3658 maerendam
1565 3601 1627 3641 esse.

1334 3670 1360 3708 r.
1384 3655 1428 3711 Η.
1450 3659 1602 3714 Zandrilel.

851 3819 1134 3900 POLONlCA.

375 4092 396 4146 C
476 4012 776 4146 flnlttlffingulskl.
796 4024 892 4094 Operi
903 4027 1024 4080 edendo
1035 4030 1158 4094 praeest
1168 4025 1214 4078 dr.
1226 4025 1261 4080 F.
1273 4027 1474 4104 Koneczny.
1486 4039 1523 4093 ,h
1534 4037 1630 4093 1.-11.

401 4105 542 4144 racovrae
631 4120 689 4146 -.

479 4159 561 4213 Licet
586 4160 678 4215 httius
705 4163 886 4217 comentarii
912 4164 1060 4231 periodici
1085 4161 1197 4217 alaioo
1221 4179 1300 4220 cura
1321 4178 1473 4237 geratur
1502 4177 1628 4246 ideniquc

373 4229 439 4282 fere
460 4228 559 4282 solum
581 4245 597 4282 a
616 4229 701 4285 laicis
721 4232 886 4298 scribatur,
914 4241 1018 4287 tamen
1038 4232 1172 4301 plurima
1198 4231 1231 4286 in
1252 4249 1356 4292 sensu
1389 4245 1559 4302 catholico
1575 4261 1627 4300 ron·

375 4297 490 4366 scripta
512 4304 585 4352 sunt
604 4313 638 4352 ac
657 4315 707 4354 res
727 4300 950 4356 ecclesiasticae
970 4307 999 4355 et
1019 4301 1181 4370 religiosae
1200 4317 1333 4372 <unoque
1356 4314 1561 4381 tanguntur,

477 4367 550 4436 Ipse
574 4370 627 4436 qui
654 4377 777 4436 praeest
804 4371 854 4424 Dr.
874 4371 910 4425 F.
932 4371 1077 4440 Konecmy
1102 4371 1161 4424 snb
1186 4371 1407 4441 inscriptione
1444 4385 1489 4439 »Ζ
1513 4386 1628 4443 supha

374 4435 621 4506 religijnego
646 4453 670 4490 tr
697 4439 1091 4508 Stouianszczyinies
1120 4439 1165 4506 (1.,
1184 4441 1342 4512 (tlh-38&
1372 4449 1446 4505 vim
1482 4454 1627 4511 reticimis

372 4507 454 4574 apud
474 4507 584 4560 Slavos
604 4506 770 4560 catholicos
790 4513 819 4560 et
839 4509 1033 4562 orthodoxos
1049 4509 1168 4563 Russos
1188 4509 1354 4568 describit.
1378 4517 1452 4573 Res
1474 4501 1627 4582 catlffilims

372 4576 454 4644 apud
471 4577 664 4629 Slovcnos
683 4576 801 4643 optimo
814 4577 880 4630 loco
893 4578 1011 4646 positas
1026 4594 1095 4632 esse
1114 4583 1256 4642 testatur,
1276 4582 1334 4648 qni
1350 4594 1511 4656 populus
1527 4611 1626 4666 parsu<

373 4645 429 4698 hac
454 4645 486 4699 in
506 4660 539 4698 re
564 4643 711 4698 omnihus
738 4645 839 4700 Slaris
865 4648 1023 4701 catholicis
1048 4645 1207 4702 antecellit.
1246 4647 1328 4704 Dein
1356 4662 1481 4724 agitur
1510 4667 1551 4721 (19
1567 4666 1627 4720 jasa
