3450 5342
857 454 895 462 -
927 424 987 476 292
1014 452 1054 464 .-

330 611 371 684 lsi
396 608 546 683 aderant)
577 607 778 686 explicarent
810 618 842 670 et
873 610 1075 686 argumentis
1106 608 1295 688 probarent,
1331 605 1474 671 deinde
1498 623 1537 666 ea
1558 604 1595 666 de

330 693 524 773 sceptationi
548 705 580 756 et
603 694 737 757 arbitrio
760 705 942 758 conventus
968 697 1215 774 permitteretur.
1264 693 1322 771 Ea,
1349 712 1453 770 quac
1480 692 1597 769 discep

331 781 509 844 tationibus
544 781 734 861 approbata,
769 782 945 846 immutata
980 781 1030 846 rel
1066 783 1187 845 reiecta
1219 784 1252 849 l?
1287 781 1407 861 prop.)
1450 791 1543 849 sunt
1573 799 1597 839 a

330 879 507 945 conspectu
546 871 750 931 decretorum
781 878 972 945 conventus
1006 870 1137 931 omissis
1168 871 1223 934 eis.
1261 887 1355 947 quae
1395 886 1473 931 non
1511 867 1597 927 latius

331 963 452 1035 patent
476 973 669 1018 enumerare
693 956 879 1033 praestabit.

436 1057 525 1120 :tlter
559 1061 706 1121 recitavit
737 1059 773 1122 ll.
807 1057 838 1121 ll.
872 1059 1072 1122 Palmieri
1103 1058 1138 1122 Ο.
1169 1058 1198 1121 S.
1228 1060 1272 1132 A„
1309 1061 1364 1119 vir
1399 1058 1597 1121 excellente

330 1147 449 1223 ingenii
473 1164 511 1207 ac
542 1146 723 1223 theologiae
747 1146 905 1210 Russicae
938 1147 1162 1226 peritissimus,
1192 1145 1232 1208 de
1256 1145 1464 1208 rationibus
1490 1146 1598 1207 cattle

330 1232 401 1294 licis
425 1233 455 1294 in
482 1232 643 1308 theologia
668 1232 814 1296 llussica.

434 1340 524 1413 Quae
555 1336 626 1399 tuso
650 1340 807 1400 orationis
839 1355 954 1414 gerare
978 1354 1097 1415 magna
1120 1334 1341 1399 delectatione
1377 1346 1414 1399 et
1451 1336 1597 1397 admira-

330 1426 418 1487 tione
448 1426 597 1486 omnium
622 1443 680 1503 pro
703 1425 858 1503 singulari
888 1442 997 1486 rerum
1020 1424 1203 1502 cognitione
1226 1425 1401 1503 exposuit,
1439 1422 1598 1485 omnibu-1

331 1522 570 1590 persuaserunt,
605 1530 639 1572 se
673 1531 735 1574 non
767 1512 933 1573 incassum
966 1512 1102 1588 venisse,
1136 1511 1265 1573 etiamsi
1290 1510 1361 1572 iam
1390 1510 1498 1572 aliud
1524 1509 1595 1569 nihil

329 1609 438 1660 essent
464 1600 653 1677 percepturi.
680 1596 889 1660 Clarissimus
906 1599 954 1658 vir
970 1607 1123 1660 accurate
1146 1596 1289 1659 ostendit
1305 1597 1501 1674 theologos
1521 1595 1599 1656 Ru<-

328 1703 450 1759 sorum,
481 1686 633 1763 «quamvis
664 1683 779 1748 intensi
810 1687 876 1747 sint
904 1685 1081 1757 catholicis,
1118 1693 1246 1763 propter
1284 1684 1597 1747 tundamentorum

327 1774 595 1834 communionem
627 1789 876 1851 nonnumquam
900 1771 1026 1849 adduci,
1059 1781 1093 1834 ut
1115 1770 1275 1834 catholice
1299 1772 1461 1833 sentiant
1489 1780 1525 1831 et
1550 1788 1599 1831 cr-

329 1858 457 1921 tliolicis
471 1865 604 1920 utantur
620 1860 828 1937 argumentis.
854 1858 900 1921 Ne
924 1859 1054 1920 Anton
1067 1861 1127 1919 ius
1143 1857 1284 1936 quidem,
1302 1858 1596 1936 Archiepiscopus

329 1944 563 2025 Volhyniensis,
597 1946 778 2007 catholicae
801 1945 969 2008 doctrinae
994 1946 1127 2022 insignis
1150 1944 1371 2016 adversarius,
1412 1946 1593 2022 excipitur

329 2034 448 2112 quippe
472 2034 525 2111 qul
559 2032 842 2094 incommodorum
877 2031 979 2095 laicae
1008 2032 1246 2111 procurationis
1270 2031 1445 2093 ecclesiae
1470 2049 1596 2108 gnarus

328 2118 370 2181 ad
394 2120 591 2182 sententiam
611 2119 808 2180 catholicam
832 2118 872 2180 de
896 2120 1002 2197 capite
1019 2118 1203 2197 spriritualia
1229 2119 1389 2196 potestati
1418 2119 1517 2180 cirili
1536 2135 1595 2178 non

329 2206 480 2273 obnoxio,
507 2207 697 2284 pervenerit.

434 2309 489 2371 llis
513 2310 609 2371 rebus
631 2311 770 2385 cognitis
794 2311 886 2372 varia
910 2310 1076 2388 proposita
1107 2307 1259 2388 deinceps
1283 2306 1483 2386 disceptata
1510 2318 1594 2374 sunt.

328 2400 420 2459 cuius
455 2397 701 2478 disceptationis
735 2397 837 2473 multi,
872 2399 971 2460 etiam
1004 2396 1072 2474 ipse
1102 2393 1404 2458 excellentissimus
1440 2396 1594 2458 Praese.

329 2492 455 2562 partem
479 2492 642 2562 ceperunt.
670 2481 789 2545 Deinde
813 2482 971 2562 epistolae
991 2480 1055 2561 (vel
1080 2481 1345 2560 telegtammatal
1372 2482 1488 2546 lectae
1508 2497 1594 2545 sunt.

327 2571 447 2632 missae
471 2572 645 2632 conventui
669 2569 840 2632 attauh.
866 2569 903 2631 ll.
923 2564 1270 2646 Ledocbowskib,
1295 2567 1329 2630 Η.
1356 2568 1594 2637 tlaissert,

328 2655 360 2720 L
384 2656 613 2731 lluchesne,
650 2656 710 2718 llre
745 2655 773 2717 E.
800 2657 834 2718 ll.
863 2656 1006 2720 Slavic
1045 2653 1236 2731 lSarajevo),
1274 2655 1333 2715 tire
1360 2657 1399 2717 rt.
1435 2655 1595 2736 tegite,

393 2897 413 2950 3l
435 2898 540 2963 hlagno
568 2912 632 2949 curn
661 2897 768 2961 gaudio
793 2896 925 2948 nuntium
955 2897 991 2947 de
1016 2896 1145 2963 cogendo
1171 2895 1336 2947 Velehradii
1364 2902 1525 2948 conventu
1550 2898 1584 2947 df·

432 2967 601 3029 quaestione
619 2966 751 3017 orientali
771 2966 966 3017 ecclesiastica
986 2966 1084 3031 accepi
1099 2965 1294 3030 plurimasque
1314 2965 1430 3032 gratias
1450 2982 1517 3047 ago
1537 2983 1587 3032 pm

432 3035 558 3101 benigna
579 3035 756 3087 invitatione.
783 3036 854 3087 Proh
882 3035 963 3087 dolor
980 3035 1183 3100 occupationes
1209 3034 1280 3086 mihi
1306 3049 1362 3085 nun
1390 3041 1585 3100 permittunt.

431 3105 584 3170 ‹quorninus
605 3105 725 3156 Romam
740 3105 908 3169 relinquam,
928 3104 995 3156 hinc
1008 3104 1100 3156 solum
1120 3105 1309 3170 elonginquo
1324 3104 1443 3156 labores
1461 3106 1586 3158 Vestras

433 3173 566 3240 precibus
592 3174 664 3225 ineis
684 3173 782 3225 iuvare
807 3176 940 3225 conabor.
966 3173 1193 3226 Addictissimus
1217 3174 1255 3225 tt.
1275 3173 1494 3226 Ledochowski
1518 3177 1545 3228 S.
1563 3175 1586 3225 l.

392 3245 414 3307 ⁴)
434 3243 634 3295 saecularibus
654 3243 735 3295 lestis
753 3243 969 3295 occurrentibus
988 3245 1013 3294 8.
1034 3242 1149 3295 loannis
1168 3242 1375 3308 Chrysostoml,
1396 3244 1587 3297 Universalis

432 3313 580 3365 Ecclesiae
603 3313 734 3364 lloctoris
758 3317 788 3364 et
813 3313 942 3364 huminis
965 3313 1112 3364 Ecclesiae
1137 3311 1293 3364 Orientalis
1311 3312 1484 3379 rugilantis‚
1515 3316 1588 3366 Con·

432 3398 550 3451 gressus
561 3383 753 3434 solemnitatis
767 3382 931 3433 huiusmodi
947 3382 1158 3447 promovendae
1171 3397 1260 3434 causa
1270 3382 1380 3434 Rornae
1392 3384 1585 3439 constitutus

432 3451 552 3503 consilio
572 3451 619 3503 die
637 3451 698 3503 Xll.
714 3451 776 3502 lulli
796 3452 904 3517 habito,
923 3451 1052 3503 unanimi
1073 3456 1140 3503 voto
1153 3451 1327 3503 deliberavit
1340 3451 1547 3518 decrevitque:

468 3527 499 3574 ut
518 3521 726 3573 lllustrissimis
739 3521 924 3572 Praesulibus
943 3521 980 3572 ad
996 3520 1190 3573 Velehradunr
1211 3521 1239 3571 in
1253 3521 1383 3572 hluravia
1404 3521 1435 3572 in
1456 3523 1586 3574 concilio

429 3593 615 3658 congregatis
635 3589 732 3641 l'austa
752 3605 882 3654 quaeque
901 3590 1052 3654 feliciaque
1073 3589 1100 3641 ln
1115 3590 1238 3641 Domino
1252 3594 1457 3655 apprecentur,
1477 3596 1513 3645 ut
1538 3591 1584 3644 ltei

432 3660 527 3724 gratia
554 3659 759 3726 praeveniente
785 3657 911 3711 fideliter
938 3675 990 3725 pro
1014 3659 1118 3711 unione
1146 3660 1298 3724 utriusque
1322 3660 1477 3712 Ecclesiae
1504 3663 1586 3714 labo

431 3732 530 3781 rantes
555 3729 681 3781 ministri
706 3729 818 3795 gratiae
844 3729 1029 3782 multiformis
1055 3729 1091 3781 de
1109 3728 1185 3781 ielici
1205 3729 1320 3794 possint
1338 3729 1419 3781 exitu
1440 3732 1584 3797 gaudere„

468 3799 586 3863 insuper
606 3799 752 3851 humiliter
776 3799 917 3863 enixeque
943 3802 1025 3863 rugat
1053 3814 1235 3865 congressus,
1260 3805 1291 3851 ut
1316 3798 1441 3851 unitatis
1469 3801 1583 3853 strenui

432 3871 662 3934 propugnatores
682 3868 842 3932 inspirante
862 3871 887 3919 8.
909 3868 1040 3919 Docturis
1060 3869 1169 3919 lunrine
1188 3883 1294 3919 nomen
1313 3883 1446 3934 opusque
1469 3870 1584 3936 impen-

433 3936 504 3986 dant
531 3936 706 3989 solemnitati
732 3936 862 3989 eiusdem
883 3936 979 3988 Sancti
1005 3937 1169 3989 centennali
1194 3937 1242 3989 die
1259 3937 1335 3989 Xlll.
1353 3937 1536 3991 Novembris
1556 3941 1582 3990 in

433 4006 540 4067 templo
565 4006 705 4071 Principis
730 4007 932 4071 Apostolorum
957 4007 1067 4058 Romae
1092 4006 1294 4069 celebrandae,
1322 4010 1411 4073 atque
1437 4009 1479 4060 ad
1506 4011 1582 4062 hunc

433 4071 566 4150 ellectum
586 4074 704 4128 mittant
728 4090 845 4127 suorum
872 4075 987 4127 nomine
1007 4083 1034 4128 et
1061 4077 1201 4130 mandato
1226 4077 1386 4146 delegatos,
1412 4085 1501 4133 uteo
1522 4082 1582 4150 glo·

432 4154 535 4190 riosrur
562 4143 667 4195 evadat
694 4144 868 4197 coadunatio
897 4146 1087 4211 collineetque
1119 4145 1148 4198 in
1175 4147 1306 4204 animum
1334 4163 1424 4200 unum
1455 4154 1582 4216 utraque

432 4208 569 4275 Ecclesia,
597 4216 625 4264 et
650 4213 686 4265 de
711 4215 863 4280 sepulchro
889 4217 914 4265 8.
942 4214 1021 4266 illam
1049 4215 1151 4267 aedem
1180 4221 1302 4269 ornante
1327 4225 1445 4270 sumant
1473 4221 1581 4287 pignus

433 4276 577 4332 fraternae
597 4281 726 4334 caritatis
745 4282 871 4348 fideique
890 4283 1012 4336 unitatis
1031 4300 1132 4337 ornnes
1151 4286 1333 4351 plaudentes.

469 4347 597 4427 Denique
616 4366 652 4402 ne
671 4351 831 4405 inefficacia
851 4358 1023 4406 remaneant
1041 4353 1185 4407 desideria
1204 4358 1234 4406 et
1252 4359 1320 4407 vota
1339 4354 1379 4420 pii
1398 4354 1499 4420 operis
1519 4373 1580 4422 per·

435 4415 559 4479 florendi,
587 4435 659 4472 nere
686 4422 824 4473 memoria
852 4423 967 4474 excidat
997 4424 1166 4476 solemnitas
1196 4426 1279 4475 tanto
1307 4423 1452 4490 magistro
1482 4426 1580 4492 digna¹

433 4486 567 4540 volumen
589 4489 705 4557 insigne
731 4492 844 4556 prodiet
870 4493 899 4543 in
920 4492 1023 4553 luceru,
1051 4493 1131 4545 cuius
1157 4495 1291 4556 sumptus
1310 4492 1486 4546 liberalitati
1507 4510 1581 4548 cunr·

434 4557 607 4612 inundantur
633 4560 755 4625 illorum,
780 4561 828 4625 qui
855 4578 885 4613 se
904 4562 1086 4626 praebebunt
1110 4565 1256 4626 emptores
1281 4565 1312 4614 et
1335 4563 1469 4616 lautores
1496 4565 1580 4617 huius

433 4627 536 4745 luberlil‘S'
556 4628 636 4679 cuius
657 4629 779 4707 pretium
800 4631 920 4681 inclusis
940 4631 1027 4683 simul
1047 4630 1112 4682 aliis
1131 4631 1279 4694 opusculis
1299 4633 1449 4685 constabit
1470 4633 1505 4686 lb
1525 4635 1580 4686 lere

445 4709 452 4743 r
476 4710 491 4743 e
516 4712 539 4746 is
558 4713 609 4747 seu
629 4711 750 4747 coronis.
