3450 5342
870 419 907 428 -
937 389 994 443 192
1022 421 1059 428 -

345 578 572 636 collectione
596 576 765 653 amplexi
795 587 879 633 sunt
912 586 1020 652 atque
1044 595 1146 634 mann
1169 582 1203 632 et
1226 575 1364 652 lingna
1391 576 1611 632 consentis»

343 664 440 723 bant
474 675 508 720 et
541 665 678 742 pariter
710 660 985 720 subscribebant
1008 673 1038 721 et
1061 683 1112 740 per
1138 681 1202 720 eam
1231 681 1400 720 consonam
1427 660 1612 740 Eutychen

344 761 373 809 et
396 751 531 808 llioscori
566 749 795 825 intelligentiam
829 758 1017 807 evacuarunt.
1053 751 1135 808 h'icnt
1158 756 1187 806 et
1213 749 1406 825 l'igilins
1442 762 1523 826 post
1549 747 1613 804 haer

344 839 512 896 Iustiniana
535 839 667 914 piissimo
697 838 859 907 consonuit,
883 845 911 893 et
935 837 1069 914 quintum
1094 835 1250 894 concilium
1268 838 1481 894 constitutum
1511 849 1567 892 est.
1589 853 1614 890 a:

344 945 444 984 corum
467 924 614 1002 opuscula,
638 923 713 1002 «puae
736 921 863 980 latenter
893 931 1009 1002 reperta
1032 933 1099 981 sunt
1131 922 1242 1000 repleta
1276 921 1525 980 abominatione
1549 942 1614 978 ans·

344 1011 615 1070 thematizarentnr.

448 1097 506 1155 llis
529 1099 572 1154 ita
594 1118 625 1154 se
649 1094 835 1162 habentibus,
859 1097 1056 1154 necessarium
1089 1093 1236 1154 existebat
1258 1106 1288 1154 et
1310 1107 1453 1152 vestram
1491 1095 1612 1152 Christe

345 1183 504 1243 amabilem
534 1182 791 1242 mansuetudinem
823 1184 1053 1241 sacratissimum
1077 1182 1155 1241 hunc
1178 1194 1207 1240 et
1230 1185 1382 1260 copiosum
1420 1201 1613 1258 congregare

343 1280 529 1340 conventum,
554 1319 560 1330 .
584 1321 590 1334 ,
614 1319 620 1330 .
644 1267 774 1328 Proinde
807 1270 1001 1345 inspiratione
1036 1271 1131 1328 sancti
1165 1269 1291 1346 Spiritus
1325 1271 1557 1346 conspirantes
1587 1285 1611 1324 rt

344 1358 382 1416 ad
406 1360 534 1416 invicem
569 1377 671 1414 omues
704 1367 899 1414 consonantes
933 1367 1022 1434 atque
1057 1359 1274 1422 consentientes
1306 1369 1335 1413 ct
1360 1356 1613 1433 Agathonis

344 1445 591 1502 sanctissimi
633 1445 754 1522 patris
793 1443 910 1500 nostri
945 1454 979 1500 ct
1019 1445 1148 1502 summi
1183 1463 1304 1522 papae
1343 1441 1612 1520 dogmaticis

344 1531 500 1588 litteris
523 1529 561 1588 ad
583 1539 713 1588 vestram
735 1527 938 1587 fortitudinem
963 1531 1060 1588 missis
1083 1533 1386 1588 consentientes
1415 1549 1476 1588 nec
1498 1551 1563 1588 non
1588 1549 1613 1586 et

345 1619 529 1694 suggestioni
561 1627 688 1687 sanetae,
720 1637 795 1694 qnae
813 1615 881 1696 ,snb
904 1635 938 1674 eo
962 1629 1014 1686 est,
1047 1615 1153 1696 synodi
1186 1616 1305 1674 CXXV
1332 1623 1461 1694 patrum
1487 1636 1613 1675 concor-

343 1704 456 1775 dantes,
483 1723 574 1762 unum
597 1702 633 1761 de
657 1712 760 1762 sancta
786 1703 935 1760 'l'rinitate
959 1701 1111 1762 dominum
1142 1713 1272 1762 nostrum
1303 1704 1406 1761 lesum
1445 1703 1610 1762 Christum

343 1794 434 1850 etiam
455 1793 641 1849 incarnatum
672 1788 876 1868 praedicamus
898 1791 929 1848 in
954 1789 1067 1848 duabus
1090 1790 1228 1868 perfectis
1250 1791 1364 1848 naturis
1383 1789 1543 1849 indivise
1569 1793 1611 1848 in-

345 1879 466 1936 confuse
489 1875 695 1936 laudandum.“

449 1981 592 2052 Profecto,
626 1983 651 2038 si
684 1992 783 2058 patres
816 1979 870 2050 illi,
904 1979 1094 2038 anathemate
1129 1983 1159 2038 in
1192 1981 1357 2038 Honorium
1392 1981 1471 2049 lato,
1509 1983 1608 2060 ipsam

343 2069 470 2126 Romani
494 2069 641 2146 pontificis
664 2064 908 2125 infallibilitatem
941 2086 972 2124 se
1002 2067 1159 2126 confixisse
1189 2069 1421 2136 existimassent,
1463 2071 1511 2127 sic
1537 2071 1606 2126 scri-

344 2155 414 2212 bere
437 2175 496 2213 uen
519 2157 691 2234 potuissent,
714 2152 767 2212 sed
785 2155 882 2231 potins
905 2151 1227 2231 diligentissime
1250 2153 1413 2212 studere
1441 2153 1608 2212 debuis-

344 2251 435 2314 sent,
470 2263 515 2300 ne
548 2241 630 2300 allo
664 2239 771 2299 modo
803 2238 1008 2300 doctrinae
1031 2239 1075 2300 de
1099 2240 1407 2300 infallibilitate
1447 2243 1605 2300 Romani

344 2329 558 2406 pontificis
582 2329 714 2386 favere
745 2325 986 2386 viderentur.

447 2415 583 2473 Tandem
599 2425 677 2474 certe
693 2416 725 2472 in
741 2414 917 2472 concilia
934 2414 1118 2492 Ephesiae
1133 2414 1215 2472 nulla
1231 2433 1325 2491 neque
1342 2417 1488 2474 virtualis
1504 2415 1605 2494 repul-

344 2504 388 2560 sio
399 2501 624 2561 infnllibilitatis
632 2502 759 2559 ltomam
770 2500 919 2580 pontificis
930 2499 991 2559 ulla
1003 2499 1220 2579 probabilitatis
1232 2503 1328 2580 specie
1340 2501 1440 2560 locum
1457 2503 1603 2561 habuisse

344 2587 403 2646 dici
426 2598 530 2666 potest,
553 2609 618 2647 cam
634 2598 734 2646 tamen
749 2589 838 2645 ctiam
856 2590 887 2646 in
903 2587 958 2646 hoc
974 2587 1099 2647 concilio
1123 2588 1307 2646 Ooelestinus
1330 2599 1359 2646 ct
1383 2592 1600 2648 anctoritatem

342 2695 424 2733 suam
456 2696 543 2754 snper
572 2675 730 2733 concilium
762 2687 792 2732 et
813 2673 1059 2734 infallibilitatem
1090 2695 1173 2734 suam
1203 2675 1346 2734 altissime
1368 2677 1600 2753 proclamasset.

343 2763 392 2819 Sic
416 2765 494 2819 enim
525 2764 687 2834 instructio,
717 2781 805 2839 qnam
839 2761 1026 2821 Ooelestinus
1055 2763 1162 2840 legatis
1193 2763 1253 2820 suis
1276 2761 1366 2832 dedit,
1396 2762 1513 2821 habet:
1542 2763 1600 2835 ,Et

343 2851 548 2907 auctoritatem
580 2847 659 2907 sedis
691 2848 869 2927 apostolicae
904 2848 1044 2907 custodiri
1077 2847 1184 2908 debere
1215 2847 1399 2911 mandamus.
1435 2849 1597 2928 Siquidem

344 2944 372 2991 et
397 2938 611 3006 instructiones,
644 2955 719 3013 qnae
749 2935 834 2994 vobis
862 2934 988 2993 traditae
1018 2945 1093 3008 sunt,
1123 2937 1180 2994 hoe
1202 2935 1366 3014 loquantur,
1389 2949 1421 2994 nt
1447 2939 1598 2995 interesse

342 3025 500 3080 conventui
530 3022 672 3092 debeatis,
695 3021 740 3080 ad
764 3021 1096 3100 disceptationem
1128 3025 1160 3080 si
1194 3024 1304 3082 fuerit
1334 3033 1496 3095 ventum,
1529 3043 1597 3081 vos

343 3106 385 3165 de
420 3129 540 3166 eorum
583 3110 776 3167 sententiis
811 3108 989 3167 iudicare
1031 3109 1189 3180 debetis,
1225 3131 1299 3168 non
1323 3109 1391 3168 sub
1421 3113 1482 3168 ire
1519 3131 1597 3170 cer-

341 3200 489 3253 tamen“
508 3193 575 3272 ¹⁰³).
611 3197 715 3254 Patres
748 3216 819 3253 vero
850 3196 995 3274 Ephesini
1026 3199 1084 3275 ipsi
1116 3197 1303 3256 confitentur:
1350 3196 1510 3269 „Coacti
1544 3217 1596 3276 per

342 3302 439 3340 sacros
472 3303 601 3341 canones
635 3292 664 3340 et
698 3283 895 3360 epistolam
935 3286 1185 3342 sanctissimi
1224 3285 1352 3362 patris
1390 3287 1526 3342 nostri
1559 3301 1594 3340 et

343 3371 607 3428 comministri
625 3370 841 3427 Coelestini
867 3370 1144 3449 Romanaeque
1169 3371 1370 3430 ecclcsiae
1394 3373 1592 3449 episcopi.

340 3455 470 3513 lacrimis
509 3455 634 3514 subinde
675 3457 785 3534 perfusi
823 3455 859 3514 ad
891 3455 1043 3530 lugubrem
1085 3459 1161 3517 hanc
1200 3459 1378 3518 sententiam
1419 3461 1591 3516 necessario

342 3545 494 3600 venimns“
516 3538 583 3619 ¹⁰4).

446 3647 495 3705 56.
518 3647 618 3724 Atque
641 3647 817 3726 hispositis
839 3651 937 3726 quivis
960 3649 1047 3708 facile
1071 3647 1200 3707 indicare
1223 3658 1326 3726 potest,
1356 3659 1453 3707 utrum
1485 3650 1590 3708 saltem

341 3732 444 3799 abeo,
475 3736 537 3812 qui
562 3734 917 3794 infallibilitatem
956 3737 1221 3802 conciliorum
1253 3737 1588 3794 oecumenicorum

341 3821 502 3888 confitetur,
527 3820 600 3878 haec
622 3822 714 3880 verba
730 3822 855 3898 Beljaev
879 3824 1017 3881 sustineri
1041 3825 1165 3901 possint:
1193 3821 1403 3896 „Ponamns
1426 3837 1588 3902 praetcrea

339 3927 447 3983 papam
467 3927 526 3963 non
540 3918 659 3985 propter
674 3909 820 3967 haeresim
835 3908 1006 3968 damnatum
1023 3929 1095 3981 esse,
1118 3909 1169 3968 sed
1185 3919 1216 3968 at
1232 3911 1274 3967 ita
1296 3908 1401 3982 dicam,
1424 3930 1523 3988 prop
1534 3929 1589 3967 rer

342 3992 639 4068 negligentiam
662 4008 691 4053 et
714 3997 1008 4066 infirmitatem,
1040 4017 1241 4054 uon-usum
1265 3998 1493 4074 potestatis.
1531 3995 1587 4054 Sed

341 4099 411 4136 num
434 4077 538 4135 saltem
562 4080 630 4138 talis
654 4103 755 4141 sensus
777 4083 976 4142 anathematis
1000 4103 1017 4140 a
1040 4084 1164 4141 concilio
1195 4083 1247 4141 lati
1278 4081 1490 4142 concordat
1523 4103 1587 4140 corn

339 4163 408 4222 idea
431 4164 654 4226 infallibilitatis
676 4171 791 4248 papae?
820 4171 905 4248 Papa
927 4191 992 4228 cum
1016 4173 1135 4248 passivo
1159 4172 1276 4228 silentio
1299 4169 1430 4228 haeresis
1453 4190 1588 4249 progres-

339 4272 404 4309 sum
428 4254 564 4311 intuetur.
599 4253 652 4316 Vel
676 4259 773 4334 ipsum
796 4259 858 4316 eins
888 4257 1099 4316 silentium
1126 4257 1180 4314 tali
1203 4266 1342 4336 tempore,
1373 4277 1438 4314 cum
1462 4255 1585 4314 verbnm

339 4341 521 4397 anctotitatis
544 4345 741 4401 necessarium
764 4355 817 4416 cst,
840 4354 885 4402 cst
908 4346 1069 4420 negatio
1093 4344 1179 4402 huius
1202 4341 1287 4402 ideae
1316 4342 1347 4421 [i.
1370 4365 1394 4402 e.
1418 4342 1585 4401 infallibili-

339 4425 430 4504 tatisl.
474 4427 591 4486 Desunt
614 4431 768 4489 vaticinia:
791 4431 875 4489 deest
898 4433 987 4488 etiam
1011 4431 1189 4489 oraculum“.
1227 4429 1386 4489 Videlicet:
1411 4439 1460 4488 ant
1484 4449 1586 4507 papa

376 4613 426 4680 ¹⁰³)
445 4615 540 4668 blansi
560 4617 607 4682 Ν,
626 4614 686 4668 556.

376 4681 424 4748 ¹⁰⁴)
442 4685 538 4737 Mansi
559 4685 605 4751 lV,
625 4684 701 4737 1211.
