3450 5342
812 379 982 436 -30-

270 567 454 626 Momentum
478 587 547 625 vcro
569 565 769 644 dogmaticum
794 569 949 626 sententiis
973 569 1037 626 istis
1062 569 1119 645 piis
1143 587 1201 626 nou
1217 566 1410 645 competebat,
1433 579 1465 624 nt
1490 589 1517 626 r.

270 675 313 730 gr.
337 653 575 713 Sadducaeorum
597 654 726 712 aectaob
740 655 841 713 oculos
863 653 1053 724 demonstrat,
1076 673 1151 733 qnae
1174 655 1274 712 omnia
1296 653 1369 712 baec
1392 653 1517 724 ridebat,

271 745 342 819 qnia
364 741 582 817 eschatologiae
604 739 854 801 consolationibus
877 761 976 799 carere
999 749 1122 818 poterat,
1149 749 1179 798 et
1201 749 1300 800 tamen
1325 761 1343 797 a
1366 751 1450 800 coetu
1475 761 1518 798 re-

271 828 378 904 ligioso
401 828 522 886 exclusa
544 841 678 888 nonest.
724 829 799 888 Cum
823 826 929 908 quibus
959 828 1076 906 placitis
1100 830 1124 886 si
1150 827 1234 886 Pauli
1258 826 1392 886 doctriua
1419 827 1519 886 confe-

273 924 360 986 ratur,
384 916 546 972 maximum
569 913 728 974 discrimen
750 926 881 993 apparet.
923 914 1009 973 l'anli
1033 917 1112 974 euim
1135 914 1337 990 escbatologia
1359 914 1520 992 anthropo

273 1002 370 1079 logica
392 1000 490 1079 quoad
513 1003 671 1060 essentiam
695 1003 726 1060 in
742 1001 948 1080 llcdemptoris
972 1021 1059 1080 opere
1081 1003 1247 1059 continetur
1269 1011 1299 1059 et
1322 1000 1391 1058 hinc
1416 1001 1518 1059 valore

273 1089 393 1148 omuino
416 1087 583 1165 dogmatico
607 1091 750 1148 instructa
769 1101 899 1167 apparet.
923 1086 1035 1163 Quodsi
1060 1087 1212 1146 ulteriores
1228 1087 1431 1146 conclusiones
1448 1108 1520 1146 cou-

273 1174 448 1245 eiderantur,
470 1175 572 1233 exulat
591 1174 670 1253 apud
681 1175 806 1233 Paulum
829 1175 909 1233 color
931 1175 1120 1244 utilitatismi,
1142 1177 1212 1253 qnia
1234 1176 1309 1232 ratio
1324 1173 1522 1233 eudaemona-

274 1262 374 1338 logica
396 1259 571 1319 secundaria
593 1272 645 1329 est,
681 1264 852 1320 resurrectio
884 1282 941 1319 non
965 1271 1101 1320 causatur
1129 1261 1280 1320 hominum
1312 1262 1433 1328 meritis,
1467 1260 1521 1318 scd

275 1349 439 1427 postulatur
460 1360 579 1426 propter
601 1350 682 1406 vitae
705 1347 792 1407 huius
815 1350 989 1406 inanitatem
1013 1359 1042 1406 et
1066 1348 1205 1406 moralem
1229 1348 1358 1408 hominis
1381 1351 1522 1406 interris

275 1435 411 1512 degentia
424 1437 637 1512 impotentiam.
661 1436 751 1493 l'orro
774 1435 844 1494 fidei
867 1437 898 1492 in
914 1443 1075 1515 systemate
1087 1435 1174 1493 Pauli
1197 1435 1257 1492 elia
1279 1445 1322 1492 est
1340 1437 1414 1493 ratio
1430 1455 1521 1513 quam

275 1523 350 1599 legis
373 1521 452 1599 apud
475 1520 622 1583 rabbinos.
651 1521 759 1592 ,Fides
782 1543 900 1600 prorsus
924 1543 982 1580 non
1006 1520 1147 1582 coincidit
1170 1543 1235 1580 cunr
1261 1522 1335 1598 lege.
1359 1522 1423 1580 lrcx
1439 1523 1522 1580 enim

275 1606 405 1667 medium
421 1618 485 1666 crat
507 1607 544 1666 ad
560 1608 766 1675 evolvendum.
790 1608 868 1687 quod
888 1612 946 1667 inm
959 1607 1153 1687 praeiacebat,
1176 1607 1250 1668 fides
1266 1629 1335 1667 roro
1346 1611 1443 1688 ipsum
1456 1629 1524 1666 esse

276 1696 470 1753 christianum
493 1695 594 1753 condit
616 1697 655 1773 (p.
673 1696 758 1770 476).
781 1695 873 1755 Fides
897 1715 955 1753 non
978 1705 1022 1752 ost
1039 1695 1167 1754 medinm
1191 1694 1228 1752 ad
1252 1697 1353 1766 vitum,
1377 1715 1452 1774 quae
1476 1697 1522 1752 vi-

275 1785 376 1840 cissim
398 1802 458 1840 nou
480 1791 525 1838 est
547 1781 751 1840 secundarium
777 1778 1190 1864 (btuuronpiofrp‘brcnnnrir)
1214 1802 1405 1860 consequens.
1436 1782 1523 1840 Haec

275 1867 332 1927 duo
355 1867 394 1925 ad
417 1870 557 1926 amussim
581 1871 708 1926 invicem
733 1869 904 1927 coincidunt
937 1879 1026 1946 atquo
1049 1870 1275 1927 manifestantur
1306 1868 1467 1947 inidipsum
1492 1879 1524 1926 et

275 1955 371 2013 simul.
394 1953 486 2012 Fides
509 1956 540 2012 in
563 1968 626 2012 rita
648 1959 800 2020 exseritur.
823 1959 888 2014 rita
910 1977 962 2034 per
984 1955 1072 2014 fidem
1097 1965 1284 2018 sustentetur.
1313 1955 1398 2032 Quae
1420 1965 1523 2013 tamen

275 2043 375 2100 omnia
407 2041 474 2100 ideo
505 2055 580 2109 sunt,
615 2045 686 2119 qnia
716 2063 752 2100 oa
781 2045 895 2101 ratione
927 2043 1061 2101 homines
1091 2051 1281 2102 concrescunt
1312 2063 1376 2100 cnm
1402 2041 1523 2100 Christo

276 2131 442 2206 ompiterne
470 2131 540 2185 vivo
564 2140 592 2186 et
617 2132 647 2186 in
678 2131 741 2206 ipso
764 2132 948 2187 instruuntur
978 2129 1171 2208 qualitatibus
1195 2130 1351 2188 vitalitatis
1375 2141 1524 2200 acternac,

276 2235 352 2294 quae
376 2217 405 2273 in
430 2217 502 2292 ipsis
525 2214 605 2272 haud
628 2215 715 2272 alitor
737 2228 825 2293 atque
847 2218 880 2275 in
896 2215 1016 2274 Christo
1040 2237 1134 2294 noque
1157 2218 1261 2274 teritur
1280 2237 1376 2294 neque
1392 2219 1524 2274 moritur.

279 2302 358 2360 Hinc
380 2322 453 2379 opus
475 2304 518 2359 eis
542 2321 600 2360 uon
624 2312 668 2358 ost
699 2302 736 2359 ad
768 2314 918 2361 aeteruum
944 2301 1073 2375 tendere,
1108 2302 1185 2381 qnod
1217 2306 1248 2362 iu
1279 2305 1343 2381 ipso
1374 2303 1524 2380 praesenti

277 2387 403 2446 babetur
425 2387 465 2466 (p.
481 2389 566 2468 477).
590 2390 669 2446 Mors
694 2407 844 2468 tamquam
868 2400 1106 2448 momentaneum
1130 2397 1244 2448 tantum
1268 2411 1340 2468 opus
1364 2391 1523 2448 cosmicnm

278 2485 399 2553 apparet
423 2520 429 2531 .
454 2523 460 2535 .
484 2477 547 2532 rita
570 2495 628 2533 uon
651 2491 694 2533 est
719 2479 923 2546 rcmuncratio,
952 2475 1003 2534 sed
1028 2475 1235 2554 inseparabilis
1258 2475 1327 2534 tidci
1351 2479 1405 2546 vis,
1429 2487 1525 2534 aetor-

278 2563 355 2620 nitas
378 2581 448 2618 vero
470 2564 533 2619 eins
556 2565 714 2640 proprium.
749 2561 826 2640 quod
848 2584 901 2640 por
925 2562 1130 2641 ltedemptoris
1153 2567 1397 2622 resurrectionem
1426 2573 1522 2621 tutum

278 2646 425 2706 redditum
440 2657 485 2705 est
508 2648 547 2724 (p.
560 2651 667 2718 dict:
691 2649 776 2724 (Quae
799 2650 884 2707 lirma
896 2650 981 2707 Pauli
1005 2652 1159 2728 principia,
1183 2659 1213 2708 nt
1231 2650 1318 2708 facile
1335 2651 1523 2727 intelligitur,

278 2733 386 2816 saeculi
416 2733 503 2793 buius
525 2735 745 2793 intolerantiam
776 2747 806 2793 ct
828 2738 1044 2814 impatientiam
1076 2757 1135 2795 non
1158 2739 1288 2795 inierunt
1319 2736 1392 2794 adeo
1417 2757 1525 2808 acrem,

278 2830 310 2877 ut
332 2820 500 2878 vehementi
532 2821 659 2899 quadem
684 2823 794 2880 lllrristi
825 2825 979 2882 invasione
1009 2823 1112 2881 fideles
1143 2823 1180 2880 ab
1212 2825 1247 2881 iis
1279 2827 1338 2882 sint
1365 2823 1524 2884 liberandi.

279 2927 344 2964 cum
368 2909 465 2984 potins
487 2908 654 2985 spernenda
678 2920 839 2986 appareant
870 2921 898 2966 ot
922 2910 1058 2968 liberatio
1089 2931 1125 2970 cx
1150 2913 1187 2966 iis
1211 2925 1289 2969 certo
1320 2923 1445 2968 ventura
1476 2913 1526 2968 sit.

284 2995 464 3065 ,Aeternum
488 2995 631 3052 cnimsub
657 2997 803 3053 rrlnrninr
827 2999 966 3073 temporis
991 3017 1042 3074 per
1064 2999 1202 3056 unionem
1227 3017 1291 3056 cum
1317 2997 1436 3055 Christo
1461 2998 1525 3054 linit

280 3080 340 3155 (vel
364 3088 422 3137 stat
445 3080 554 3156 potius)
578 3102 673 3160 nequo
703 3081 739 3138 orl
764 3082 959 3158 frangendum
984 3082 1082 3140 debile
1106 3085 1285 3142 elementum
1298 3083 1393 3141 tendit
1406 3095 1457 3142 ont
1481 3087 1528 3140 in-

279 3165 368 3236 ducit,
402 3166 452 3222 sed
478 3167 549 3225 illud
574 3171 685 3245 spernit
709 3172 804 3245 potius
827 3182 855 3226 ct
881 3170 1003 3227 normali
1030 3172 1210 3228 incremento
1235 3170 1434 3229 infallibiliter
1456 3191 1527 3228 con-

280 3257 472 3312 summatur“.
494 3251 535 3332 (p.
548 3257 632 3328 teo).
658 3255 799 3313 Doctrina
819 3256 856 3313 do
872 3260 990 3333 perusia
1013 3257 1091 3335 apud
1103 3258 1237 3326 Paulum,
1261 3267 1293 3316 ut
1316 3278 1353 3314 ex
1370 3259 1527 3336 principiis

279 3341 342 3398 eius
360 3339 535 3416 dogmaticis
551 3353 580 3398 ct
596 3332 807 3418 philosophicis
824 3343 924 3420 liquot,
946 3362 1003 3401 non
1015 3346 1139 3402 terrenis
1156 3347 1306 3402 aerumnis
1321 3343 1372 3402 sed
1391 3347 1528 3422 supernis

280 3424 366 3484 bonis
389 3429 506 3502 regitur.
554 3428 592 3483 llt
615 3431 776 3485 universim
807 3429 927 3506 quidem
962 3429 1114 3488 hominum
1137 3433 1309 3489 resurrectio
1340 3433 1371 3488 in
1396 3430 1528 3489 adventu

281 3512 393 3570 Christi
417 3511 571 3570 obtinebit.
614 3515 799 3590 Singulorum
824 3537 894 3572 voro
918 3515 1068 3574 bominum
1093 3519 1265 3576 resurrectio
1289 3517 1486 3576 determinata
1509 3539 1529 3574 a

281 3600 344 3656 vita
366 3601 480 3676 gratiae
504 3599 620 3676 pendet.
645 3621 719 3677 «punc
744 3623 794 3678 pro
815 3604 922 3660 unionc
946 3623 1010 3660 curn
1026 3603 1144 3662 Christo
1168 3613 1196 3662 ct
1219 3603 1323 3662 diuina
1341 3603 1529 3682 providentia

283 3686 393 3757 variat,
418 3695 572 3764 utrumqne
595 3701 693 3744 tauron
719 3691 891 3766 mysterium
916 3704 967 3746 est.

385 3769 572 3829 Desiderium
600 3773 738 3831 ,dissolri
764 3788 791 3830 et
815 3796 879 3832 csso
903 3795 967 3833 curn
986 3777 1122 3834 Ulrristo‘·
1150 3775 1208 3834 duo
1231 3779 1380 3856 exprimit,
1404 3797 1526 3855 qnorum

281 3859 424 3930 posterius
448 3877 466 3912 a
488 3861 583 3933 priore
606 3875 755 3937 unnqmun
772 3883 788 3919 a
804 3861 978 3919 condicione
998 3863 1115 3940 pendet,
1139 3883 1213 3941 qnae
1230 3865 1261 3921 in
1278 3862 1530 3922 Christilidelibus

285 3959 349 3996 cum
376 3940 631 4018 adsignificationo
655 3947 752 4004 ctlrira
776 3951 927 4026 accipitur.

387 4028 491 4104 Neque
509 4029 619 4106 Ephesi
636 4032 770 4106 (legentis
787 4055 943 4092 acrumnne
962 4055 1057 4112 neque
1073 4037 1264 4096 ecclesiarum
1287 4039 1363 4094 vitia
1384 4038 1528 4114 posterius

283 4115 465 4188 emergentia
498 4127 614 4191 cogunt,
648 4131 679 4175 ut
716 4142 771 4180 „un
805 4121 899 4196 grand
934 4122 1148 4198 chungement“
1188 4123 1233 4180 rel
1272 4123 1530 4196 ,transformation

284 4195 431 4256 decisivm
467 4202 497 4257 in
520 4202 719 4276 esclratologin
744 4207 827 4264 l'ouli
859 4228 923 4264 corn
956 4210 1031 4285 Aug.
1064 4207 1200 4267 Sabatier
1231 4219 1384 4268 statuatur.
1419 4211 1529 4268 Paulus

285 4283 372 4354 onim,
403 4289 453 4364 qni
484 4287 558 4345 haec
589 4292 687 4346 omnio
711 4292 883 4370 pruciirloro
908 4305 1029 4370 poterat,
1062 4315 1157 4373 neque
1183 4297 1213 4353 in
1238 4296 1365 4354 vinculis
1388 4297 1530 4354 Romanis

286 4366 360 4430 (Col.
386 4377 411 4444 1,
436 4372 490 4453 23)
522 4397 615 4453 nequo
642 4378 725 4434 initio
755 4377 1061 4459 r'llrossnlonieenses)
1093 4385 1222 4440 animum
1255 4381 1458 4462 despondebat
1482 4405 1528 4440 run

287 4465 415 4515 ruentem
438 4461 580 4522 mutabor.

387 4544 486 4604 'rtoic'n
507 4547 583 4629 dein⁶
600 4551 766 4608 criticorum
790 4553 836 4609 rl'.
861 4552 967 4617 (ludet,
985 4555 1093 4614 lllrrist.
1111 4555 1279 4616 llsrsldsen.
1303 4555 1340 4612 N.
1358 4555 1392 4614 F.
1410 4553 1533 4614 Carten-

285 4645 346 4698 sen,
368 4629 408 4688 H.
431 4633 478 4691 W.
502 4637 607 4695 ltinolr.
639 4640 673 4693 tl.
700 4637 866 4696 l'tlrirloror.
900 4643 932 4700 t'.
958 4641 1096 4716 Brnston)
1127 4641 1225 4710 dubia,
1249 4661 1325 4720 quoe
1350 4644 1532 4719 potissimum
