3450 5342
730 489 881 542 ..eyn

148 678 209 724 cst:
232 669 347 723 Paulus
367 669 448 722 enim
469 668 591 736 figurae
612 669 642 722 l'.
658 669 691 724 T.
710 666 741 723 in
762 669 889 725 Christo
909 669 1049 724 erasisse
1068 669 1125 726 hac
1144 670 1274 740 epistola
1294 673 1396 726 osten·

148 739 226 792 dere
247 737 379 792 intendit
398 738 448 792 ref.
469 734 521 793 tx.
543 754 570 792 c.
588 741 623 794 24
642 747 672 793 ct
690 739 788 800 aliosi.

256 807 317 862 Nec
339 807 532 862 Philonimus
553 807 601 862 hic
614 808 676 864 ulla
691 808 809 864 ratione
822 809 989 864 invenitur.
1010 809 1110 864 Verba
1128 809 1218 867 enim.
1236 813 1397 880 daei-geme

149 881 303 944 τῆςῶξηξ
322 877 359 930 ad
381 878 451 931 Sa).
477 876 547 940 vll,
568 880 601 930 25
631 892 696 947 sqq.
720 878 826 947 potius
854 893 949 960 quam
973 877 1011 932 ad
1040 877 1180 933 Philonis
1210 878 1395 934 locutionem

149 948 304 1001 alludunt.
326 947 400 1000 fletu
423 893 562 1000 i'hilonis
583 952 671 1018 ,λόγος
689 953 789 1015 temer
807 947 884 1001 nihil
903 962 1069 1002 «commune
1088 963 1157 1002 cum
1182 947 1259 1002 lleb.
1281 948 1330 1012 IV,
1346 951 1394 1012 12..

109 1072 113 1078 ,
150 1017 205 1070 uhi
231 1017 270 1070 de
290 1017 395 1079 verbo,
425 1017 507 1083 quem
537 1017 755 1084 prophetaret
775 1016 894 1070 ultimis
924 1017 1119 1086 temporibus
1147 1017 1243 1072 Filius
1272 1017 1395 1072 loeutus

149 1093 207 1151 est,
227 1087 332 1146 agitur
351 1086 443 1140 habet
452 1104 459 1150 ;
480 1085 516 1139 cf.
530 1086 621 1140 etiam
639 1086 670 1150 V,
686 1089 726 1141 la.
740 1087 850 1150 Verbo,
865 1087 939 1140 haec
959 1093 989 1140 et
1002 1086 1060 1142 alfa
1073 1087 1223 1155 epistolae
1237 1093 1393 1142 auctorem

148 1171 282 1224 eperum
304 1153 443 1209 Philonis
469 1154 614 1220 ignarum
632 1171 694 1210 non
719 1155 916 1222 missenum
943 1155 1122 1224 plurimum,
1142 1155 1307 1210 ostendere
1328 1173 1397 1226 pos·

150 1233 234 1289 sunt,
248 1241 317 1278 cum
338 1223 415 1277 aliae
428 1223 515 1278 ideae
529 1239 645 1293 eaeque
659 1224 736 1280 setis
749 1225 894 1280 diversae
907 1225 988 1293 apud
1006 1231 1175 1294 utrumque
1194 1225 1396 1284 inveniantur

152 1292 304 1362 Philoque
323 1293 390 1416 ipse
409 1292 484 1347 nihil
504 1294 543 1347 de
562 1293 655 1347 Verbi
676 1299 781 1364 (λάχος)
801 1294 1014 1349 incarnatione
1034 1295 1162 1350 sciverit
1182 1303 1223 1364 tp.
1240 1297 1292 1350 335
1313 1301 1395 1366 sqql.

256 1365 334 1426 Qum
366 1361 592 1428 difficultatem,
611 1379 692 1433 tynae
709 1380 747 1418 ex
766 1364 917 1434 epistolae
942 1364 1025 1434 stylo
1045 1363 1169 1434 petitur,
1195 1364 1312 1432 attinet,
1332 1381 1393 1420 nim

152 1432 253 1488 maior
271 1431 495 1486 dissimilitudo
519 1447 589 1486 cum
617 1432 728 1488 ceteris
756 1433 897 1502 epistolis
928 1433 1061 1488 habetur
1087 1449 1181 1503 quam
1212 1433 1294 1488 inter
1323 1449 1394 1504 apo-

149 1501 301 1570 calypsim
322 1507 353 1556 et
373 1501 422 1555 ll'.
445 1501 563 1568 Evang.
585 1501 659 1556 fieiu
672 1502 758 1557 Pauli
779 1504 882 1573 stylus
903 1519 960 1572 pro
974 1519 1078 1558 rerum
1099 1503 1254 1558 adiunctis
1276 1503 1393 1558 variam

151 1573 237 1627 solih
263 1574 464 1626 mutationem
490 1578 528 1633 et,
553 1586 623 1625 cnm
651 1571 734 1626 nulla
759 1577 871 1654 urgeat
895 1571 1064 1626 necessitas
1090 1603 1122 1612 -
1142 1573 1226 1627 nulla
1254 1573 1335 1628 enim
1357 1572 1397 1627 ad

150 1642 343 1699 iudaizantes
362 1640 474 1694 allusio
493 1639 529 1694 fit
547 1644 586 1708 (tl
610 1671 642 1680 ·-
669 1641 768 1696 maior
786 1641 946 1710 diligentia
970 1641 1000 1696 in
1021 1641 1246 1698 cetiscribenda
1265 1641 1397 1711 epistole

149 1710 290 1766 autumn
310 1717 356 1763 est
378 1719 419 1777 tp.
439 1713 487 1764 att
511 1717 591 1832 stult.

257 1778 476 1834 Difficultatem
497 1794 536 1833 ex
575 1779 598 1843 1,
617 1782 641 1834 3.
661 1780 804 1834 haustam
820 1781 863 1834 sic
879 1780 972 1834 solvit
992 1787 1112 1834 artetur:
1133 1797 1157 1834 s.
1172 1780 1288 1835 Paulus
1303 1781 1396 1836 citato

149 1850 218 1902 loco
237 1865 298 1902 non
319 1849 358 1901 ab
378 1849 528 1916 apostolis
557 1850 611 1902 sed
631 1850 671 1904 ab
691 1850 879 1904 immediatis
907 1851 988 1904 vitae
1016 1849 1138 1904 Domini
1165 1850 1299 1905 testibus
1327 1865 1396 1904 sese

149 1918 316 1979 discernit:
346 1949 370 1958 -
404 1917 494 1972 aliem
521 1917 737 1973 difficultatem
764 1935 802 1974 ex
827 1935 850 1972 c.
879 1918 931 1974 lx.
958 1918 1084 1988 petitam
1116 1921 1159 1974 sie
1190 1919 1295 1974 diluit:
1327 1919 1396 1974 licet

153 1988 314 2053 »danuago
334 1987 432 2040 mesta
452 1986 606 2057 poslanija
627 2002 678 2057 my
699 1988 790 2043 totino
810 1989 1137 2059 morinummontem<
1159 1989 1253 2056 (liurlc
1274 1992 1394 2045 textum

150 2058 233 2112 clare
257 2056 429 2118 intelligere
449 2072 511 2110 non
530 2056 713 2126 possimusl,
741 2057 937 2126 probabilius
964 2063 1067 2114 taenea
1087 2061 1255 2180 θυμικτνὶριον
1274 2073 1336 2112 non
1356 2058 1394 2112 de

151 2126 320 2183 thuribulo,
347 2126 401 2180 sed
421 2126 460 2180 de
479 2126 568 2180 altari
593 2127 807 2196 thymiamatis
835 2126 1054 2197 explicandum
1083 2133 1146 2194 est;
1176 2127 1226 2182 aii
1252 2127 1391 2184 eiusdem

148 2195 260 2264 capitis
280 2195 456 2250 difficultati
475 2211 514 2250 ex
526 2197 544 2250 2
557 2196 626 2251 Par.
641 2196 675 2262 l',
692 2199 732 2251 le.
747 2205 777 2251 et
792 2196 926 2266 loseph,
945 2196 1050 2268 Antiq.
1065 2196 1151 2262 VIII,
1167 2201 1190 2260 t,
1205 2200 1225 2251 l.
1242 2197 1393 2252 medetur.

151 2264 239 2319 luter
258 2265 407 2334 epistolae
425 2272 583 2319 auctorem
603 2271 634 2319 ct
653 2266 835 2336 scriptorem
856 2283 918 2322 neu
946 2267 1024 2322 bene
1047 2265 1222 2336 distinguit.
1243 2265 1292 2321 Sic
1311 2266 1393 2322 enim

149 2341 405 2403 argumentatur:
432 2333 463 2390 Si
483 2334 615 2403 epistola
640 2335 713 2390 haec
732 2352 756 2390 s.
777 2335 864 2391 Pauli
883 2352 945 2390 non
965 2341 1057 2403 esset,
1083 2351 1175 2391 nemo
1201 2340 1308 2404 posset
1327 2335 1394 2392 eius

148 2410 308 2460 auctorem
338 2403 515 2468 nominare;
543 2433 576 2444 -
597 2405 627 2458 id
645 2405 731 2474 qued
749 2405 928 2460 authentice
957 2407 1137 2474 negativum
1170 2409 1391 2475 argumentum

148 2472 269 2528 censeri
287 2479 389 2541 potiist
399 2486 441 2541 tp.
454 2475 533 2538 aaa).
549 2473 626 2528 Dein
641 2475 845 2542 argumentis,
859 2476 976 2545 quihus
992 2475 1065 2528 hacc
1078 2474 1210 2544 epistola
1225 2475 1395 2540 llarnehee,

148 2543 269 2612 Apollo,
290 2557 313 2596 s.
335 2542 442 2607 luteae,
462 2541 597 2608 Silvano,
619 2543 785 2609 Priscillae,
805 2545 935 2614 eiusque
957 2543 1024 2598 viro
1044 2543 1173 2614 Aquilae
1192 2543 1393 2612 adscribitur,

150 2611 295 2736 mactatis
326 2627 393 2666 eam
420 2627 482 2666 non
509 2614 608 2668 solum
630 2629 647 2668 a
668 2614 764 2668 Paulo
797 2619 978 2684 conceptam
1008 2615 1061 2668 sed
1088 2619 1118 2668 et
1144 2613 1292 2682 scriptam
1324 2627 1395 2668 esse

151 2682 183 2737 iu
210 2682 277 2736 icat.

214 2749 220 2756 '
254 2751 369 2805 Verum
389 2750 515 2805 tertium
535 2751 637 2806 adhuc
649 2757 753 2819 restat,
767 2752 806 2806 de
819 2769 883 2821 quo
897 2757 1083 2821 quaeratur,
1104 2783 1126 2790 ·-
1143 2751 1257 2807 etenim
1269 2759 1396 2876 Rraeter

148 2826 319 2887 auctorem,
340 2823 534 2889 scriptorem,
549 2821 692 2875 redactor
705 2837 778 2891 quoe
793 2838 831 2875 ue
845 2822 1002 2876 secundus
1017 2837 1034 2876 a
1049 2821 1164 2887 inultis,
1181 2837 1209 2876 v.
1224 2838 1254 2890 g.
1296 2819 1396 2888 aulen,

150 2890 286 2958 Cornely
307 2891 442 2957 ponitur,
472 2889 562 2958 isque
591 2889 735 2946 Clemens
791 2905 925 2946 omanus
953 2891 1052 2946 fuisse
1080 2896 1163 2946 recte
1192 2895 1329 2960 putatur.
1351 2890 1395 2946 De

148 2961 206 3014 hac
217 2959 423 3030 opinioneant
432 2959 471 3012 de
484 2975 507 3012 e.
517 2959 675 3014 Clemente
684 2959 912 3030 Bogdasevslrij
926 2976 963 3015 ne
976 2963 1162 3016 mentionem
1174 2960 1300 3030 quidem
1311 2959 1396 3015 facit.

257 3027 427 3097 Epistolam
447 3028 577 3083 eaedem
601 3029 716 3084 Romae
735 3045 805 3085 esse
824 3029 973 3098 scriptam
994 3045 1064 3084 cum
1085 3037 1117 3096 ,et
1137 3035 1187 3082 ἀπὸ
1206 3037 1252 3096 τῆς
1271 3033 1393 3096 'futter‘

148 3106 216 3153 tum
238 3097 486 3166 subscriptiones
507 3099 676 3154 multorum
695 3103 900 3169 veterumque
913 3099 1065 3154 codicum:
1087 3105 1198 3170 ,ἐγράφη
1214 3103 1264 3154 ἀπὸ
1277 3099 1394 3168 ‘Reprg‘

148 3167 199 3223 rel
220 3173 332 3238 ,ἐγράφη
351 3173 403 3221 ἀπὸ
421 3171 543 3233 Ἰτοιλίοιςι
563 3167 705 3222 suadent.
732 3167 867 3222 Iudaees
886 3169 917 3223 in
939 3167 1114 3224 Palaestina
1143 3169 1274 3224 lectores
1294 3168 1394 3224 fuisse

147 3238 300 3306 epistolae
326 3242 488 3291 ttttntextus
507 3238 698 3306 persuadere
719 3237 853 3293 ridetur.
874 3237 913 3293 Ut
931 3245 1075 3293 auctores
1094 3237 1262 3293 catholicos
1283 3238 1392 3292 saltem

147 3322 250 3376 aequa
268 3305 428 3360 rationeac
448 3311 658 3376 protestantes
670 3307 898 3377 Begoesevskij
917 3307 1029 3376 alleget
1042 3307 1285 3362 desiderandum
1303 3313 1361 3362 est.

254 3376 291 3430 N.
311 3377 431 3444 Melite:
462 3375 576 3445 MagiJ'a
596 3380 604 3430 i
626 3376 816 3431 koldosstvo
835 3393 855 3431 u
876 3377 1181 3447 assiae-vavilenjan
1207 3377 1265 3435 (De
1293 3377 1395 3446 magia

146 3445 233 3514 apud
255 3445 604 3514 assyrie-Babylonios)
624 3445 657 3507 1.
676 3448 824 3500 eea-427.

254 3515 406 3568 'l'extihus
438 3523 466 3568 et
498 3515 695 3569 ‹tocuoteutis
719 3531 758 3569 ex
787 3531 882 3585 opere
909 3515 1101 3578 ,Gttneiform
1131 3515 1335 3584 inscriptions
1363 3515 1396 3570 ef

149 3585 295 3638 Wcstern
311 3585 393 3639 Asia·
407 3593 484 3637 etex
498 3585 647 3652 operibus
660 3586 850 3639 Leuormant
860 3585 1038 3654 desumptis
1049 3585 1221 3640 doctrinam
1237 3584 1275 3638 de
1294 3584 1395 3655 anagia

146 3654 232 3723 apud
259 3653 595 3722 Assyrio-Babylonios
625 3653 655 3708 in
684 3669 781 3708 unum
814 3661 954 3736 systema
984 3655 1104 3724 redigit.
1138 3653 1303 3734 Singulare
1338 3660 1395 3720 est,

147 3724 234 3792 quod
254 3739 283 3791 p.
302 3725 353 3778 4¹25
372 3723 496 3776 scribit:
526 3723 577 3776 =Ni
608 3723 681 3777 odie
708 3724 807 3778 nerod
830 3723 1011 3804 yazyieskoj
1038 3723 1201 3778 drevnostl
1229 3722 1395 3846 aegopodil

148 3792 219 3846 stol*
248 3793 350 3848 blizko
371 3793 390 3846 k
410 3792 588 3861 hiblejskim
620 3792 896 3862 predstacleuiyam
917 3810 935 3846 o
955 3794 1050 3862 grene
1069 3794 1116 3848 io
1143 3793 1265 3862 neoblyo
1289 3792 1394 3848 imosti

149 3861 330 3985 P⁰k3¹¹i³¹¹ii³
355 3862 363 3914 i
393 3861 554 3932 smircnija
580 3878 598 3915 v
624 3863 692 3916 deli·
720 3862 915 3934 primirenija
935 3879 950 3916 s
971 3863 1163 3930 boiestvom,
1192 3862 1252 3916 kalt
1281 3861 1395 3916 casiro-

149 3948 222 3986 vavr
237 3947 276 3986 on
291 3947 371 3986 ane«

255 3949 289 4055 Al.
309 3999 515 4066 Dmitriecelrh:
543 4000 638 4054 Triod
666 4001 814 4071 Postnaja
825 4029 858 4041 -
870 4001 995 4056 udilisde
1010 4001 1213 4070 blagoceslija
1226 3999 1395 4068 (Triodion,

147 4071 311 4139 speculum
332 4069 479 4124 iustitiae*
499 4069 530 4134 1,
550 4072 696 4124 tal-tlt.
718 4070 796 4126 Cum
817 4071 847 4125 in
862 4071 921 4125 alia
935 4087 992 4126 sua
1007 4071 1162 4125 oratioue:
1186 4068 1297 4124 »Tried
1311 4075 1396 4139 post·

149 4140 221 4209 naja
232 4170 264 4179 -
276 4139 401 4195 ncilisde
415 4139 632 4208 blagecestije‹
648 4143 682 4193 2¹5
697 4154 762 4208 apr.
779 4142 854 4194 1904.
870 4139 909 4194 de
927 4139 1042 4196 ieiunio
1062 4141 1234 4195 secundum
1246 4139 1395 4194 Triodion

146 4210 271 4265 locutus
305 4217 396 4270 esset,
423 4209 475 4262 hic
502 4209 540 4262 de
565 4209 750 4278 ‚precatione
775 4215 805 4262 et
830 4209 1029 4278 poenitentia‘
1063 4225 1099 4264 ex
1123 4208 1231 4263 eedem
1266 4207 1394 4263 Triodio

148 4295 328 4334 sermonem
347 4278 489 4332 instituit.

254 4347 405 4402 adductis
436 4347 474 4401 de
499 4347 676 4416 precatione
705 4356 735 4400 et
763 4346 953 4416 poenitentia
982 4365 1020 4402 ex
1053 4346 1180 4402 Triodio
1211 4353 1258 4401 sat
1288 4346 1395 4402 inultis

148 4418 289 4472 textibus
303 4417 404 4486 iisqne
419 4416 579 4486 paululum
594 4415 763 4486 explicatis,
776 4417 818 4472 ita
831 4417 1003 4472 concludit:
1027 4417 1104 4472 Cum
1119 4415 1261 4472 doctrina
1276 4416 1349 4470 haec
1364 4445 1396 4454 -

147 4503 188 4540 ex
208 4487 336 4541 Triodio
354 4488 542 4555 deprompta
561 4516 595 4526 -
614 4502 637 4540 s.
658 4485 840 4555 scripturae,
860 4501 902 4540 ss.
917 4488 1045 4542 Patrem
1065 4493 1096 4541 et
1116 4486 1303 4556 scriptorum
1324 4484 1396 4540 eccl.

146 4556 299 4625 operibus
315 4555 468 4611 innitetur
483 4570 617 4624 cumque
629 4572 668 4610 ex
681 4556 778 4610 altera
792 4563 880 4624 parte
895 4560 943 4610 sat
962 4555 1089 4626 antiqua
1105 4556 1214 4610 merito
1235 4555 1395 4622 habeatur,

146 4626 256 4680 eadem
277 4632 308 4679 et
327 4627 357 4680 in
378 4631 539 4695 posterum
560 4627 599 4679 ab
618 4624 804 4679 orthodoxis
825 4624 961 4680 firmiter
979 4625 1145 4680 tenebitur.

254 4695 285 4749 P.
321 4698 489 4764 strepentes:
523 4699 585 4818 ary(
619 4694 716 4748 David
753 4694 952 4763 Nascinskij,
996 4694 1102 4748 rektor
1133 4692 1280 4772 llicvskej
1318 4691 1397 4745 Aka-

146 4763 243 4818 demii
265 4765 366 4833 rtoroj
389 4763 538 4833 poleviny
559 4800 570 4818 ι
587 4763 674 4818 VIII.
695 4763 830 4834 stoletija
848 4765 943 4832 (arch.
957 4763 1056 4818 David
1076 4761 1273 4831 Naidinskiy,
1293 4765 1396 4814 rector
