3450 5342
866 422 1054 477 -138-

335 612 457 671 adnotat
492 611 623 670 Kimmel
640 608 691 681 44),
729 610 855 680 ,nxxl
890 613 946 668 viri
978 612 1098 668 nomina
1125 608 1278 679 dederunt,
1313 610 1389 667 iuter
1413 626 1491 685 quos
1517 605 1595 662 VIII

334 700 558 777 archiepiscopi,
591 700 721 777 episcopi
744 711 773 755 et
797 697 1001 775 metropolitae
1033 742 1039 754 .
1067 746 1073 759 .
1106 742 1112 752 .
1143 740 1149 752 .
1181 697 1314 753 ,laetias
1348 692 1597 753 Archidiaeonus

336 786 627 867 Hierosolymitanns
661 806 720 843 non
743 784 836 842 solum
861 805 921 854 suo,
956 783 1007 841 sed
1040 785 1129 841 etiam
1154 782 1353 841 Diaconorum
1376 781 1503 839 nomine
1527 778 1597 838 sub·

335 875 461 951 scripsit,
483 874 555 930 item
570 874 713 949 Agapius,
737 869 873 929 sacerdos
889 882 918 929 et
940 890 1114 929 oeconomus
1130 868 1322 928 Gazaeorum.
1345 867 1521 925 Aderat
1547 888 1565 924 e
1578 887 1597 923 x

336 961 505 1018 Maiore
528 958 978 1017 Russia'l'imotheus
1001 955 1247 1025 monachus,
1271 956 1466 1013 confitens
1493 953 1596 1012 hane

336 1066 433 1105 esse
479 1044 601 1103 tidem
646 1057 687 1103 et
719 1045 906 1103 Russiae
953 1058 994 1101 et
1029 1043 1289 1102 (lrientalis
1334 1041 1597 1113 ceclesiae3

340 1134 724 1191 assensumetiam
760 1127 1452 1209 nominesubscriptopraebuit
1489 1130 1598 1205 Apo·

336 1221 586 1277 crisiarius
609 1219 882 1277 serenissimi
906 1219 1134 1277 llIoscoviae
1161 1217 1422 1294 imperatoris
1447 1214 1596 1272 Alexii

337 1306 534 1384 Iosaphat,
558 1305 821 1375 Hieromonacbus,
843 1303 1088 1363 Archimandrita
1111 1306 1203 1362 sancti
1229 1303 1390 1381 Sepulcrif.

264 1466 267 1469 ἢ
442 1394 489 1451 Ex
513 1392 649 1451 adductis
671 1393 869 1450 monumentis
885 1405 915 1449 et
937 1392 1009 1450 locis
1023 1387 1065 1467 47)
1088 1391 1153 1449 lucc
1176 1391 1282 1449 clarius
1297 1398 1386 1468 patet.
1407 1408 1486 1467 quae
1505 1388 1596 1446 fuerit

336 1482 472 1580 primitus
494 1477 628 1537 doctrina
645 1478 668 1535 lt
656 1480 802 1537 iussorum
825 1476 862 1535 de
886 1498 999 1537 mnene
1017 1477 1157 1536 librorum
1178 1476 1377 1536 sacrorumV.
1388 1476 1447 1535 T..
1472 1496 1525 1533 eos
1550 1496 1597 1533 re-

337 1571 459 1645 cepisse
481 1568 620 1637 tenuisse,
650 1564 836 1643 approbasse
864 1564 1033 1623 defendisse
1056 1564 1182 1623 eundem
1206 1562 1408 1624 canonemV
1431 1562 1478 1631 Τ
1504 1582 1595 1661 quem

337 1653 473 1712 definivit
509 1654 642 1711 Romana
675 1652 838 1710 ecclesia'
832 1673 861 1710 ιιι
886 1652 1011 1711 concilio
1044 1644 1279 1727 iridentin0⁵⁸l
1312 1659 1341 1708 et
1364 1650 1524 1719 Vaticano,
1563 1652 1595 1707 in

341 1740 447 1819 quibus
471 1760 573 1798 omues
596 1739 662 1797 libri
692 1741 817 1813 „integri
842 1760 907 1797 cum
932 1738 1068 1798 omnibus
1091 1741 1150 1797 suis
1164 1736 1297 1816 partibus
1311 1747 1397 1815 prout
1413 1738 1446 1794 in
1462 1737 1595 1795 ecelesia

338 1828 485 1887 catholica
508 1828 567 1901 legi
590 1836 767 1885 consuerant
790 1836 819 1883 et
843 1827 873 1883 in
897 1829 991 1883 veteri
1015 1826 1136 1902 vulgata
1158 1825 1250 1883 latina
1279 1822 1410 1881 editione
1434 1822 1594 1895 habentur,

337 1936 390 1993 pro
413 1916 504 1973 sacris
527 1929 555 1971 et
579 1914 731 1971 canonicis
753 1924 783 1969 et
806 1911 951 1971 divinitus
975 1914 1143 1991 inspiratis*
1169 1913 1360 1989 accipiuntur.

1134 1999 1220 2069 (Pars
1245 1997 1358 2075 reliqua
1382 1996 1548 2074 sequetur.)

932 2137 999 2195 VII.

659 2263 798 2334 Sunt-as
821 2264 928 2332 [attat
952 2262 1263 2333 ssuamotsotmsntt

337 2378 771 2439 Animadversiones
806 2382 1054 2439 nonnullae
1091 2382 1210 2439 circa
1244 2381 1590 2457 optatissimam,

336 2471 377 2525 in
414 2476 507 2525 toto
544 2467 808 2526 christiano
845 2466 957 2536 orbe,
995 2472 1076 2525 una
1113 2467 1353 2544 eademque
1392 2463 1475 2525 die.
1520 2466 1589 2522 Pa-

670 2554 846 2612 acbatis
884 2552 1252 2612 celebrationem.

443 2666 676 2725 Luctuosissima
692 2668 770 2724 iuter
782 2666 969 2725 Christianos
991 2669 1023 2726 in
1046 2666 1197 2745 paschatis
1215 2664 1413 2725 celebratIoue
1430 2663 1583 2736 discordia,

338 2772 397 2811 non
419 2773 522 2832 parum
546 2752 630 2811 affert
652 2752 866 2824 admirationis,
890 2774 927 2811 ne
949 2757 1046 2832 potius
1062 2752 1160 2813 dicam
1176 2752 1318 2823 scandali,
1342 2773 1376 2811 eo
1399 2750 1477 2831 quod
1497 2750 1583 2809 bodie

336 2859 452 2918 quoque
474 2838 505 2897 id
528 2842 656 2911 eveniat,
678 2839 716 2898 de
738 2860 804 2919 quo,
832 2842 863 2898 in
887 2842 989 2919 primis
1013 2840 1173 2905 aChristo
1196 2840 1330 2911 saeculis,
1354 2838 1509 2897 Ecclesiae
1532 2838 1582 2895 lilii

338 2946 436 2984 amare
453 2926 726 3005 conquerebantur:
750 2926 828 3005 quod
852 2928 934 3001 baec,
958 2927 1080 2999 scilicet,
1103 2926 1251 2986 discordia
1270 2926 1473 2985 Christianam
1498 2924 1582 2983 fidem

337 3011 466 3072 ludibrio
489 3034 548 3072 non
571 3012 752 3072 credentium
776 3023 946 3093 exponeret.
969 3014 1105 3091 Longum
1130 3014 1204 3072 foret
1228 3012 1373 3092 valdeque
1397 3016 1583 3071 inamoenum

337 3098 374 3158 de
397 3102 493 3158 causis
514 3100 667 3171 disserere,
695 3120 771 3179 qnae
792 3113 977 3179 praesentem
1000 3100 1057 3159 hec
1080 3102 1111 3159 in
1135 3122 1165 3158 re
1189 3098 1388 3159 conditionem
1412 3098 1584 3172 attuleruut;

337 3206 392 3245 nec
415 3197 514 3266 posset
529 3187 584 3245 boc
606 3188 678 3258 fieri,
695 3189 767 3266 quin
782 3208 922 3265 praesens
938 3186 1127 3259 elucubratio,
1150 3197 1287 3266 exparte
1307 3186 1420 3253 saltem,
1444 3186 1583 3264 politicen

338 3275 475 3351 attingat.
519 3274 618 3333 Satius
640 3274 711 3333 hinc
740 3286 811 3352 puto
834 3278 913 3333 viam
945 3276 1020 3332 inire
1043 3274 1269 3345 conciliationis,
1300 3271 1389 3351 idque
1413 3293 1473 3331 non
1502 3273 1582 3351 quasi

338 3359 452 3439 aliquid
482 3363 551 3420 novi
583 3381 601 3419 a
630 3382 678 3419 me
707 3363 908 3438 excogitatum
939 3360 1137 3440 proponendo,
1175 3358 1228 3419 sed
1258 3359 1296 3418 ad
1325 3360 1476 3418 Nicacnos
1507 3362 1582 3438 ipsos

336 3447 442 3506 Patres
458 3448 632 3525 simpliciter
647 3447 841 3526 provocando.
865 3450 1020 3526 Stuporem
1033 3448 1134 3506 forsan
1149 3468 1215 3507 mea
1226 3447 1283 3505 bac
1296 3445 1386 3505 verba
1404 3446 1583 3518 excitabunt,

338 3554 372 3592 eo
397 3533 475 3612 quod
498 3536 612 3594 cunctis
635 3536 802 3608 innotescat
825 3537 1004 3614 ipsissimam
1020 3536 1219 3594 Nicaenorum
1235 3535 1356 3592 Petrum
1381 3536 1583 3592 auctoritatem

337 3621 407 3679 hinc
426 3618 495 3679 inde
516 3632 578 3679 tum
594 3643 612 3680 a
624 3620 747 3680 Graecis
767 3634 828 3679 tum
845 3642 863 3679 a
875 3623 991 3681 Latinis
1004 3624 1167 3701 aequaliter
1179 3623 1324 3681 invocaris
1348 3619 1385 3677 ab
1402 3620 1450 3677 bis
1466 3619 1581 3698 quidem

337 3705 375 3764 ad
398 3709 604 3784 gregorianam
635 3707 783 3787 paschalis
805 3712 934 3787 computi
965 3712 1174 3769 correctionem
1197 3705 1425 3776 defendendam,
1466 3706 1582 3789 abillis

337 3814 416 3865 vero,
450 3791 488 3851 ad
511 3793 637 3853 eandem
667 3797 775 3853 acriter
798 3793 1038 3872 impugnandam.
1084 3796 1150 3853 Hoc
1173 3815 1219 3853 me
1243 3815 1302 3853 uon
1332 3794 1418 3868 letet3
1459 3793 1583 3853 cessabit

338 3888 438 3937 tamen
455 3893 556 3958 stupor
578 3903 644 3940 cnm
661 3882 805 3940 nonnulla
826 3880 1003 3940 documenta
1018 3891 1048 3939 et
1064 3882 1143 3941 facta
1158 3883 1190 3940 in
1206 3880 1335 3939 medium
1359 3879 1494 3943 attulero.
1510 3900 1581 3960 quse

340 3977 477 4026 accurata
510 3968 634 4027 fontium
670 3970 781 4040 critice,
819 3970 975 4046 postremis
1010 3968 1090 4027 bisce
1124 3966 1313 4070 temporibus,
1351 3966 1400 4025 vel
1432 3965 1582 4046 deperdita

340 4050 504 4124 adinvenit,
542 4053 590 4110 vel
613 4074 692 4113 nova
714 4055 780 4113 luce
804 4055 988 4113 collustravit
1011 4066 1039 4113 et
1064 4058 1148 4113 novis
1171 4058 1266 4135 iisque
1289 4052 1479 4115 solidioribus
1503 4074 1582 4131 argu·

339 4141 447 4196 mentis
477 4138 635 4197 roboravit
681 4141 803 4200 Arridet
830 4142 903 4198 mibi
928 4162 995 4219 spes
1018 4140 1094 4219 quod
1120 4162 1156 4200 ex
1180 4162 1279 4201 eorum
1303 4144 1539 4219 cognitione—
1559 4142 1581 4199 si

341 4232 441 4282 tamen
458 4224 488 4282 id
504 4229 665 4303 continget,
688 4238 720 4285 ut
735 4229 800 4305 ipsa
815 4228 963 4304 generalis
987 4238 1015 4287 et
1031 4230 1113 4305 quasi
1139 4229 1288 4307 popularis
1304 4226 1466 4287 evadat
1426 4248 1582 4306 magna

340 4323 479 4389 exsurget
496 4313 573 4372 inter
589 4313 775 4373 Christianos
791 4314 988 4391 displicentia,
1013 4335 1049 4372 ne
1065 4314 1161 4373 dicam
1186 4313 1397 4380 erubescentis,
1421 4313 1481 4373 de'
1475 4316 1581 4373 imatio-

337 4440 436 4447 ---
447 4443 471 4447 ..-

390 4442 620 4601 epitimam,
638 4496 757 4550 Menum.
777 4496 824 4552 fid
842 4498 864 4551 1
867 4514 920 4567 p
938 4499 998 4555 488

392 4566 429 4635 4)
448 4566 511 4620 Non
531 4565 649 4621 exhausi
666 4581 763 4621 omnes
780 4540 875 4622 fontes
887 4568 1015 4632 rutsicos,
1035 4570 1101 4636 «pria
1119 4570 1269 4637 praecipue
1281 4568 1456 4637 antiquatoree
1475 4568 1578 4621 litterae

442 4636 622 4705 theologicae
639 4634 705 4688 mihi
724 4652 779 4689 non
798 4642 880 4691 erant
898 4646 1020 4707 praesto.

393 4703 430 4773 48)
449 4704 496 4760 IV
517 4704 600 4770 Sese,
619 4702 665 4759 dte
683 4704 708 4758 8
727 4706 796 4775 Apr
815 4707 893 4761 1846.
