3450 5342
663 483 704 492 -
730 451 790 508 ent
819 483 855 494 -

130 633 355 702 quaestionem
386 632 562 688 illustravit.
593 632 810 688 Communiter
831 633 946 714 »patris
975 633 1162 701 spiritualis«
1193 633 1333 689 officium
1354 634 1385 689 in

129 702 268 771 antiqua
287 701 415 756 eeclesia
434 718 472 756 ex
492 703 670 772 presbyteri
689 702 918 772 poenitentialis
937 702 1133 758 institutione
1152 702 1331 767 derivatum
1351 732 1384 743 -

130 771 210 826 hnic
231 771 369 840 opinioni
399 771 546 826 Smirnov
568 787 636 826 sese
655 773 794 841 opponit.
822 773 1001 828 Secundum
1020 787 1092 828 eum
1119 772 1262 842 sequenti
1289 773 1383 828 modo

130 856 188 894 res
210 855 280 894 sese
301 841 451 896 habebat:
473 845 517 908 l-
532 843 557 894 A
579 839 664 896 vocis
685 841 904 911 terininologia
923 847 1020 909 (πατὴρ
1044 845 1225 909 πνευματικός)
1244 841 1388 898 exeundo

129 910 353 980 ‹praestionem
383 909 601 965 illustrandam
622 925 692 966 esse
711 911 784 966 dicit
804 915 850 978 m)
874 911 906 979 a)
928 917 1028 978 onacho
1046 918 1232 978 campariaco
1254 919 1385 981 apparet

131 980 242 1048 prima
262 979 328 1034 vice
347 979 376 1034 iu
397 979 576 1034 litteratura
597 979 646 1033 Ivi
668 981 790 1046 saeculi,
817 980 977 1050 usquead
997 980 1162 1036 dimidium
1183 980 1236 1036 lxi
1257 979 1387 1044 saeculi;

135 1048 342 1114 significabat
370 1055 473 1104 autern
504 1064 565 1104 non
596 1050 788 1105 sacerdotem
819 1049 1039 1120 paenitentiam
1069 1049 1273 1120 excipientem
1299 1057 1330 1105 et
1348 1051 1388 1104 ab

132 1117 288 1188 episcopo
316 1118 502 1188 delegatum,
523 1118 577 1174 sed
599 1118 771 1188 simplicem
803 1120 988 1176 monachum
1010 1119 1077 1190 (qui
1096 1119 1305 1174 communiter
1324 1135 1386 1174 non

132 1195 205 1243 erat
226 1189 395 1259 sacerdos),
414 1203 506 1256 quern
528 1187 632 1242 iunior
652 1189 822 1244 monachus
842 1197 878 1244 ut
897 1189 1035 1244 suumin
1052 1189 1148 1243 rebus
1168 1189 1386 1258 spiritualibus

135 1256 351 1311 consiliarium
364 1265 394 1311 et
407 1255 576 1312 antistitem
591 1257 735 1338 eligebam
753 1259 783 1324 b)
797 1262 886 1339 pater
899 1258 948 1313 hic
962 1257 1144 1328 spiritualia,
1156 1257 1226 1313 licet
1240 1258 1388 1312 sacerdos

135 1343 201 1382 min
223 1325 325 1388 luerit,
345 1325 572 1382 contessionem
593 1343 641 1382 sur
661 1325 806 1396 discipuli
825 1327 1000 1396 excipiebat
1018 1334 1048 1382 et
1066 1329 1106 1382 ab
1125 1327 1273 1382 omnibus
1292 1326 1385 1382 etiam

135 1396 296 1450 canonicis
323 1395 456 1465 peccatis
483 1395 587 1464 ipsum
617 1397 1000 1460 absolvebat30tfaetu1n
1031 1397 1088 1452 hoe
1116 1397 1264 1451 Smirnov
1291 1413 1329 1451 ex
1349 1412 1386 1452 eo

136 1465 281 1536 exprimat,
301 1466 385 1587 Ἣιιοιί
405 1464 578 1534 antiquitus
608 1466 750 1522 monachi
779 1465 1023 1521 charismatibus
1043 1465 1201 1536 pollebant
1220 1472 1250 1521 et
1269 1482 1308 1520 ex
1327 1467 1386 1520 hoc

137 1534 279 1604 generali
307 1550 390 1588 tono
418 1534 641 1590 charismatum
671 1536 762 1590 etiarn
793 1536 925 1606 speciale
945 1535 962 1590 i.
981 1551 1006 1590 e.
1025 1535 1143 1590 donum
1163 1535 1349 1590 absolvendi
1368 1551 1387 1589 a

138 1603 274 1673 peccatis
299 1604 498 1670 derivabant;
527 1606 560 1670 d)
581 1604 692 1660 Praxis
712 1605 786 1659 haec
805 1605 898 1660 etiam
918 1605 1000 1659 iuter
1019 1605 1195 1660 saeculares
1216 1609 1388 1674 propagata

139 1673 295 1743 temporis
317 1688 465 1728 successu
484 1674 516 1728 in
530 1679 593 1730 tola
613 1674 740 1728 ecclesia
759 1674 902 1741 (Graeca)
918 1673 1108 1729 universalis
1122 1674 1202 1730 lacta
1220 1672 1388 1728 confessio

141 1759 204 1813 que
224 1743 307 1812 apud
330 1743 499 1797 monachos
519 1742 598 1797 iacta
617 1743 807 1798 eoniessioni
826 1743 1051 1798 ecclesiasticae
1071 1743 1202 1798 suffecta
1222 1750 1277 1798 est.

246 1829 420 1894 Midioen:
442 1829 659 1884 Professor
680 1829 937 1900 lloskovskoj
959 1829 1166 1900 Duhovnoj
1182 1829 1384 1884 Akadentii

138 1899 435 1980 P.S.Kazanslrij
454 1899 553 1979 lego
569 1899 1165 2022 perepislrasarhiepislropom
1187 1899 1388 1966 Platonem

143 1969 244 2036 (l'rol.
265 1969 490 2022 lloscovrensrs
510 1969 580 2023 eccl.
600 1969 784 2024 Acacemrac
806 1969 837 2024 P.
858 1969 1048 2039 Kazansllrrt.

247 2057 281 2110 A.
303 2041 434 2120 C'ireckii:
465 2054 490 2109 O
509 2055 720 2110 cerkovno
726 2056 736 2126 j
764 2055 941 2110 relorme
967 2055 1011 2110 De
1029 2053 1175 2110 eeclesiae
1195 2053 1389 2110 relorrnatio·

141 2137 190 2187 net
213 2124 254 2190 ΙΙ,
273 2126 419 2180 lta-loc.
446 2124 490 2179 De
510 2125 651 2180 virorum
681 2123 931 2194 intelligentium,
959 2140 1040 2195 qnos
1059 2128 1180 2189 vocant,
1199 2124 1238 2178 ab
1258 2123 1387 2178 ecelesia

143 2193 376 2256 abalienatione,
396 2194 426 2248 id
442 2194 675 2249 observandum
690 2209 760 2250 esse
775 2201 884 2250 auctor
897 2194 980 2249 dicit:
1001 2193 1205 2250 hierarchiam
1223 2192 1387 2248 Russicam

143 2271 248 2318 censet
277 2271 371 2318 totam
401 2263 545 2318 ecclesiae
575 2263 828 2319 reformationem
848 2263 881 2318 in
901 2279 957 2319 sna
978 2279 996 2318 a
1015 2269 1167 2334 potestate
1195 2262 1279 2316 civili
1305 2263 1390 2317 inde-

143 2333 311 2456 Yernlcntia
339 2339 370 2387 et
397 2332 428 2387 in
457 2347 610 2388 canonum
640 2332 877 2388 resuscitatione
896 2333 1076 2388 consistere.
1105 2335 1221 2387 Auctor
1251 2347 1326 2386 vero
1345 2331 1388 2386 al-

156 2403 250 2457 irmat
278 2402 375 2457 solam
403 2417 556 2456 canonum
584 2403 854 2458 resuscitationem
883 2404 914 2457 in
935 2403 1086 2458 hodierno
1107 2418 1211 2457 rernm
1234 2407 1317 2456 statu
1339 2415 1388 2455 ne-

145 2488 204 2541 que
233 2471 339 2526 utilem
368 2487 469 2541 neque
498 2471 679 2540 possibilem
700 2487 784 2526 esse:
805 2487 876 2527 nam
906 2472 1092 2540 praesertim
1122 2487 1226 2526 mores
1255 2487 1326 2525 esse
1346 2486 1391 2524 re·

146 2541 337 2596 formandos.
357 2541 433 2596 Ideo
453 2557 561 2608 nexus,
581 2542 635 2611 qui
654 2541 736 2596 inter
755 2541 915 2611 antiquam
936 2549 964 2596 et
986 2548 1139 2596 recentem
1167 2541 1327 2595 ecclesiam
1350 2539 1392 2594 ri·

146 2627 219 2682 gere
238 2612 337 2676 <lohet
358 2609 388 2664 in
409 2627 445 2665 eo
466 2611 588 2679 positus
608 2611 648 2666 sit
668 2625 795 2666 necesse
814 2617 871 2676 cst,
890 2620 925 2665 ut
943 2611 1089 2680 antiquae
1108 2611 1254 2665 ecclesiae
1276 2609 1340 2664 vita
1360 2613 1390 2662 ct

148 2680 286 2750 spiritns,
306 2696 367 2734 non
389 2681 490 2734 littera
509 2680 540 2735 in
562 2679 745 2734 mernoriarn
767 2684 941 2735 reversetur.

252 2771 280 2820 ,l
312 2768 438 2821 lictor-id:
472 2767 620 2822 ÷Zalron
652 2766 768 2835 Boiij,
800 2765 954 2835 pravila
986 2765 1392 2835 gosudarstvennaja,

151 2836 413 2905 blagonravic
439 2837 447 2890 i
469 2836 699 2891 literatura
727 2853 745 2889 v
766 2835 946 2890 soznanii
966 2835 1178 2904 dnhovnyh
1198 2849 1392 2889 cenzorov

150 2905 263 2975 epohi
288 2905 532 2960 Aleksandrn
553 2905 576 2959 1.
606 2905 698 2967 birex
728 2904 842 2970 divina,
872 2905 970 2959 codex
989 2903 1120 2973 imperii,
1148 2904 1247 2959 ethica
1267 2909 1297 2958 et
1315 2903 1393 2957 litte·

149 2983 268 3030 ratur-a·-
291 2975 373 3044 apnd
394 2975 619 3030 ecclesiasticos
639 2989 785 3029 censores
805 2975 941 3098 epochae
954 2974 1121 3028 Alexandri
1136 2973 1174 3038 Ι.)
1192 2974 1226 3035 ΙΙ.
1246 2975 1393 3029 lili-5⁴29.

251 3043 381 3100 Kotovic
409 3044 448 3098 de
476 3043 660 3099 censoribus
690 3043 819 3098 Alexan(
833 3043 858 3098 ri
888 3045 900 3098 Ι
935 3059 1045 3099 eorum
1074 3042 1186 3112 agendi
1217 3043 1310 3098 modo
1337 3057 1393 3096 nec

148 3129 207 3168 nrm
227 3114 266 3168 de
286 3129 394 3168 eornm
424 3113 550 3182 regulis,
583 3114 754 3168 secundnm
784 3129 864 3193 quas
892 3128 988 3182 opera
1016 3113 1242 3236 approbabant,
1271 3117 1391 3165 tractat.

151 3183 292 3250 chulae.
324 3183 441 3252 ‹pribus
469 3198 616 3238 censores
646 3182 676 3236 in
706 3182 914 3237 diiudicandis
943 3182 1031 3264 operi
1057 3197 1094 3236 us
1123 3181 1322 3250 regebantur,
1350 3181 1390 3234 ad

149 3259 303 3320 quattuor,
322 3268 402 3321 <lune
421 3253 452 3306 in
472 3252 593 3306 articuli
613 3258 846 3316 enumerantur,
867 3251 972 3307 reduci
993 3258 1136 3320 possunt.

253 3322 374 3387 hlorlus,
393 3339 456 3392 quo
476 3322 577 3391 prima
592 3322 699 3402 regula
713 3321 744 3376 in
759 3321 880 3391 praxim
901 3321 1123 3386 deducebatur,
1144 3335 1201 3387 pro
1217 3317 1393 3387 theologiae

150 3388 180 3444 in
201 3389 314 3446 Russia
334 3391 519 3456 evolutione,
540 3407 644 3460 magni
666 3391 815 3448 momenti
834 3398 891 3446 est.

259 3479 285 3532 l'.
313 3477 473 3544 Javorslil:
511 3479 810 3548 Prepodaranie
848 3475 1092 3547 pedagogiki
1128 3492 1146 3529 v
1181 3475 1392 3543 duhovnyh

141 3547 351 3618 ,seminarii
364 3553 408 3616 ah
444 3549 653 3617 (Paedagogia
681 3547 712 3602 in
740 3546 957 3603 ecclesiasticis
976 3544 1164 3601 serninariist
1186 3542 1229 3609 ΙΙ,
1246 3543 1393 3598 iilo-632.

154 3616 286 3682 illodunr,
306 3633 369 3686 quo
383 3618 575 3687 paedagogia
587 3617 618 3672 in
633 3617 809 3672 seminariis
824 3623 982 3681 tractatur,
997 3615 1069 3670 crisi
1084 3613 1198 3669 subicit
1212 3619 1394 3682 statumque

153 3686 361 3756 paedagogiae
380 3687 501 3742 tristem
522 3703 592 3741 esse
611 3687 693 3742 dicit.

252 3773 280 3827 S.
311 3759 340 3830 S.
372 3773 584 3843 Sobranijn
621 3773 857 3843 pedagogos
895 3773 1052 3841 tluhovn
1090 3775 1107 3839 h
1146 3767 1287 3825 otiliae
1326 3767 1397 3822 llo-

154 3859 168 3896 s
179 3843 271 3898 hors
283 3843 344 3912 koj
366 3842 520 3912 eparhii
542 3841 732 3910 (consessus
744 3842 999 3912 paedagogorum
1010 3787 1290 3896 ecciesiasrieorum
1306 3839 1395 3891 scho-

154 3912 249 3966 larum
272 3912 407 3966 lloseov.
428 3912 592 3973 dioecesis)
612 3911 646 3980 ΙΙ,
666 3914 813 3968 ott-652.

250 3987 513 4080 S.S.Skol‘nyj
543 4014 695 4068 vopros
719 3994 1394 4076 naprorisohornyllsoveiiranijalr

153 4067 309 4134 (Quaestio
329 4069 367 4122 de
388 4068 501 4122 studiis
520 4069 551 4123 in
572 4068 710 4123 consiliis
731 4066 1023 4136 antcsynodahbus)
1044 4068 1085 4133 ΙΙ,
1105 4067 1254 4122 osa-663.
1293 4065 1395 4133 Expo-

155 4137 229 4206 sitis,
248 4153 328 4208 quae
347 4138 379 4192 in
399 4139 601 4196 consessibus
622 4137 827 4208 synodalibus
841 4135 881 4190 de
894 4135 1008 4189 studiis
1022 4143 1225 4206 peraguntur.
1239 4133 1396 4189 concludit

153 4221 231 4260 nunc
244 4223 306 4261 non
326 4223 396 4261 esse
416 4215 541 4277 tempus
561 4217 678 4278 aptum,
700 4216 732 4261 ut
753 4206 876 4260 scholae
889 4205 1114 4262 ecclesiastieae
1132 4204 1278 4261 lultditus
1297 4203 1396 4258 reior-

156 4283 284 4341 menlur,
302 4307 337 4316 -
356 4277 387 4332 in
409 4277 564 4346 praesenti
585 4283 705 4346 tanturn
727 4276 860 4331 maiores
881 4274 1021 4330 etelectus
1040 4275 1245 4346 corrigendos
1264 4288 1343 4328 esse.

257 4365 284 4419 Ρ.
312 4361 487 4430 Flormskii:
509 4363 534 4418 Ο
560 4363 669 4433 ῐίρεῂ
690 4359 971 4428 vitarastanija
990 4361 1047 4428 (De
1067 4360 1231 4430 speciebus
1250 4373 1397 4428 progres-

156 4432 261 4500 sionis)
291 4431 333 4488 ΙΙ.
360 4434 506 4488 sao-568.
537 4431 724 4499 Florenski',
751 4431 902 4500 explicata
917 4429 1145 4488 ‚mathematica
1171 4429 1238 4495 lege
1269 4428 1307 4482 de
1326 4443 1396 4506 pro-

155 4502 321 4572 gressione,
349 4503 506 4572 quandam
533 4517 602 4557 (rum
625 4503 681 4556 hnc
711 4517 767 4568 epe
788 4499 1022 4555 similitudinem
1044 4499 1075 4553 in
1095 4498 1284 4566 perfectione
1305 4496 1401 4564 spirl-

155 4571 223 4626 tuali
245 4571 327 4636 (nisu
347 4587 414 4627 enm
435 4571 639 4642 adipiscendi)
658 4569 792 4625 inveniri
812 4570 979 4624 ostendere
999 4567 1117 4622 nititur.

1082 4653 1119 4707 n.
1139 4650 1366 4722 narnensem
