3450 5342
683 373 875 430 -351-

150 563 226 619 bilis
249 571 279 619 ct
301 581 461 638 numquam
485 557 682 638 exsequenda.
716 561 784 618 Erit
805 581 875 636 ergo
900 569 968 620 tunc
991 560 1091 618 utilius
1114 563 1145 618 in
1171 559 1227 618 liei
1250 580 1348 618 amore
1372 573 1402 617 et

153 662 344 727 pcccatorum
366 646 562 705 detestatione
584 667 701 725 prorsus
723 647 868 725 occupari.
898 648 967 706 Non
990 655 1034 704 θεῖ
1057 667 1127 724 ergo
1149 647 1225 705 alius
1248 659 1329 706 actus
1353 665 1403 703 ue·

149 738 327 794 cr¹ssarius.·'
355 735 508 807 Suarez,
531 734 578 791 De
601 732 681 812 bapt.
703 732 778 812 disp.
802 737 853 809 ⁶27,
876 755 898 792 ε.
922 736 949 804 2,
974 755 1001 792 n.
1025 736 1053 792 8.

271 815 312 903 Ο)
341 821 480 892 ,Nullum
503 829 548 880 est
571 819 795 880 fundamentum
817 820 856 878 ad
879 819 1085 899 requirendum
1109 818 1277 880 huiusmodi
1300 839 1403 897 propo·
1468 865 1470 868 .

154 912 246 968 situm
270 908 444 986 explicitum
468 953 474 964 .
498 954 504 964 .
528 953 534 964 .
578 908 657 965 Nam
687 908 736 965 vel
765 907 822 964 hoc
844 910 1024 986 propositum
1048 909 1212 985 requiritur,
1247 909 1317 985 quia
1340 907 1402 964 sine

156 997 210 1054 illo
234 1016 294 1053 non
315 1005 412 1073 potest
434 993 537 1052 haberi
559 1014 631 1052 vera
660 996 813 1067 contritio,
848 1003 878 1052 et
901 995 956 1052 hoc
979 1003 1024 1052 est
1047 994 1160 1064 falsum,
1194 995 1264 1072 quia
1286 994 1402 1052 etiamsi

152 1085 225 1161 qais
255 1102 314 1140 non
343 1079 511 1140 recordetur
541 1101 679 1159 expresse
703 1081 905 1153 confessionis,
936 1090 1033 1159 potest
1055 1079 1164 1138 habere
1188 1100 1289 1159 omncs
1312 1087 1402 1150 actus,

151 1190 230 1247 quos
253 1167 493 1246 supradiximus
516 1168 656 1246 perlicere
678 1169 893 1238 contritionem,
925 1170 995 1246 quia
1025 1167 1107 1225 nulla
1129 1176 1174 1226 θεῖ
1196 1169 1400 1245 repugnantia,

152 1270 188 1315 ct
210 1258 304 1332 gratis
326 1254 473 1313 diceretur
491 1255 589 1329 Deum
612 1275 671 1313 non
694 1254 765 1313 dare
787 1257 914 1332 gratiam
937 1257 1115 1313 excitantem
1140 1253 1189 1311 vel
1211 1253 1401 1312 adiuvantem

155 1343 356 1401 necessariam
378 1341 417 1399 ad
439 1342 506 1400 illos
529 1351 619 1412 actus,
642 1343 701 1400 nisi
722 1341 845 1400 habenti
869 1342 1014 1400 actualem
1037 1342 1207 1399 memoriam
1231 1349 1261 1398 et
1281 1341 1403 1398 formale

153 1428 338 1488 desiderium
369 1427 570 1487 confessionis.
605 1429 661 1486 Vel
691 1431 849 1507 requiritur
876 1427 931 1486 hoc
955 1435 1063 1500 votum,
1095 1435 1125 1486 ut
1148 1428 1283 1506 suppleat
1305 1428 1400 1484 ricem

157 1518 346 1586 sacramenti,
380 1515 472 1574 veluti
497 1514 602 1580 ,dando
632 1517 758 1593 gratiam
788 1536 826 1574 ex
856 1535 943 1594 opere
974 1525 1093 1592 operato
1125 1512 1172 1592 [cf.
1196 1515 1404 1582 Sohttzler,

156 1602 378 1662 Wirksamkeit
400 1601 453 1660 der
476 1603 665 1660 Sacramenta
687 1602 705 1675 ,δ
729 1601 801 1681 25];
834 1613 864 1659 et
888 1602 941 1660 hoc
972 1611 1016 1660 est
1045 1603 1164 1660 omnino
1189 1600 1303 1674 falsum,
1335 1603 1405 1679 quia

158 1690 338 1761 laetificatio,
362 1707 437 1767 quae
453 1690 547 1747 solum
562 1689 595 1746 fit
610 1709 663 1768 per
677 1698 893 1747 sacramentum
909 1691 941 1746 in
956 1699 1033 1760 voto,
1057 1697 1172 1746 tantum
1194 1688 1227 1746 fit
1250 1709 1288 1746 ex
1308 1686 1406 1766 dispo·
1427 1763 1430 1768 ,

158 1779 268 1835 sitione
298 1779 464 1854 operantis,
498 1797 593 1855 neque
624 1775 665 1833 ibi
689 1775 837 1834 confertur
866 1775 927 1834 ulla
957 1777 1053 1852 gratia
1083 1774 1313 1833 sacramentalis.
1348 1771 1406 1832 l'el

158 1865 326 1941 requiritur,
349 1864 420 1940 quia
435 1883 494 1921 non
510 1862 619 1922 sufficit
635 1862 672 1921 ad
688 1863 935 1921 iustificationem.
960 1861 1069 1920 Euhoe
1085 1871 1129 1920 est
1148 1863 1268 1920 omnino
1287 1861 1404 1930 falsum,

158 1952 231 2028 quia
254 1950 298 2006 illi
321 1951 491 2007 contritioni
513 1970 629 2028 semper
651 1960 696 2008 θεῖ
717 1952 875 2008 coniuncta
897 1951 1018 2026 gratia.“
1057 1951 1209 2020 Suaroz,
1244 1948 1290 2006 lle
1321 1950 1406 2026 poen.

156 2037 237 2114 disp.
264 2039 312 2114 17,
334 2057 356 2093 ε.
382 2038 409 2108 3,
434 2057 461 2094 n.
485 2039 513 2096 9.

273 2135 320 2220 D)
346 2141 568 2199 Concilium
597 2140 879 2200 'l'ri'dcntiuum
909 2138 995 2198 docet
1026 2141 1102 2198 ὃθεε.
1135 2141 1183 2210 14,
1213 2158 1257 2216 cp.
1288 2141 1316 2208 4,
1349 2159 1407 2196 noa

157 2248 226 2286 csse
249 2226 438 2286 tribuendam
468 2230 670 2286 remissionem
702 2229 815 2306 peccati
846 2229 902 2306 ipsi
926 2227 1095 2284 contritioni
1127 2227 1191 2284 sine
1220 2233 1288 2283 voto
1312 2245 1407 2284 sacra·

161 2316 263 2385 menti,
292 2312 393 2392 quod
415 2316 454 2372 in
477 2315 552 2373 illa
574 2314 818 2382 includitur:
842 2335 914 2372 rora
936 2315 1026 2391 igitur
1048 2315 1192 2382 contritio,
1216 2314 1240 2370 si
1264 2312 1332 2370 talia
1356 2323 1407 2381 est,

161 2399 289 2459 includit
311 2401 367 2458 lroc
392 2410 503 2473 votum,
527 2401 644 2460 dixerat
658 2413 755 2460 auteur
772 2401 859 2479 paulo
883 2415 970 2458 antea
986 2399 1064 2458 idem
1081 2399 1238 2458 concilium
1253 2396 1290 2456 ad
1308 2419 1408 2456 veram

162 2489 371 2545 contritionem
402 2490 474 2547 satis
508 2509 572 2546 θεεθ
602 2487 828 2547 detestationem
858 2508 923 2545 cum
955 2488 1103 2566 proposito
1137 2484 1276 2544 servandi
1310 2488 1410 2544 omnia

163 2573 313 2632 mandata.
348 2573 393 2632 Cf.
417 2575 561 2634 Suarez
584 2575 657 2633 ibid.
874 2581 875 2584 ’

274 2673 321 2759 Ε)
347 2663 394 2736 ij
416 2690 589 2756 argumenta
610 2679 644 2738 P.
672 2674 707 2738 1⁰
729 2678 827 2736 allata.

268 2785 315 2839 Ad
335 2787 359 2838 1.
381 2785 476 2840 >Sane
489 2786 635 2841 voluntas
653 2790 702 2840 θεῖ
720 2785 851 2840 facultas
866 2782 996 2838 tendens
1016 2781 1048 2835 in
1062 2782 1189 2846 borram,
1209 2795 1288 2850 quae
1303 2784 1406 2849 potest

159 2853 328 2922 quodlibet
351 2855 468 2910 bonum
488 2856 639 2924 amplecti,
665 2857 725 2910 sub
744 2853 884 2924 qualibet
908 2853 1027 2906 ratione
1055 2851 1083 2904 ei
1102 2851 1141 2906 ab
1161 2849 1316 2904 intellectu
1337 2865 1406 2918 pro-

165 2930 311 2990 ponatur:
338 2924 395 2978 hoc
413 2929 461 2979 est
480 2925 617 2993 primum
637 2931 667 2980 et
687 2927 821 2979 maxime
843 2920 1008 2976 essentiale
1028 2919 1197 2985 voluntati;
1224 2918 1405 2988 ecquidem

166 3001 228 3046 non
247 2992 350 3063 diligit
362 2992 423 3047 nisi
442 2995 586 3064 quodcst
605 2996 722 3049 bonum
737 3008 841 3057 suum;
862 2991 918 3046 sed
939 2994 966 3056 a)
986 2995 1108 3044 nonest
1122 3003 1257 3055 necesse,
1278 2993 1311 3043 ut
1331 2987 1407 3042 illud

164 3061 276 3131 <litigat
304 3063 364 3117 sub
392 3063 449 3118 hac
475 3063 600 3118 formali
626 3063 754 3130 ratione,
781 3066 937 3132 quatenus
957 3068 1005 3114 est
1034 3060 1150 3114 bonum
1180 3073 1282 3113 suurn.
1317 3058 1356 3112 Et
1375 3073 1409 3112 re

165 3132 293 3200 quidem
315 3148 396 3200 vera,
418 3134 443 3187 si
463 3133 494 3187 id
514 3149 641 3188 necesse
660 3133 748 3200 toret,
773 3138 845 3186 tunc
864 3131 977 3185 laisum
1000 3133 1083 3183 θεεθῖ
1103 3127 1294 3182 voluntatem
1316 3141 1410 3196 posse

166 3201 243 3256 terri
267 3201 299 3256 in
318 3217 549 3272 quamcumque
574 3203 726 3258 rationem
748 3201 837 3267 boni;
866 3201 895 3282 b)
916 3199 999 3254 Deus
1021 3203 1179 3268 spectatus
1205 3202 1239 3251 ut
1258 3201 1306 3251 cst
1324 3197 1355 3276 ia
1377 3212 1410 3250 se

169 3271 280 3338 bonus,
299 3278 347 3325 θεῖ
357 3271 459 3326 adhuc
469 3288 594 3342 quoque
607 3273 725 3327 bonum
736 3271 916 3336 voluntatis,
932 3267 1080 3323 nimirum
1093 3271 1187 3336 prout
1198 3270 1245 3320 θεῖ
1257 3270 1410 3320 terminus

163 3345 254 3395 actus
269 3340 448 3405 voluntatis,
467 3341 521 3411 qui
541 3348 627 3396 actus
641 3347 671 3397 et
685 3340 929 3396 honestissimus
949 3345 997 3392 θεῖ
1017 3344 1046 3393 et
1060 3334 1280 3392 suavissimus:
1301 3335 1411 3389 hones·

168 3409 319 3478 tissimus,
339 3409 413 3480 quia
432 3426 501 3465 cum
522 3411 668 3466 voluntas
688 3411 729 3466 sit
742 3411 824 3465 lacta
842 3415 972 3478 propter
989 3408 1088 3462 Deum
1109 3407 1289 3475 bonumque
1309 3405 1409 3459 cuius·

168 3495 228 3548 que
249 3486 386 3546 naturae,
404 3479 536 3549 ideoque
555 3486 585 3535 et
604 3479 782 3547 voluntatis
802 3479 914 3534 debeat
934 3475 1045 3532 reterri
1063 3477 1094 3530 in
1114 3473 1247 3546 gloriam
1260 3474 1323 3540 Dei,
1344 3489 1411 3543 per·

168 3549 279 3604 suadet
298 3549 386 3617 ratic,
405 3557 440 3608 ut
459 3550 603 3605 voluntas
630 3550 731 3620 magis
750 3550 886 3618 gaudeat
910 3548 948 3601 de
974 3547 1056 3601 bono
1078 3546 1131 3600 Dei
1156 3559 1250 3615 quam
1270 3543 1411 3623 debono

169 3633 237 3684 suo;
257 3624 308 3672 θεῖ
327 3618 537 3674 suavissimus
551 3626 647 3688 actus,
666 3619 739 3689 quia
758 3617 920 3674 delectatio
940 3614 1144 3684 consequitur
1158 3615 1224 3668 sive
1244 3617 1411 3668 comitatur

170 3687 382 3756 operationem
402 3689 565 3744 honestam
581 3695 611 3744 ct
626 3688 762 3744 maxima
780 3686 944 3743 delectatio
965 3685 1100 3740 maxime
1120 3684 1282 3738 honestam
1303 3697 1411 3751 opera·

171 3757 310 3810 tionem:
339 3757 535 3826 Palmieri,
562 3759 606 3813 De
625 3774 714 3828 poen.
733 3758 776 3812 th.
795 3759 837 3823 22,
858 3757 893 3811 X.
921 3755 1000 3808 Item
1021 3770 1059 3808 ex
1079 3752 1271 3823 experientia
1290 3755 1411 3806 constat

170 3841 264 3894 posse
279 3827 436 3882 hominem
447 3829 621 3896 perfectum
640 3828 792 3882 amicitiae
806 3840 944 3881 amorem
957 3825 1072 3878 habere
1092 3837 1167 3893 erga
1180 3821 1257 3876 alios
1270 3825 1301 3875 et
1315 3821 1412 3875 multo

172 3895 272 3965 magis
300 3911 376 3977 erga
400 3897 509 3952 Deum.
543 3898 620 3952 »Nec
645 3898 726 3952 enim
753 3896 853 3950 idest
882 3893 1040 3948 moraliter
1067 3890 1263 3961 impossibile
1291 3890 1412 3970 ratione

169 3965 371 4033 praelationis
399 3966 530 4021 aliorum
553 3969 718 4031 bonorum3
744 3981 816 4020 nam
837 3968 941 4034 potest
968 3964 1060 4018 horno
1083 3963 1187 4018 animo
1214 3975 1341 4014 omnmo
1361 3974 1414 4083 pa·

171 4038 238 4088 cato
257 4034 396 4090 divinam
417 4036 587 4090 bonitatem
607 4037 814 4102 considerare,
843 4033 919 4103 quin
939 4032 1019 4088 ullae
1038 4030 1225 4087 tentationes
1245 4034 1299 4084 aut
1317 4029 1363 4084 ati
1375 4031 1414 4083 io·

169 4102 271 4158 tiones
290 4105 426 4159 actuales
446 4105 477 4159 in
497 4106 579 4160 bona
597 4110 700 4162 creata
723 4121 794 4160 eum
814 4108 944 4158 avocent
965 4118 981 4157 a
1003 4101 1057 4156 Dei
1076 4116 1207 4156 amore«
1238 4098 1413 4169 Ripalda,

173 4173 216 4226 De
235 4177 305 4228 ente
325 4189 451 4242 supera.
470 4175 489 4229 l.
508 4177 532 4236 5.
551 4175 631 4244 disp,
650 4178 709 4242 114,
729 4190 752 4229 ε.
775 4176 815 4240 16,
836 4189 865 4228 n.
887 4174 945 4228 153.

277 4243 441 4298 Praeterea
468 4259 506 4299 ex
531 4244 730 4299 damnatione
759 4243 895 4298 thesium
921 4245 954 4298 23
974 4242 1013 4296 ab
1033 4238 1215 4295 Innocentio
1235 4237 1305 4292 XII.
1332 4237 1413 4291 iacta

173 4310 247 4365 illud
267 4311 393 4382 quidem
415 4314 566 4383 sequitur,
586 4313 724 4368 caritatis
743 4313 852 4368 habitu
872 4316 1004 4381 actuque
1023 4309 1114 4380 quasi
1139 4307 1257 4363 unico
1276 4321 1415 4387 amorem

173 4380 340 4450 suiipsius
359 4383 538 4438 ordinatum
558 4399 621 4437 uon
640 4383 775 4452 positive
794 4382 933 4446 excludi;
962 4379 1088 4435 minime
1109 4393 1184 4434 vero
1204 4380 1348 4446 sequitur
1367 4389 1413 4429 oa·

175 4450 275 4504 ritatis
294 4457 397 4506 actum
417 4451 449 4506 ri
469 4453 578 4507 motivi
598 4452 658 4507 sibi
673 4452 792 4522 proprii
811 4467 875 4507 non
895 4450 1071 4520 praecisum
1092 4461 1161 4502 esse
1181 4448 1357 4523 arespeqtu
1376 4442 1415 4498 ad

173 4519 349 4575 felicitatem
369 4522 539 4592 propriam,
559 4522 608 4577 vel
623 4522 705 4578 hunc
723 4522 762 4576 ad
777 4537 834 4576 nos
855 4526 1032 4590 respectum
1053 4522 1122 4572 actu
1137 4515 1189 4570 tali
1209 4513 1417 4592 essentialiter

174 4589 297 4644 includi.
318 4591 426 4661 Neque
444 4591 618 4648 exactibus
638 4591 793 4647 eiusmodi
807 4590 945 4645 caritatis
960 4588 1085 4657 saepius
1106 4583 1295 4666 repetitis
1315 4587 1416 4638 oritur

175 4659 322 4727 paulatim
349 4665 450 4716 status
477 4661 527 4716 ille
546 4662 585 4716 ab
605 4661 788 4717 Innocentio
814 4663 955 4730 negatae,
985 4658 1099 4726 inquo
1126 4660 1165 4710 srt
1188 4657 1308 4708 tantum
1328 4667 1417 4707 amor
