3450 5342
876 324 1067 382 ..ιιι-

347 503 480 627 Ειιξιίἓιι,
495 517 579 628 tquim
598 502 685 560 iuxta
706 519 738 558 se
758 513 929 570 currentes,
949 505 1066 560 unllam
1086 506 1174 561 forte
1196 506 1243 560 de
1265 520 1308 558 se
1326 503 1467 558 invicem
1484 502 1601 556 notitiam
1668 538 1670 575 ,

371 589 387 626 a
413 589 428 627 e
453 589 513 628 an.
1668 600 1669 625 ;

453 641 625 698 Consilium
643 641 859 698 ministrorum
880 659 949 698 curn
965 641 1121 712 capitibus
1142 643 1331 713 potcstatis
1353 641 1601 696 administrativa

348 718 489 766 extremo
502 726 584 766 anno
599 713 666 768 1904
680 711 718 766 ad
742 713 1010 768 »deliberationem
1031 713 1217 782 propriant«
1238 721 1480 774 convenerunt,
1498 718 1528 764 ut
1545 725 1603 775 spes

348 779 449 836 edicto
469 779 622 850 imperiali
641 781 680 836 de
701 785 775 838 1212
793 786 826 838 04
846 782 1001 837 exhibitas
1022 783 1121 836 multo
1136 781 1280 852 negotio
1302 781 1487 850 implerent.
1507 780 1603 833 Praeci-

349 865 410 920 pua
439 850 580 920 quaestio
608 851 653 905 eis
683 852 741 906 fuit
768 853 806 907 de
835 860 918 908 secta
951 851 1169 906 ›Rasltolnilth
1204 852 1309 916 dicta,
1344 867 1432 920 quae
1460 859 1603 919 postquam

349 919 471 990 publice
496 919 649 988 discessit,
675 935 692 976 a
712 921 950 990 magistratibus
973 928 1004 976 et
1028 920 1153 989 legibus
1186 921 1338 975 trrrrltum
1362 922 1542 975 vexabatur.
1568 918 1604 970 ld

349 1003 443 1060 quam
459 989 631 1044 sessionem
646 991 812 1056 Antonius,
833 991 1028 1060 metropolita
1044 991 1328 1060 PetropolitanuS,
1352 991 1510 1045 excellens
1522 989 1605 1042 erudi·

350 1061 433 1114 tione
458 1065 488 1114 et
507 1059 640 1128 ingenio,
666 1059 782 1115 ascitus
802 1061 870 1116 fuit.
896 1061 1092 1129 Quamquam
1113 1061 1165 1115 ille
1186 1061 1386 1116 libertatem
1419 1058 1604 1114 eonscientiae

350 1127 496 1196 defendit,
526 1135 628 1183 tamen
657 1130 889 1186 concessionem
918 1129 1139 1184 »Raskolnnis
1174 1129 1370 1184 faciendam
1393 1129 1457 1198 ipsi
1481 1127 1605 1182 ecclesias

351 1198 544 1254 orthodoxae
563 1198 711 1254 iniustam
732 1215 767 1253 ac
787 1199 992 1269 periculosam
1013 1199 1079 1252 foro
1099 1199 1295 1254 declaravit.

457 1267 568 1322 Comes
588 1267 626 1322 de
642 1267 743 1334 Witte,
763 1270 816 1338 qni
836 1269 1033 1338 praesidebat
1045 1276 1073 1322 et
1086 1269 1230 1336 praesuli
1242 1267 1486 1328 consentiebat,
1507 1283 1563 1319 rem
1576 1265 1605 1317 al

351 1339 573 1416 imperatorem
594 1338 720 1392 rettulit.
741 1337 803 1394 Sua
818 1339 964 1393 maiestas
983 1337 1054 1392 dein
1067 1337 1205 1393 culidem
1225 1337 1477 1408 metropolitam
1494 1337 1606 1400 benigne

351 1405 505 1462 invitavit:
534 1413 583 1462 »ut
602 1407 640 1462 de
660 1407 863 1478 petitionibus
889 1417 917 1462 et
938 1407 1102 1463 desideriis
1133 1407 1344 1463 hierarchiae
1371 1407 1492 1463 certior
1509 1407 1595 1460 fieret.

353 1475 514 1530 Praelatus
541 1477 685 1546 pluribus
714 1477 863 1532 adhibitis
888 1478 966 1532 iuris
989 1477 1128 1532 cationici
1157 1478 1421 1546 professoribus
1447 1475 1607 1531 academiae

354 1544 612 1614 Petropolitauae,
632 1547 813 1616 imperatori
835 1555 908 1617 post
926 1547 993 1600 dies
1012 1547 1135 1616 aliquos
1154 1547 1307 1602 libellum
1328 1547 1511 1618 supplicem
1531 1544 1608 1598 dedit.

458 1615 544 1678 Quae
569 1617 642 1670 dum
665 1631 681 1670 a
702 1615 942 1686 magistratibus
966 1621 1111 1685 aguntur,
1137 1617 1252 1671 eadem
1281 1617 1441 1687 quaestio
1460 1617 1501 1670 de
1525 1615 1605 1668 nefor·

354 1683 468 1739 manda
488 1685 636 1756 religione
655 1685 714 1740 iatn
735 1685 827 1741 ctiam
850 1701 866 1740 a
887 1686 1158 1755 presbyteratum
1179 1687 1287 1741 lucem
1310 1687 1427 1742 editur

457 1755 640 1810 Sacerdotes
659 1755 740 1812 onim
762 1771 896 1811 numero
913 1758 955 1821 32,
974 1771 1084 1810 ‹atnnes
1106 1756 1354 1825 Petropolitani.
1383 1757 1417 1811 in
1439 1755 1525 1810 foliis
1542 1768 1608 1822 qnae

359 1823 552 1895 aberkovnyj
581 1825 723 1880 Vestnik·
755 1833 877 1892 vocant,
905 1825 1015 1894 placita
1040 1840 1098 1879 sua
1128 1825 1183 1879 »de
1215 1827 1420 1880 necessitate
1455 1823 1609 1879 mutandae

352 1894 591 1964 gubernationis
610 1893 755 1950 ecclesiae
768 1895 932 1950 hassione«
955 1894 1211 1964 divulgaverunt.
1234 1895 1279 1950 Hi
1294 1894 1445 1966 praesuli
1467 1910 1526 1949 sno
1544 1892 1611 1947 litte·

353 1979 405 2019 ras
432 1964 598 2034 supplices,
627 1971 734 2035 postea
761 1964 848 2032 shv.
880 1966 988 2031 editas,
1016 1965 1055 2018 de
1079 1964 1189 2019 eadem
1222 1981 1258 2019 re
1289 1967 1434 2034 insuper
1459 1964 1610 2018 dederam.

359 2034 432 2091 ›Per
449 2034 512 2088 duo
526 2035 585 2088 iam
608 2035 754 2096 saecula«,
774 2034 816 2088 ita
830 2034 874 2089 illi
897 2034 991 2088 >siluit
1003 2033 1157 2088 eeclesia..
1179 2033 1342 2104 Regimen
1358 2043 1462 2104 atque
1478 2047 1608 2101 magnam

354 2103 416 2158 vim
438 2103 643 2174 reipublicae
667 2104 705 2158 ad
727 2105 868 2159 internas
889 2119 939 2157 res
957 2103 1103 2158 ecclesiae
1122 2103 1264 2158 radicem
1294 2119 1370 2159 esse
1392 2104 1537 2158 omnium
1559 2116 1608 2154 ma·

354 2174 470 2238 lorum;
496 2175 661 2243 episcopos
687 2189 703 2228 a
731 2189 780 2228 ma
804 2173 970 2229 istratibus
995 2172 1139 2228 civilibus
1158 2173 1243 2242 eligi,
1272 2173 1459 2242 transponi,
1487 2170 1608 2240 deponi:

355 2257 378 2297 s.
399 2242 554 2313 synodum
576 2259 593 2298 a
614 2243 768 2309 gubernio
782 2191 935 2307 {ortnarh
958 2243 1045 2312 ipsos
1065 2243 1228 2311 postulare
1248 2245 1310 2298 has
1330 2244 1374 2297 ob
1389 2257 1508 2298 causas
1527 2240 1611 2293 conri-

356 2313 430 2368 lium
450 2313 604 2382 generale,
625 2329 698 2368 vere
717 2319 956 2382 repraesentans
976 2313 1146 2366 ecclesiam.

460 2383 546 2446 littae
565 2383 604 2438 de
624 2399 685 2438 una
705 2384 761 2438 hac
781 2399 814 2438 re
833 2398 851 2438 a
869 2382 981 2437 hlartio
1000 2381 1158 2450 usquead
1179 2381 1313 2436 lunium
1331 2384 1402 2436 1905
1424 2380 1609 2450 prodierunt.

356 2453 503 2507 volumen
523 2453 671 2522 amplum,
690 2455 743 2508 600
762 2469 790 2514 ι).
810 2453 974 2508 continens
993 2451 1173 2506 constitunt.

459 2523 614 2576 Antonius
634 2523 665 2577 in
681 2523 785 2578 libello
806 2539 842 2578 su
868 2521 954 2577 erius
974 2522 1133 2576 nominato
1148 2520 1303 2574 maiorem
1326 2519 1420 2589 petiit
1441 2519 1606 2573 libertatem
1668 2530 1669 2543 ³

355 2597 385 2645 et
397 2591 671 2660 independentiam
686 2608 703 2646 a
716 2539 881 2663 gubernio
901 2598 934 2648 ut
947 2592 1050 2646 clerus
1068 2591 1107 2645 ad
1123 2605 1189 2644 rem
1213 2590 1378 2659 publicant
1394 2588 1609 2664 administran-

356 2661 427 2716 dam
449 2661 675 2728 admitteretur,
701 2663 836 2732 denique
856 2668 891 2717 ut
910 2666 1083 2716 conventus
1103 2659 1263 2729 generalis
1291 2667 1360 2714 tutn
1383 2659 1460 2715 cleri
1482 2665 1546 2712 tunt
1566 2656 1607 2733 lat·

355 2745 463 2854 coriam
484 2739 710 2787 convocaretur
726 2733 765 2787 ad
784 2733 920 2787 actuales
935 2731 1100 2800 utriusque
1116 2729 1287 2798 potestatis
1302 2728 1520 2783 necessitates
1538 2726 1609 2779 crdt·
1668 2752 1669 2761 ι

358 2815 419 2854 nan
444 2815 487 2854 as.

462 2869 520 2924 Illo
544 2875 686 2938 tempore
711 2871 803 2926 etiam
824 2870 862 2924 de
883 2868 985 2932 Witte.
1013 2867 1151 2923 nescitur
1169 2873 1279 2922 utrum
1307 2882 1367 2937 per
1392 2881 1428 2921 se
1453 2881 1496 2920 an
1513 2864 1607 2920 libello

357 2937 400 2991 illi
413 2939 539 2992 Antonii
556 2947 668 3007 motus,
686 2941 744 2994 »De
758 2940 871 2994 actuali
884 2939 1030 2994 ecclesiae
1041 2937 1191 2992 Russicae
1203 2943 1308 2992 statu·
1325 2935 1471 3006 spripsit,
1486 2935 1607 3058 proSius

357 3021 451 3129 ssuam
473 3008 540 3076 ipse
559 3009 717 3088 praelatus
737 3009 878 3078 petitioni
898 3008 1096 3063 sacerdotum
1113 3007 1277 3061 accedens
1298 3006 1433 3061 Praeter
1452 3004 1522 3070 alta,
1541 3003 1605 3058 'lud

388 3077 569 3147 ostoevskyr
599 3083 639 3132 »A
664 3084 804 3147 tempore
824 3078 908 3133 Petri
935 3078 974 3132 ll.
999 3075 1157 3132 ecelesiam
1186 3075 1378 3130 Russiacam
1405 3090 1443 3130 ea
1479 3073 1607 3144 paralysi

358 3145 518 3200 laborare«
535 3162 626 3202 suum
641 3147 767 3216 faciens
788 3147 995 3218 patriarcham
1010 3146 1123 3202 abhinc
1142 3161 1206 3200 non
1219 3145 1325 3201 fuisse
1339 3150 1437 3214 caput
1449 3143 1604 3214 personale

360 3214 469 3270 scribit
488 3216 542 3270 sed
559 3217 691 3272 nonnisi
710 3218 830 3272 consilii
844 3218 1057 3287 permanentis
1094 3215 1259 3270 raesidem.
1281 3213 1360 3284 lpse
1372 3229 1503 3284 quoque
1514 3227 1607 3268 costes
1668 3254 1669 3257 ,

359 3284 523 3340 concilium
551 3286 696 3356 postulat,
722 3287 762 3342 ad
787 3288 872 3357 quod
898 3302 1008 3341 omnes
1029 3232 1173 3341 meiiores
1200 3284 1288 3340 vires
1315 3300 1356 3340 ex
1377 3285 1462 3339 clero
1482 3290 1515 3338 et
1531 3282 1606 3336 laicis

358 3365 600 3426 congregentur.
628 3359 669 3411 »Α
692 3357 818 3413 dnobus
845 3356 1003 3423 saeculis«,
1027 3355 1128 3426 inquit
1149 3353 1252 3410 »siluit
1270 3354 1423 3420 ecclesia;
1451 3369 1514 3408 non
1532 3351 1606 3406 audi·
1668 3368 1669 3373 ¹

359 3424 465 3479 vimus
485 3441 592 3479 vocem
613 3426 696 3493 eius;
723 3441 826 3482 nonne
846 3433 971 3496 tempus
990 3433 1046 3492 est,
1069 3424 1113 3479 illi
1131 3439 1241 3479 aurem
1261 3424 1509 3480 accommodare
1531 3432 1560 3477 et
1576 3421 1607 3475 de

359 3493 411 3547 illa
441 3493 600 3562 sciscitari,
627 3495 702 3565 quid
722 3496 837 3566 cogitet
855 3497 894 3551 de
913 3496 1024 3562 forma,
1049 3509 1142 3564 quam
1162 3499 1271 3548 contra
1303 3509 1400 3548 suam
1426 3494 1606 3548 voluntatem

360 3577 498 3632 suasque
519 3564 702 3621 traditiones
721 3582 738 3620 a
758 3581 846 3621 sacra
865 3565 1049 3635 antiquitate
1069 3561 1286 3629 transmissas
1309 3563 1471 3633 accepit‘b

440 3633 592 3712 'Interim
612 3635 864 3702 Pobedonoscev,
894 3641 1080 3705 procurator
1099 3646 1270 3701 supremus
1298 3648 1323 3686 s
1346 3632 1480 3701 Synodi,
1507 3635 1606 3686 timens

360 3715 447 3770 opert
468 3703 552 3758 Petri
573 3704 607 3758 N.
633 3708 672 3760 ab
691 3705 881 3775 imperatore
900 3703 1081 3774 impetravit
1102 3701 1297 3756 mandatum:
1328 3703 1494 3757 »Tollatur
1512 3717 1559 3755 res
1576 3699 1606 3753 de

358 3770 489 3826 consilio
510 3773 726 3830 ministrorum
745 3791 781 3830 ac
799 3775 1010 3829 transferatur
1028 3773 1067 3827 ad
1088 3788 1111 3826 s.
1131 3771 1324 3839 Syncdum.‹

466 3842 526 3898 Sed
547 3844 596 3898 hic
616 3849 755 3915 supremi
781 3844 995 3914 procuratoris
1019 3847 1180 3897 extremus
1200 3848 1338 3896 conatus
1364 3843 1407 3897 ad
1428 3841 1552 3896 irritum
1570 3855 1606 3893 re·

361 3911 471 3967 dactus
491 3919 546 3968 est.
577 3915 654 3970 Nam
682 3931 705 3970 s.
726 3913 883 3985 Synodus,
910 3911 1107 3968 sessionibus
1134 3913 1185 3975 15,
1212 3911 1262 3977 18,
1290 3913 1334 3965 22.
1363 3911 1474 3967 Martii
1500 3910 1607 3967 habitis.

363 3981 501 4103 libtellum
524 3985 694 4106 sgplplicem
722 3991 752 4039 et
774 3985 954 4040 relationem
982 3997 1039 4052 pro
1058 3979 1209 4049 religione
1229 3980 1445 4037 reformanda
1471 3981 1511 4037 ad
1530 3981 1608 4049 impe

363 4064 398 4104 ra
413 4065 499 4105 orem
520 4067 536 4105 e
560 4068 569 4106 1
594 4053 624 4108 it.

470 4119 676 4190 Insequentes
691 4139 741 4177 res
754 4124 895 4192 politicae
909 4122 1088 4185 effecerunt,
1109 4125 1144 4174 ut
1156 4117 1366 4186 quaestiones
1386 4122 1471 4177 istae
1483 4123 1523 4177 dc
1535 4121 1608 4190 ephe

274 4201 275 4204 ’
366 4187 549 4256 meridibuS,
564 4190 594 4244 in
609 4193 835 4260 publicationes
850 4192 1049 4261 theologicae,
1062 4189 1180 4257 quibus
1194 4186 1319 4242 excellit
1331 4189 1467 4258 Russia,
1477 4190 1608 4262 paulatim

365 4257 544 4312 transirent.

469 4327 601 4384 Ineunte
615 4345 696 4385 anno
711 4335 777 4387 1900
796 4333 914 4400 prodiit
933 4329 1069 4384 maximo
1086 4327 1181 4382 totius
1195 4325 1261 4380 fere
1281 4326 1348 4382 cler
1382 4345 1459 4385 curn
1475 4331 1609 4401 applausu

366 4394 526 4466 catalogus
541 4399 653 4453 electos
668 4401 838 4471 designans
853 4402 891 4455 ad
905 4399 1068 4455 eonsilium
1083 4398 1226 4452 futurum
1242 4401 1524 4466 praeparandum.
1541 4400 1611 4455 Inter

365 4479 446 4544 quos
475 4467 565 4522 etiam
596 4469 735 4524 ntmnulli
765 4468 1031 4539 archipresbyteri
1057 4473 1086 4520 et
1112 4465 1314 4536 professores
1346 4466 1431 4530 laici.
1463 4467 1610 4527 clarissimi

366 4540 448 4589 inter
468 4538 645 4607 scriptores
667 4539 830 4594 habentur.

470 4607 535 4662 Iam
559 4624 633 4662 vero
660 4611 760 4678 tnagis
780 4609 810 4662 in
831 4609 898 4663 dies
919 4622 1044 4676 semper
1062 4604 1190 4659 ecclesia
1215 4604 1402 4662 orthodoxa
1430 4607 1466 4664 iu
1488 4611 1554 4680 ipsa
1570 4622 1612 4662 sm
