3450 5342
730 454 737 477 ⁸
807 460 1003 518 -296-

283 672 302 709 a
331 648 464 730 patribus
494 650 703 709 ecclesiasticis
735 650 856 728 allegati
888 668 1048 728 numquam
1079 646 1118 706 ed
1147 645 1349 707 confirmanda
1380 644 1528 723 dogmata

285 736 338 797 sed
368 746 483 797 tautum
514 757 627 795 morum
657 739 754 815 gratia
784 735 963 795 adhibentur
997 735 1034 812 (e.
1065 755 1107 812 gr.
1137 733 1176 792 ad
1205 730 1529 793 commonefaciendum

283 825 485 903 poeniteutiae
500 822 642 902 agendae,
658 821 870 883 removendum
893 844 911 881 u
932 820 1136 901 peccatoribus
1150 830 1205 879 etc.
1227 818 1307 901 apud
1321 817 1529 895 Clementem),

284 932 344 970 nou
367 919 399 969 ut
419 912 598 983 testimonia,
621 910 726 989 quibus
750 930 821 969 vere
850 930 915 969 esse
938 911 1074 988 exposita
1101 907 1297 979 confirmetur,
1332 905 1384 966 sed
1405 915 1529 985 utputa

285 1000 421 1076 propriae
445 996 497 1075 (ec.
520 992 683 1078 scriptoris)
713 998 893 1077 expositioni
916 995 1065 1055 edinncta
1098 995 1184 1053 Talis
1205 1015 1275 1053 usus
1303 993 1447 1052 librorum
1469 1012 1529 1051 uon

286 1088 494 1144 canonicorum
517 1104 576 1143 una
599 1103 663 1144 cum
687 1086 838 1143 canonicis
870 1093 950 1142 certe
979 1102 1167 1161 nequequam
1196 1089 1322 1141 testatur
1347 1082 1527 1159 promiscuos

285 1170 403 1231 habitos
426 1191 490 1229 esse
514 1171 567 1231 hos
591 1180 620 1229 et
641 1170 709 1229 illos
732 1173 803 1249 quin
817 1170 960 1229 librorum
982 1171 1029 1227 vis
1052 1168 1091 1228 od
1113 1188 1209 1227 mores
1224 1166 1394 1227 formandos
1417 1167 1527 1225 munti-

283 1267 434 1337 tetemque
457 1256 595 1317 alendam
617 1256 697 1316 idem
719 1278 779 1316 nou
802 1268 847 1317 est
869 1265 959 1335 atque
981 1276 1082 1315 eornm
1103 1253 1239 1314 absoluta
1260 1256 1398 1314 ueritas.“

387 1344 451 1403 Alii
475 1344 512 1403 de
533 1344 675 1403 librorum
698 1365 757 1403 non
780 1346 989 1403 canonicorum
1017 1344 1189 1401 auctoritate
1212 1342 1373 1401 Russorum
1395 1339 1527 1415 theologi

283 1430 387 1489 eadem
410 1434 543 1490 sentiunt
566 1442 616 1490 eut
640 1452 698 1489 uon
721 1441 889 1509 repugnant
900 1426 965 1508 101).

360 1616 532 1688 slavorum
557 1616 815 1687 tterltloualtuu
840 1616 1083 1687 cethcllccrou
1109 1614 1284 1701 llturqlcue
1308 1612 1448 1699 lluqoae.

567 1728 626 1797 (tt
644 1728 855 1799 quaestionem
873 1727 913 1786 ta
930 1727 1050 1787 saltate
1062 1725 1240 1797 ltturstae.)

869 1851 947 1917 VIII.

387 1958 498 2015 Fontes
521 1956 675 2017 historicos
698 1959 835 2035 liturgiae
848 1957 1167 2036 Glagolito-Romauae
1183 1954 1253 2014 inde
1269 1977 1287 2013 a
1302 1954 1392 2015 XIII.
1407 1954 1524 2014 saeculo

282 2043 369 2103 nobis
390 2045 423 2101 in
446 2044 582 2122 syllogen
611 2043 813 2122 redigentibus
844 2044 995 2123 complura
1024 2063 1103 2102 nove
1131 2044 1180 2101 vel
1210 2035 1369 2123 hucusque:
1391 2062 1452 2100 nou
1472 2061 1523 2119 pro

284 2133 388 2189 merito
411 2138 519 2203 curate,
542 2139 737 2189 occurrerunt.
760 2129 844 2207 Quae
862 2132 983 2209 linguae
998 2130 1130 2189 slavicae
1145 2132 1177 2188 in
1195 2130 1224 2188 S.
1238 2129 1376 2205 Liturgie
1390 2129 1524 2187 Renum

280 2215 351 2275 inde
374 2236 393 2274 a
414 2216 505 2277 XIII.
528 2217 643 2276 saeculo
666 2226 696 2275 et
719 2238 776 2295 quo
799 2220 861 2276 iure
884 2219 1044 2295 viguerint,
1067 2215 1239 2275 clarandum
1262 2213 1347 2273 nobis
1374 2216 1524 2293 proposui-

280 2323 353 2373 mus,
383 2302 437 2361 illa
466 2301 503 2361 de
533 2322 621 2362 causa
649 2306 814 2383 praecipue,
845 2302 924 2383 quod
954 2304 1029 2363 haec
1059 2305 1192 2383 quaestio
1226 2322 1344 2380 prorsus
1374 2302 1523 2379 hucusque

280 2390 417 2467 neglecte
434 2398 498 2557 1qst3
522 2388 592 2449 dum
615 2411 661 2449 res
684 2411 736 2469 pro
759 2393 905 2449 anteriore
928 2398 1026 2449 aetate
1048 2392 1109 2448 iem
1132 2390 1191 2448 alio
1213 2389 1278 2447 loco
1301 2390 1421 2466 incepta
1438 2407 1522 2466 porro

278 2484 421 2536 tractetur
463 2525 468 2537 .

276 2628 299 2692 I.
323 2625 496 2711 Linguae
518 2626 625 2711 apud
642 2626 776 2695 Slavos
793 2628 1065 2701 Moridt'ooalee
1083 2627 1174 2694 todo
1196 2646 1222 2693 α
1238 2625 1348 2693 XIII.
1371 2624 1520 2692 soeculo

689 2732 732 2799 tn
755 2732 877 2799 sacris
901 2730 1113 2798 adhibitae.
1144 2724 1148 2729 ’

383 2858 409 2913 1.
445 2856 599 2932 Liugna
638 2859 864 2931 e'loveuiea
888 2878 964 2937 qnae
1006 2867 1036 2916 et
1068 2856 1378 2936 palaeoslavice
1421 2874 1439 2913 a
1473 2854 1523 2915 SS.

278 2938 393 3019 Cyrillo
416 2950 445 2999 et
460 2940 613 3003 Methodio
628 2947 660 3003 in
676 2946 705 3003 S.
720 2946 887 3023 Liturgium
907 2944 1037 3016 inducta,
1060 2946 1175 3021 origine
1190 2952 1277 3002 tenus
1291 2952 1355 3000 eret
1376 2940 1520 3000 diciamus

275 3025 407 3103 vulgaris
438 3026 630 3089 Macedonica
660 3030 947 3109 (Thessalonicensis
955 3031 982 3108 Ρ)
1006 3030 1056 3089 vel
1076 3031 1261 3102 Pannonica,
1274 3024 1302 3106 ²)
1329 3048 1406 3107 quae
1436 3026 1520 3086 brevi

277 3121 344 3190 post
365 3115 398 3175 iu
420 3133 475 3173 usu
502 3120 649 3175 communi
671 3138 735 3177 esse
758 3118 855 3191 desiit,
880 3128 910 3177 et
932 3119 1010 3177 iuter
1032 3118 1150 3195 linguas
1173 3125 1321 3175 emortuas
1344 3116 1442 3174 cessit

383 3201 411 3257 2.
434 3200 588 3279 Lingua
618 3204 833 3263 SlavouIca
855 3205 906 3263 vel
927 3202 1339 3282 Glugolitocroatica,
1362 3201 1400 3261 ab
1423 3209 1521 3260 extra·

280 3285 1519 3370 neislinguaDalmeticaHieronymianaIllyricumlitterale

278 3373 368 3430 etiam
392 3374 548 3452 appellata,
571 3378 603 3433 in
627 3378 655 3435 S.
671 3377 838 3455 Liturgiam
855 3380 983 3436 Romani
1005 3378 1092 3436 Ritus
1115 3386 1234 3454 recepta
1252 3377 1285 3434 in
1304 3375 1455 3448 Slavouia,
1472 3375 1519 3433 vel

277 3458 399 3537 Illyrico
411 3459 596 3533 occidentali,
607 3462 646 3520 ab
657 3463 718 3522 illis
731 3464 857 3523 Slavicie
869 3464 993 3543 populis,
1010 3465 1061 3542 qni
1076 3462 1237 3521 hodiedum
1250 3462 1381 3533 Sloveui,
1394 3461 1520 3519 Oroatae

278 3542 422 3625 Serbique
445 3546 590 3619 dicuntur,
620 3548 763 3609 dialectus
792 3552 925 3627 vulgaris
947 3550 1063 3630 IllyrIci
1096 3548 1300 3609 Occidentalis
1331 3557 1402 3607 erat
1438 3548 1523 3607 Haec

278 3628 382 3707 lingua
404 3633 563 3693 Sluvouica
592 3656 663 3713 erga
686 3637 817 3713 linguam
851 3637 1100 3714 peleeoslevicam
1123 3639 1166 3695 ita
1195 3656 1228 3695 sc
1258 3636 1320 3694 lere
1350 3633 1449 3707 habet,
1483 3636 1523 3693 si-

278 3718 337 3772 cuti
359 3716 462 3795 lingua
483 3720 593 3781 Latina
615 3722 747 3800 vulgaris
769 3725 801 3781 iu
824 3723 947 3782 Missele
963 3725 1130 3782 Romanum
1152 3730 1271 3800 receptu
1293 3741 1365 3798 erga
1387 3720 1522 3799 linguam

278 3799 431 3861 classicam
453 3804 596 3882 latiuem3
620 3829 679 3867 uon
701 3809 754 3869 sub
777 3820 913 3888 respectu
933 3812 1127 3887 grammatico
1149 3818 1265 3868 tautum
1281 3807 1333 3867 sed
1349 3810 1443 3867 etiam
1464 3807 1518 3867 snb

316 3982 359 4049 ¹⁰¹)
379 3984 432 4038 Cfr.
452 3986 600 4057 Dagnev,
620 3991 739 4061 llcropiu
758 4009 867 4048 nasone
888 4009 975 4051 serua
994 4012 1021 4063 p.
1034 4001 1084 4047 tet
1104 4002 1134 4048 et
1146 3994 1207 4047 aliis
1224 3994 1305 4057 locis;
1324 3992 1343 4047 J
1353 4008 1523 4061 ungerer,

385 4055 547 4138 Otnrec3u.
576 4076 599 4111 r.
628 4068 759 4117 uueucute
788 4079 813 4131 p.
841 4069 905 4129 2173
933 4062 1298 4132 viguorem-Vononem,
1328 4064 1522 4131 Pyrosorcrso

383 4139 420 4175 su
438 4140 537 4179 ureuuu
553 4143 573 4209 ,¹¹
591 4135 730 4209 ueyueuin
758 4132 872 4185 Betria.
900 4134 1023 4187 Moenus.
1052 4132 1072 4185 l.
1096 4138 1171 4187 1899.
1199 4150 1226 4201 p.
1254 4137 1365 4186 ιιι-63.
1393 4131 1437 4184 Ad
1463 4130 1524 4186 hoc:

381 4190 561 4272 Bogoelovslu
579 4196 701 4261 Glusmk,
730 4199 876 4254 Kerlovicii
893 4200 940 4255 ΠΙ.
962 4208 1027 4257 1903
1046 4218 1072 4269 p.
1091 4207 1229 4257 308-314
1253 4217 1356 4256 recens.
1375 4218 1393 4256 a
1419 4200 1470 4255 dre
1497 4199 1523 4254 J,

383 4246 500 4342 Cupit,
519 4266 599 4320 etiam
619 4266 758 4321 Slurornm
777 4268 818 4323 Iit.
836 4270 919 4324 theol.
938 4271 959 4325 1.
977 4290 1004 4340 p.
1023 4276 1069 4334 963
1089 4273 1123 4324 Α.
1142 4271 1170 4323 P.
1190 4271 1358 4341 hopuhiu,
1376 4273 1522 4326 Toraoaua

382 4330 493 4385 Butam.
512 4333 532 4388 1.
551 4334 731 4391 Iluroneunie
749 4338 910 4395 Meliceeeo.
929 4340 1002 4395 cuo.
1023 4346 1099 4397 1904.
1117 4357 1144 4409 p.
1163 4339 1194 4397 V.
1213 4351 1316 4413 etseq.

342 4414 362 4485 ¹)
383 4417 1162 4545 (3¹1.thliturgia·Glggolito-ltomeuaunellasuaori
1184 4428 1230 4482 ine
1248 4444 1265 4482 e
1283 4428 1330 4483 uel
1348 4426 1524 4511 suo-svolgi

343 4620 353 4656 Β
384 4493 1525 4644 Etenueerereumontmetuentetine

357 4620 365 4689 )
384 4622 462 4706 Nota
480 4633 524 4683 est
541 4637 735 4686 controversie
752 4637 825 4685 iuter
841 4580 984 4689 §lanatas
1002 4634 1056 4690 hac
1073 4636 1101 4689 iu
1121 4635 1239 4689 materia
1261 4634 1404 4704 pendeus,
1423 4636 1523 4695 lliklo·

387 4692 496 4779 licique
520 4700 592 4753 euim
618 4698 716 4779 schole
742 4700 981 4767 pelaeoslavicam
999 4704 1124 4773 liugnam
1149 4702 1300 4759 dialectum
1325 4704 1523 4773 Pannonicum,

351 4800 352 4805 κ
384 4760 636 4903 ἔθαιῇιθόῃιῖηῗθῃζῗο
667 4766 817 4823 dialectum
846 4771 1063 4839 Macedonum,
1093 4772 1209 4843 propius
1238 4788 1309 4881 vero
1342 4772 1524 4832 Thessaloni·
