3450 5342
729 480 922 560 ‚183-

202 666 401 725 absolutarum
425 664 466 744 (p.
491 669 639 740 51-55).
663 669 821 747 Imperium
844 672 1046 745 germanicum
1061 669 1210 727 nitebatur
1226 668 1263 727 ad
1279 671 1448 729 universale

201 755 375 832 imperium,
399 754 524 811 ecclesia
546 764 643 813 autem
666 754 833 813 libertatem
857 754 914 813 sibi
938 754 1117 815 vindicabat.
1149 757 1214 815 Pax
1237 765 1267 814 et
1291 756 1448 815 concordia

200 840 354 899 conciliari
378 861 436 899 non
460 843 561 913 potuit,
593 844 662 919 quia
690 853 813 921 utraque
841 852 970 919 potestas
994 842 1114 902 alterius
1138 842 1279 920 obsequio
1301 842 1365 902 tolli
1389 843 1446 901 sibi

201 925 366 985 videbatur.
397 927 597 1005 Cupiditatem
629 950 738 987 meram
769 929 942 987 dominandi
971 930 1018 988 vel
1047 928 1239 988 ambitionem
1263 932 1326 989 sire
1352 951 1446 1009 papae

202 1017 266 1074 sive
297 1016 482 1091 imperatoris
513 1016 543 1072 in
574 1016 661 1095 culpa
690 1018 859 1074 certaminis
890 1038 998 1094 ponere
1029 1017 1210 1075 levissimum
1242 1027 1287 1075 est
1318 1014 1358 1095 (p.
1383 1014 1445 1097 52).

202 1101 335 1170 Ecclesa,
362 1121 427 1158 esse
450 1121 508 1159 non
531 1104 627 1179 potuit
649 1104 707 1160 nisi
730 1102 832 1161 libera.

307 1188 466 1246 Contentio
497 1188 549 1246 illa
580 1208 673 1267 papae
703 1188 841 1267 impediri
872 1192 966 1267 potuit
997 1190 1045 1247 vel
1076 1190 1169 1247 forma
1202 1192 1316 1268 imperii
1347 1190 1446 1249 civilis

202 1278 316 1333 mutata
337 1276 387 1344 ita,
417 1285 449 1333 nt
473 1296 587 1333 summa
617 1278 731 1354 imperii
763 1275 841 1354 apud
872 1296 961 1334 nuum
985 1297 1048 1334 esse
1072 1288 1200 1335 cessaret
1224 1289 1252 1334 et
1275 1277 1445 1355 popularem

203 1360 352 1440 quandam
376 1362 500 1419 formum
522 1361 658 1421 indueret
681 1361 769 1441 (quod
795 1362 1184 1439 testamenmentum,
1208 1364 1257 1421 vel
1279 1367 1445 1443 principatu

201 1449 341 1525 religioso
375 1460 498 1527 papatus
530 1448 662 1524 sublato,
700 1450 749 1507 hic
780 1451 843 1509 tolli
877 1453 970 1528 potuit
1005 1451 1052 1507 vel
1087 1460 1229 1529 potestate
1264 1452 1444 1527 singularum

201 1536 392 1594 ecclesiarum
427 1546 513 1593 aucta
546 1536 640 1613 (velut
675 1537 885 1597 nationalium:
923 1536 1026 1595 modus
1060 1534 1206 1617 gallicus).
1246 1538 1293 1595 vel
1327 1538 1447 1615 politica

200 1633 326 1701 papatus
349 1622 486 1680 libertate
509 1625 682 1682 circumcisa
705 1622 822 1702 (modas
844 1623 1050 1699 germanicus).

307 1708 394 1784 Quod
410 1712 586 1786 gravitatem
603 1709 837 1786 (intensivnost‘)
856 1712 970 1781 attinet,
994 1713 1141 1769 sententia
1165 1722 1338 1787 potestatem
1363 1712 1448 1788 spiri·

201 1796 312 1854 rualem
328 1798 440 1874 priores
456 1808 554 1874 partes
570 1816 658 1874 agere
674 1818 761 1875 quam
778 1798 957 1855 saecularem
974 1796 1086 1855 duobus
1110 1796 1205 1855 modis
1228 1796 1448 1875 exprimebatur

204 1882 244 1961 (p.
268 1884 416 1959 56-62).
443 1886 472 1959 1)
499 1884 673 1962 Principatu
696 1885 834 1960 religioso
852 1906 874 1941 s.
891 1884 969 1942 sedis
992 1883 1239 1942 circumscribitur
1255 1896 1284 1943 et
1300 1893 1448 1941 co'e‘rcetur

203 1971 386 2047 principatus
408 1971 567 2028 saecularis
590 1974 806 2049 imperatorum.
831 1972 878 2029 lta
901 1991 977 2049 papa
1000 1970 1146 2049 duplicem
1163 1980 1243 2029 tenet
1260 1982 1446 2049 potestatem:

204 2066 234 2113 et
255 2057 425 2133 religiosam
447 2066 477 2115 et
499 2057 637 2120 civilem:
668 2058 741 2116 baec
765 2080 802 2115 ex
833 2058 894 2127 illa,
924 2079 960 2115 ex
992 2068 1136 2135 potestate
1167 2058 1295 2115 clarium
1325 2056 1447 2135 delapsa

203 2155 247 2201 est
272 2144 444 2220 (Gregorius
467 2144 544 2212 t'll,
568 2146 623 2222 Ep.
647 2144 684 2202 ad
708 2145 808 2203 Germ.
831 2144 922 2203 Mirbt
947 2145 963 2201 l.
986 2165 1011 2201 c.
1033 2166 1060 2223 p.
1085 2148 1124 2202 54
1149 2166 1186 2206 a:
1215 2156 1344 2221 potestas
1367 2145 1446 2221 prin-

204 2233 301 2307 cipum
325 2239 369 2288 est
399 2233 483 2308 quasi
513 2231 659 2309 quaedam
690 2234 844 2309 permissio
867 2252 884 2289 a
907 2252 984 2310 papa
1014 2251 1152 2290 concessa
1184 2231 1296 2302 (lnuoc.
1320 2231 1376 2288 lll.
1400 2252 1445 2307 ap.

203 2316 296 2375 Mirbt
318 2339 345 2396 p.
370 2318 418 2374 79.
443 2320 482 2374 aa
507 2318 573 2394 ss),
597 2340 635 2376 ex
658 2340 689 2377 sc
712 2321 916 2377 auctoritatem
941 2319 1051 2376 nullam
1076 2318 1172 2377 babet.
1198 2320 1357 2392 Gregorius
1381 2318 1447 2375 Vll.

205 2406 266 2482 ipse
290 2424 391 2481 regum
414 2415 589 2482 potestatem
612 2426 628 2463 e
651 2405 796 2483 superbia,
827 2408 939 2483 rapina.
970 2404 1101 2482 pertidia,
1133 2404 1299 2473 sceleribus,
1328 2404 1446 2463 diabolo

203 2493 310 2569 repetit
332 2490 436 2566 (Mirbt
458 2512 486 2569 p.
511 2494 564 2565 563
587 2492 705 2562 llelarc,
727 2506 749 2553 t.
772 2492 803 2559 l,
826 2513 854 2569 p.
878 2494 949 2569 aa).

307 2580 335 2635 2.
358 2579 531 2656 Principatu
554 2580 729 2655 religiosos.
745 2577 824 2637 sedis
848 2577 1096 2636 circumscribitur
1118 2589 1147 2635 et
1163 2587 1311 2636 coercetur
1326 2576 1446 2635 libertas

206 2663 441 2741 (nezavisimosl)
472 2666 699 2742 imperatorum3
734 2665 807 2723 haec
837 2668 1003 2743 utriusque
1023 2666 1176 2742 potestatis
1219 2666 1385 2722 aestimatio
1417 2672 1446 2721 et

206 2750 358 2810 concordis
375 2754 547 2828 agitationis
558 2752 716 2831 postulatio
733 2752 743 2822 l
749 2753 873 2827 ,teorija
884 2750 1147 2829 gannouiceskago
1160 2752 1447 2827 sosuscestrovanija
1516 2804 1520 2811 .

204 2837 346 2918 vlastej'‘)
369 2841 527 2916 exponitur
559 2837 718 2897 secundum
742 2840 965 2907 Bellarminum,
999 2840 1070 2923 Ant.
1094 2838 1131 2895 de
1154 2838 1289 2903 ltoaellis,
1324 2836 1446 2907 Gereon,

205 2946 227 2982 s.
250 2924 395 2983 'l'bomam
420 2946 472 3003 per
494 2926 568 2984 alios
591 2925 703 3001 (Mirbt,
728 2926 840 2991 Ranlre,
876 2924 1010 2991 (loldast,
1038 2926 1157 2983 (licerio
1190 2924 1320 3001 [letorija
1349 2924 1447 3001 politi-

204 3011 308 3085 ccskib
331 3014 428 3089 ulaeuij
453 3012 493 3070 M.
519 3012 623 3090 1869],
647 3014 812 3082 Baumaun,
834 3014 869 3070 P.
892 3012 997 3087 lauet)
1021 3014 1163 3089 cognitos.

309 3098 431 3170 Causae,
455 3119 506 3157 cur
529 3100 690 3177 spiritualis
721 3113 850 3177 potestas
881 3098 1022 3157 saeculari
1048 3100 1178 3175 superior
1209 3098 1287 3155 facta
1311 3099 1356 3165 sit,
1380 3106 1447 3155 sunt

205 3196 234 3243 et
256 3195 388 3263 potestas
411 3186 569 3245 saecularis
591 3197 689 3245 aetate
711 3185 810 3244 media
834 3184 872 3244 ad
896 3206 984 3243 unum
1009 3188 1104 3243 omnis
1127 3184 1234 3243 collata
1255 3204 1304 3241 seu
1321 3182 1447 3241 admini-

204 3275 307 3330 stratio
331 3276 413 3349 regia
434 3283 464 3331 et
486 3275 629 3351 primatus
663 3274 805 3331 ecclcsiae
828 3294 846 3331 a
870 3292 946 3351 papa
981 3274 1151 3350 acquisitus.
1183 3269 1345 3347 {tw—73).
1377 3272 1447 3327 Sine

204 3361 371 3437 principatu
403 3360 540 3436 religioso
574 3371 704 3438 potestas
739 3360 837 3417 civilis
868 3359 920 3418 sub
953 3358 1098 3417 dicionem
1131 3378 1224 3437 papae
1259 3355 1364 3415 cadere
1388 3376 1448 3413 non

202 3447 306 3524 potuit.
330 3445 481 3521 Quamdiu
504 3466 581 3525 papa
603 3448 730 3524 simplex
754 3448 907 3524 episcopus
932 3446 985 3504 tuit
1009 3446 1134 3504 concilio
1157 3446 1358 3522 episcoporum
1381 3440 1446 3499 sub-

203 3536 305 3605 iectus,
340 3534 455 3592 animos
476 3534 609 3591 fidelium
633 3537 695 3611 ipse
719 3536 852 3611 proxime
876 3553 994 3591 movere
1018 3553 1075 3591 non
1100 3540 1221 3610 poterat.
1262 3528 1320 3587 sed
1352 3549 1446 3606 neque

204 3619 253 3677 bic
275 3621 420 3697 primatus
443 3640 496 3698 par
518 3631 564 3678 est
587 3621 725 3699 potestati
756 3621 838 3678 civili
861 3618 1063 3695 subigendae,
1094 3621 1217 3677 accessit
1242 3618 1335 3675 forma
1366 3618 1448 3691 regia

205 3708 359 3785 potestatis
382 3707 489 3764 civilis.
533 3708 608 3779 Rex,
631 3727 698 3765 cum
721 3708 900 3765 christianus
924 3719 1010 3773 essct,
1045 3706 1187 3764 ecclesiae
1211 3704 1355 3763 obnoxius
1378 3712 1449 3773 erat,

202 3814 255 3872 per
287 3812 386 3870 regem
418 3803 510 3851 totum
544 3814 675 3871 reguum.
706 3796 747 3851 At
777 3796 892 3859 civitas,
924 3813 998 3871 qnae
1029 3795 1156 3851 comitiis
1190 3794 1298 3850 civium
1330 3792 1448 3865 regitur,

203 3892 334 3957 praestat
356 3879 393 3938 de
416 3880 561 3950 libertate,
584 3883 638 3938 etsi
663 3884 816 3939 convocati
840 3879 878 3939 ad
901 3881 1021 3938 comitia
1044 3880 1181 3937 catholici
1206 3890 1280 3937 sunt.

309 3967 498 4045 Principatas
521 3987 615 4047 papae
638 3988 697 4026 nou
717 3967 888 4025 continebat
904 3988 947 4036 ea,
964 3986 1039 4045 quae
1056 3964 1092 4023 ad
1109 3980 1243 4024 naturam
1268 3964 1447 4023 theocratiae

203 4055 354 4133 pertinent
377 4053 539 4131 (rt-77).
563 4055 631 4113 Non
654 4056 734 4113 euim
757 4068 820 4112 erat
836 4055 915 4112 idern
939 4053 1100 4112 subiectum
1132 4072 1263 4111 summae
1295 4051 1448 4129 potestatis

203 4141 302 4199 civilis
325 4140 402 4219 quod
426 4141 591 4219 religiosae.

309 4226 454 4303 Quamvis
486 4248 596 4306 magna
629 4227 717 4285 fuerit
748 4228 914 4285 Innocentii
946 4227 1001 4283 lll.
1033 4236 1164 4304 ternpore
1196 4234 1325 4302 potestas
1355 4241 1449 4300 papae

203 4313 345 4391 religiosa
367 4325 397 4371 et
420 4315 527 4386 civilis,
550 4315 706 4373 consilium
729 4317 813 4390 regni
836 4313 1029 4371 ecclesiastici
1060 4315 1190 4371 omnium
1225 4313 1356 4388 gentium
1381 4328 1449 4366 con-

203 4400 346 4461 stituendi
370 4399 408 4458 ad
432 4403 566 4461 effectura
601 4400 708 4460 adduci
741 4422 800 4459 non
823 4402 918 4478 potuit
942 4398 1104 4479 (il—84).
1135 4400 1323 4475 Principatas
1355 4415 1449 4473 papae

203 4489 343 4567 populoru
367 4487 406 4546 ad
429 4510 475 4547 res
505 4491 548 4547 rei
577 4488 714 4565 publicae
747 4486 917 4545 tractandas
949 4489 1050 4545 morit.
1081 4486 1139 4543 Per
1170 4505 1256 4563 quem
1289 4483 1449 4559 Gregorius

203 4578 285 4646 vicit,
308 4574 387 4632 idem
418 4576 542 4653 populas
565 4595 603 4633 ae
632 4574 801 4633 universale
832 4575 987 4651 imperinm
1022 4573 1191 4649 religiosum
1225 4573 1451 4629 constitueretur

202 4661 369 4741 impedivit.

309 4749 415 4807 Brevis
432 4748 518 4807 buius
534 4750 640 4807 aetatis
663 4760 836 4825 conspectus
860 4746 1013 4823 (et-eo)
1030 4753 1093 4803 est:
1120 4748 1145 4801 1.
1162 4744 1298 4801 Ecclesia
1314 4738 1449 4798 occiden-

203 4835 274 4894 talis
286 4834 323 4893 ab
336 4837 481 4914 episcopis
494 4836 575 4893 velut
590 4833 773 4914 principibus
785 4832 952 4907 tenebatur,
975 4833 1096 4891 libertas
1109 4833 1198 4908 igitar
1211 4832 1273 4887 eius
1286 4850 1301 4887 e
1313 4826 1450 4885 libertate
