3450 5342
671 433 868 490 -err-

147 621 334 681 admirentur
349 631 437 699 atque
461 623 621 692 imitentur,
654 622 737 693 etii,
764 622 815 698 qui
838 641 856 678 a
879 619 973 678 Nobis
995 619 1199 680 Orientalibus
1230 643 1245 679 e
1269 621 1400 680 coetibus

148 708 305 780 dissident,
319 707 441 766 videant
452 709 691 786 perspiciantque
708 727 796 786 quam
808 707 931 766 multam
948 727 1094 786 quamque
1106 727 1278 784 germanam
1294 708 1399 768 ritibus

146 797 299 854 universis
313 798 439 873 gratiam
457 805 646 873 praestemus,
669 793 869 872 inducamque
892 792 1010 852 demum
1026 797 1140 854 animos
1164 797 1271 874 optatis
1284 797 1401 854 Nostris

149 893 286 942 amanter
318 882 449 960 obsequi,
483 891 513 940 et
547 884 700 960 antiquam
735 877 858 939 matrem
895 880 1087 940 saluberrimo
1121 881 1218 940 reditu
1252 884 1400 962 amplecti.

148 969 350 1046 Quamobrem
373 967 492 1028 beatum
517 971 612 1026 evita
634 967 796 1027 discessum
811 967 933 1026 loannis
950 967 1153 1046 Chrysostemi
1171 969 1305 1028 volumus
1333 991 1400 1048 gra-

148 1057 294 1116 tulatione
317 1057 449 1114 maxima
471 1071 501 1112 et
523 1056 602 1114 cultu
618 1055 682 1124 ooli,
706 1056 762 1112 hoc
784 1076 870 1124 anno,
894 1055 982 1132 plane
1002 1056 1157 1130 singulari:
1181 1056 1397 1136 gloriosamque

148 1144 363 1222 sapientissimi
376 1144 529 1201 Antistitis
552 1143 723 1200 memoriam
747 1142 940 1200 litteratorum
963 1143 1053 1199 etiarn
1077 1141 1272 1202 conventibus
1295 1146 1399 1222 repeti.

148 1228 201 1288 Ad
225 1233 339 1288 animos
362 1250 432 1288 vero
454 1227 628 1287 excitandos
651 1227 864 1308 acuendosque,
888 1226 919 1285 id
939 1228 1002 1286 Nos
1025 1227 1223 1288 libentissima
1245 1230 1397 1288 vuluntate
1469 1305 1472 1308 Ι

149 1317 325 1396 pollicemur
346 1316 409 1374 fore
420 1316 481 1374 Nos
497 1318 634 1374 reseratis
650 1314 825 1374 coelestibus
836 1315 990 1382 thesauris
1015 1325 1157 1396 quotquot
1181 1318 1211 1374 in
1223 1315 1399 1376 deferendos

149 1403 364 1483 Clrrysostomo
378 1403 505 1462 bonores
520 1422 638 1480 operam
654 1402 840 1473 contulerint,
865 1421 1013 1460 sacrarum
1031 1402 1280 1480 indulgentiarum
1298 1425 1399 1462 mune-

150 1490 233 1549 ribus
256 1490 438 1568 amplissime
461 1490 668 1549 eumulaturos.
682 1491 842 1568 Auspicem
854 1491 967 1564 gratiae
991 1487 1112 1548 divinae
1123 1491 1284 1569 Nostrique
1307 1494 1400 1550 animi

149 1585 267 1648 testem,
300 1578 491 1654 apostolicam
523 1575 768 1644 benedictionem,
802 1575 873 1634 Tibi
910 1585 1097 1653 peramanter
1126 1579 1157 1634 in
1186 1577 1315 1636 Domino
1346 1581 1401 1636 im-

153 1667 304 1743 pertimus.

261 1751 372 1821 llatuur
395 1751 507 1808 Romae
537 1748 617 1827 apud
641 1752 670 1808 rt.
693 1749 815 1806 Petrum
838 1747 887 1806 die
910 1749 1016 1806 XXII.
1042 1749 1108 1806 lulli
1132 1770 1209 1808 anne
1233 1751 1395 1811 MCMl'lI.

151 1839 346 1896 l'untifieatus
368 1838 470 1895 Nostri
494 1846 608 1914 quarto.
1136 1837 1207 1894 Pius
1230 1837 1290 1894 ΡΡ.
1314 1837 1353 1895 Χ.

256 1947 404 2014 Rogamus
423 1949 453 2000 ut
465 1946 653 2013 divulgantur
671 1944 863 2010 lraecscripta
881 1950 910 1997 et
930 1947 962 1998 ut
980 1946 1130 2014 esingulis
1145 1945 1326 1999 dioecesibus
1338 1947 1399 2000 Sla-

153 2016 226 2068 viois
251 2017 374 2070 Romam
398 2015 582 2080 conveniant,
609 2014 660 2080 qui
686 2013 876 2066 sollemnitati
906 2015 1041 2068 intersint
1060 2013 1106 2082 (cl.
1131 2015 1205 2069 Slav.
1232 2015 1285 2068 litt.
1313 2017 1400 2070 theol.

155 2086 209 2236 m?
228 2085 372 2278 2913)qu
389 2154 529 2235 Atanasio
553 2153 664 2221 Gaiser,
687 2153 794 2235 Rector
815 2151 897 2206 Pont.
917 2153 1037 2236 Collegit
1064 2153 1248 2236 Graecorum,
1266 2154 1323 2236 ⁸rin
1345 2155 1401 2208 Ba·

152 2225 242 2276 burno
260 2223 312 2277 149
375 2239 431 2291 me,
449 2239 528 2276 vices
547 2238 653 2292 gerens
671 2221 1166 2304 EmGard.Yennur0111Praesid1s
1185 2226 1288 2289 recipit
1300 2239 1401 2276 omnes

153 2294 294 2361 epistolas
312 2297 365 2347 eto.
384 2294 422 2346 ad
442 2294 517 2346 hanc
536 2293 762 2346 sollemnitatem
781 2293 967 2357 pertinentes.
1026 2307 1032 2318 ·

634 2509 923 2582 ἠυμ-
