3450 5342
660 405 852 462 —321-

242 584 419 640 Secundum
435 589 593 640 auctorem
607 585 748 641 catholici
761 586 881 654 docent,
901 601 971 641 cum
986 585 1080 641 hoino
1094 585 1282 642 iustilicatus
1298 587 1380 641 bona

109 655 539 794 tltttttttttfltmlttt
560 655 1166 785 attuleruut..mattha
1185 655 1382 780 tillidi}

118 793 254 848 Christi
274 793 420 862 passione
439 793 649 864 consequitur,
669 793 718 848 cui
737 766 804 848 eius
824 794 935 849 merita
954 794 1151 864 applicantur
1169 797 1208 864 (p.
1228 795 1301 863 257).
1332 794 1381 849 Ex

117 861 320 917 Tridentino
340 865 430 930 (sess.
449 863 508 930 vl,
529 864 713 934 praesertim
734 879 799 932 cap.
813 863 906 930 XVI.)
926 871 1013 918 etex
1033 864 1136 920 theolo
1161 879 1252 920 orum
1279 865 1381 919 catho-

117 931 266 987 licorum
295 932 499 1002 explicatione
527 932 682 988 concludit
711 933 883 988 secundum
919 933 1098 988 catholicam
1152 933 1303 988 cetrinam
1335 947 1381 989 re·

116 1001 345 1070 demptionem
367 1017 436 1056 esse
453 1002 645 1070 superfluam
660 1001 910 1073 (Vsmatrivajas‘
931 1001 1008 1057 bitte
1028 1019 1047 1057 v
1063 1001 1271 1084 privedeunyj
1292 1003 1378 1058 nami

118 1070 246 1125 deliret
274 1071 505 1140 Tridentsliago
532 1072 646 1126 sobora
673 1070 684 1124 i
711 1071 805 1140 imeja
830 1088 849 1125 v
874 1071 950 1126 vidu
977 1071 1148 1141 sodinenija
1173 1071 1376 1142 katolidesliih

120 1139 341 1209 bogoslovov,
371 1155 422 1208 my
449 1140 604 1209 nahodiin,
630 1141 679 1197 tto
704 1141 887 1211 logiceskiin
915 1141 1097 1197 sledstviem
1125 1141 1135 1196 i
1163 1141 1322 1212 vyvodom
1352 1141 1380 1196 iz

120 1209 368 1279 kaicliceshagc
389 1209 566 1280 vozzienija
587 1225 625 1264 na
645 1210 860 1280 pervorodnyj
882 1211 958 1280 greti
977 1210 1156 1294 J'avljaetsia
1175 1213 1303 1266 sovsem
1323 1211 1380 1266 ute

122 1278 479 1350 iielpristiansliaja
500 1279 599 1348 iiiysl':
627 1279 820 1348 opravdanie
844 1281 920 1334 nahe
944 1297 964 1334 v
985 1285 1047 1334 toni
1070 1279 1149 1348 vide,
1169 1280 1231 1335 hali
1250 1296 1311 1336 ouo
1331 1295 1379 1336 so·

121 1349 291 1402 versenno
311 1347 458 1419 liristoin,
485 1350 679 1404 souersenno
702 1348 823 1417 ialisnc)
850 1351 893 1418 [p.
911 1350 983 1418 259).
1016 1348 1093 1404 Dein
1119 1349 1201 1404 inter
1219 1349 1377 1405 hominem

124 1417 158 1470 in
183 1421 269 1472 statu
295 1421 424 1472 naturae
443 1433 541 1486 purae
560 1423 589 1472 et
609 1418 766 1472 hominem
786 1418 909 1497 lapsum
935 1418 1076 1474 catholici
1095 1419 1211 1474 nullam
1232 1425 1379 1474 asserunt

123 1501 202 1539 esse
230 1485 440 1541 different-iam
472 1491 511 1556 (p.
536 1488 585 1542 261
612 1495 679 1557 squ.
707 1487 938 1543 catholicorum
968 1487 1074 1557 opinio
1099 1488 1137 1542 de
1163 1487 1378 1544 disharinouia

123 1555 213 1611 inter
237 1555 372 1610 animam
400 1563 430 1611 et
455 1571 570 1625 corpus
590 1557 726 1611 hominis
745 1555 776 1611 in
797 1562 880 1612 statu
900 1561 1030 1612 naturae
1048 1572 1146 1627 purae
1165 1557 1260 1638 positi
1279 1556 1378 1627 logice

125 1624 244 1680 statuit
268 1625 366 1680 Deum
393 1626 508 1694 peccati
533 1631 692 1680 auctorem
712 1641 782 1681 csse
807 1631 849 1694 (p.
873 1627 955 1694 262).
985 1627 1107 1682 Etenim
1131 1642 1173 1681 »si
1188 1626 1272 1682 Deus
1291 1625 1378 1682 dedit

125 1695 244 1764 legem,
263 1710 343 1774 quae
368 1694 492 1749 nonnisi
513 1697 629 1750 honum
650 1695 826 1765 praecipiat,
850 1699 880 1750 et
900 1695 1057 1751 hominem
1078 1695 1207 1750 donavit
1225 1695 1377 1762 libertate,

124 1776 195 1832 qua
222 1779 289 1832 pari
315 1765 407 1819 inodo
434 1765 549 1820 honum
575 1774 605 1820 et
631 1764 745 1820 malum
770 1766 849 1820 velle
876 1763 984 1835 possit,
1011 1765 1094 1820 Deus
1116 1766 1379 1834 inconsequenter

127 1832 198 1902 agit
218 1838 248 1888 et
268 1833 339 1887 mali
358 1840 467 1888 auctor
485 1835 553 1890 iure
573 1834 684 1890 merito
703 1833 762 1889 dici
788 1839 892 1904 potest
917 1833 926 1904 (
953 1877 959 1889 .
979 1835 1050 1902 264).
1080 1833 1192 1890 Stricte
1218 1834 1375 1904 loquendo

126 1902 275 1956 catholici
293 1909 451 1971 peccatum
472 1904 623 1974 originale
637 1919 700 1958 iion
719 1909 895 1974 agnoscunt
909 1849 1121 1974 (ffobstveuno
1136 1899 1381 1974 pervoroduago‘

124 1973 229 2052 greha
242 1971 447 2027 katolicestuo
461 1988 499 2027 iie
518 1973 671 2042 prizuaet)
691 1975 732 2042 (p.
744 1974 815 2042 263),
833 1973 907 2044 quia
959 1979 1095 2028 secatum
1116 1972 1264 2043 originale
1283 1973 1376 2028 etiam

126 2056 159 2094 in
181 2041 406 2110 depravatione
426 2048 556 2098 naturae
576 2043 730 2098 humanae
754 2041 785 2096 in
805 2042 939 2098 naturali
964 2058 1002 2097 us
1022 2041 1165 2098 consistit
1185 2044 1225 2112 (p.
1245 2044 1316 2110 265),
1345 2043 1374 2097 id

126 2109 215 2179 quod
237 2110 376 2165 catholici
396 2110 560 2166 admittere
580 2112 698 2166 nolunt.
728 2111 806 2167 Cum
826 2127 903 2167 vero
922 2117 1082 2181 peccatum
1096 2111 1143 2166 ori
1167 2110 1247 2167 inale
1266 2115 1377 2180 putent

125 2178 272 2234 catholici
296 2180 327 2234 in
354 2180 419 2235 sola
438 2180 557 2262 gratiae
582 2180 752 2236 amissione
770 2181 942 2237 consistere
962 2183 1003 2250 (p.
1023 2183 1095 2250 265),
1121 2180 1131 2234 i
1155 2196 1191 2236 eo
1210 2180 1242 2235 iii
1262 2193 1370 2236 eorum
1412 2227 1418 2245 ,

128 2248 278 2317 opinione
303 2249 476 2318 redemptio
514 2266 626 2306 rorsus
640 2250 802 2320 superflua
820 2256 869 2306 est
889 2257 930 2320 tp.
949 2253 1000 2308 265
1020 2253 1088 2320 sqh.
1108 2250 1211 2305 Immo
1228 2254 1257 2304 et
1275 2249 1377 2320 gratia

127 2318 301 2387 ‹ariginalis
326 2334 420 2400 quani
441 2266 581 2375 catholici
601 2325 751 2387 statuunt,
776 2319 903 2375 nonnisi
928 2331 1134 2375 externum
1160 2319 1375 2398 adiumentum

129 2387 250 2442 homini
269 2388 409 2443 additum
430 2393 506 2456 est(
531 2432 536 2442 .
555 2391 627 2458 266),
652 2389 775 2459 quoda
799 2389 957 2445 catholicis
982 2389 1034 2444 tali
1055 2389 1174 2444 rationo
1193 2389 1375 2458 concipitur,

130 2469 166 2511 ui
184 2456 260 2512 illud
281 2459 455 2537 peccatiab
474 2405 595 2514 adamo
609 2458 769 2514 commissi
783 2474 909 2514 causam
924 2473 994 2514 esse
1013 2464 1096 2538 recte
1114 2457 1256 2513 concludi
1275 2459 1376 2582 possit

127 2526 257 2593 (l'cenie
276 2527 408 2608 rimskop
430 2528 536 2583 cerkvi
555 2543 574 2582 o
593 2528 798 2600 pervobytnoj
820 2526 988 2598 blagodati,
1007 2542 1056 2596 pri
1077 2528 1279 2598 posieuovate
1292 2535 1374 2582 ‘noni

131 2612 195 2732 aa
211 2595 556 2722 ''llviffltthpllltii
575 2598 617 2722 ,gj
630 2596 1376 2735 ttettttdtttttttittthttttttth·

130 2749 211 2803 quae
230 2735 319 2790 docet
338 2736 494 2790 hominem
516 2735 653 2805 propriis
673 2735 796 2790 viribus
815 2736 854 2790 ad
875 2734 1006 2805 gratiam
1029 2735 1084 2790 Dei
1110 2749 1179 2789 sese
1197 2733 1374 2802 disponere,

133 2808 307 2859 contentam
322 2820 392 2859 esse
406 2805 522 2861 statuit.
537 2806 574 2871 (V
586 2807 603 2860 9
615 2804 737 2860 hanone
755 2803 874 2860 6sessii
886 2805 978 2874 jasno
989 2803 1166 2884 govoritsja
1178 2803 1229 2858 cto
1248 2802 1375 2858 telovek

131 2873 241 2928 dolien
261 2875 490 2944 sohstvennoju
503 2875 609 2946 voleju
623 2874 836 2945 prigotovljat‘
848 2873 859 2928 i
873 2873 1061 2954 raspolagat¹
1076 2873 1164 2953 sebia
1177 2873 1196 2927 h
1210 2871 1375 2996 grinjatiju

135 2942 303 3012 blagodati)
323 2948 362 3012 (p.
376 2945 447 3010 270).
467 2943 641 2999 Tridentini
659 2943 783 2999 decreta
797 2943 835 2999 de
848 2947 951 3013 gratia
970 2941 1205 2998 contradictioni
1230 2958 1268 2997 us
1283 2941 1373 3011 plena

133 3017 207 3066 sunt
232 3017 271 3081 (p.
291 3015 364 3080 271).
390 3013 567 3068 Secundum
594 3012 678 3068 Trid.
703 3013 876 3068 doctrinam
907 3011 1008 3082 gratia
1035 3010 1221 3066 antecedens
1250 3011 1375 3066 nonnisi

136 3080 298 3136 nominalis
314 3089 362 3136 est
375 3083 417 3152 (p.
429 3085 499 3150 272),
519 3083 638 3152 gratiae
656 3097 733 3138 vero
752 3080 989 3136 concomitantis
1007 3095 1123 3136 munus
1142 3085 1189 3134 est
1210 3079 1375 3147 hominem,

135 3150 187 3219 qui
206 3151 283 3205 bene
303 3151 380 3206 velle
399 3151 514 3221 incipit,
533 3151 684 3208 adiuvare
704 3153 746 3220 (p.
764 3153 836 3232 272).
856 3149 1030 3206 Tridentini
1049 3148 1191 3204 doctrina
1210 3153 1299 3216 (sess.
1319 3149 1374 3216 tt),

134 3235 212 3288 quae
237 3220 344 3275 statuit
372 3220 652 3290 concupiscentiam
681 3221 713 3275 in
739 3221 864 3276 homine
890 3219 1047 3290 baptizato
1075 3223 1286 3274 remanentem
1313 3234 1376 3273 iioii

136 3304 203 3343 esse
225 3289 470 3358 peccaminosain
495 3291 624 3360 proprio
648 3305 751 3358 sensu,
778 3305 803 3344 s.
825 3289 999 3370 scripturae
1025 3288 1147 3354 (Paulo)
1167 3294 1321 3356 repugnat
1346 3293 1376 3341 et

136 3357 250 3412 ludicra
260 3365 316 3482 2t÷7st
335 3358 512 3430 (naivnaja),
531 3375 613 3428 nain,
633 3358 658 3415 si
673 3359 923 3428 concupiscentia
936 3373 999 3412 non
1018 3363 1065 3412 est
1083 3363 1251 3426 peccatum,
1272 3356 1374 3410 virtus

137 3434 184 3481 est
202 3431 242 3496 tp.
296 3432 331 3495 4).

237 3523 412 3579 Secundum
438 3525 617 3591 catholicos,
645 3523 698 3594 qui
726 3539 820 3593 »opus
845 3528 1024 3604 operatumu
1052 3522 1083 3576 iii
1105 3527 1373 3602 sacramentorum

138 3592 312 3660 operatione
326 3598 475 3660 statuunt,
496 3602 690 3649 sacramenta
707 3593 871 3650 sineoinni
885 3591 1020 3647 hominis
1035 3598 1260 3660 cooperatione,
1283 3590 1376 3645 modo

139 3677 215 3715 inere
240 3663 416 3718 mechanico
437 3667 478 3732 (p.
497 3667 548 3719 275
567 3665 627 3734 sq.)
647 3668 676 3718 et
696 3663 816 3733 magice
833 3665 874 3732 (p.
888 3663 947 3716 276.
966 3663 1029 3726 281)
1049 3661 1180 3730 gratiam
1203 3675 1377 3714 sacramen·

140 3731 224 3785 talem
244 3732 430 3800 producunt.
468 3732 616 3789 Catholici
635 3739 738 3803 autem
760 3747 848 3788 suain
869 3732 908 3786 de
929 3745 1038 3800 ›opere
1058 3734 1200 3810 operato«
1223 3729 1375 3810 theoriam

140 3799 205 3854 inde
217 3809 428 3870 sumpserunt,
448 3803 532 3872 quod
548 3807 721 3872 posuerant
730 3801 887 3857 hominem
904 3815 967 3856 non
978 3800 1077 3854 teneri
1091 3798 1238 3854 omnibus
1252 3798 1375 3852 virilius

142 3869 200 3924 Deo
217 3870 385 3926 adhaerere
404 3874 486 3937 (nain
509 3872 655 3944 kaietsja
684 3873 734 3927 cto
753 3887 813 3926 ona
832 3869 968 3941 (teorija)
988 3875 1044 3924 est‘
1064 3869 1213 3924 sledstvie
1239 3868 1281 3939 toj
1306 3865 1377 3923 'uri-

140 3938 281 4010 diieshoj,
308 3941 547 4011 zakonnideshoj
569 3941 652 3996 tochi
672 3940 797 4012 zrenija,
823 3939 981 4009 skotoroj
1011 3883 1378 4020 katolicestvoffvoolisde

142 4009 370 4065 razsmatiiuaet
384 4010 451 4065 svoi
462 4011 639 4080 otnosenija
658 4010 802 4080 kBogui
838 4010 866 4065 ri
876 4010 998 4078 liotoroj
1020 4007 1147 4063 telovek
1163 4012 1263 4062 inozet
1277 4009 1378 4062 scitat¹

142 4077 227 4215 sebia)
244 4077 368 4215 {augg
389 4080 507 4215 vp)rave
527 4096 565 4136 ne
584 4079 784 4149 prinadleiat‘
810 4025 899 4148 fiogu
922 4081 1010 4132 vseni
1032 4077 1172 4132 serdeein
1192 4077 1201 4131 i
1221 4076 1376 4146 poniysle-

142 4161 214 4200 niem
260 4164 289 4217 p.
380 4165 447 4218 sq..

235 4243 383 4300 Catholici
403 4250 433 4298 et
451 4243 619 4299 orthodoxi
637 4243 669 4299 in
688 4242 763 4299 fidei
782 4241 986 4310 explicatione
1005 4257 1041 4296 eo
1054 4241 1137 4296 inter
1156 4256 1188 4295 se
1209 4239 1371 4321 differunt,

141 4312 217 4381 quod
240 4313 408 4367 orthodoxi
434 4313 528 4368 iidem
555 4313 660 4368 vivam
686 4317 717 4368 et
740 4312 898 4368 efficacem
919 4311 1104 4380 concipiunt,
1132 4309 1273 4364 catholici
1302 4324 1377 4364 vero

145 4387 286 4436 mortuam
309 4386 350 4451 (p.
369 4385 438 4442 416).
467 4387 501 4436 lit
524 4382 563 4438 ad
589 4381 838 4438 orthodoxorum
858 4381 934 4434 fidei
953 4379 1189 4449 explicationem
1211 4377 1311 4447 inagis
1331 4393 1377 4432 ac·

143 4451 213 4506 cedit
225 4451 475 4520 protestantium,
494 4467 588 4522 quain
604 4451 825 4507 catholicorum
840 4449 1012 4530 explicatio,
1028 4465 1101 4529 cuni
1114 4463 1171 4502 sec.
1183 4448 1377 4528 orthodoxos

143 4520 208 4576 fidei
231 4520 386 4576 obiectum
413 4521 454 4576 sit
479 4520 665 4591 praesertim
692 4519 907 4576 misericordia
933 4519 995 4582 Dei.
1024 4526 1054 4573 et
1079 4517 1160 4571 iides
1185 4515 1322 4570 resideat
1346 4531 1377 4570 in

145 4591 299 4654 voluntate,
328 4598 421 4660 atque
448 4606 600 4645 assensus
625 4606 687 4649 non
713 4591 753 4645 ad
778 4589 966 4644 intellectum
998 4588 1052 4641 sed
1079 4586 1118 4640 ad
1144 4601 1198 4666 cor
1222 4585 1377 4666 referatur

144 4664 178 4728 (p.
194 4661 260 4727 tia).
284 4661 461 4716 Secundum
489 4660 656 4715 catholicos
681 4659 762 4714 fides
782 4663 975 4727 potestesse
996 4657 1075 4718 viva,
1101 4661 1159 4710 etsi
1186 4670 1290 4710 mores
1316 4659 1379 4708 sint
