3450 5342
668 473 858 529 -185-

140 662 225 721 Idem
255 661 401 721 libertatis
432 660 561 721 studium
598 697 636 704 —
671 660 759 721 rebus
780 662 922 721 Romanis
946 671 975 719 et
999 662 1112 721 Italicis
1135 662 1184 739 agi
1207 664 1320 741 coeptis
1343 694 1383 705 -

141 770 264 827 regnum
287 749 518 809 ecclesiasticum
537 749 631 807 ltomb
648 752 790 829 occupati
804 750 958 829 oppressit
981 748 1047 825 Quo
1064 750 1210 807 exstincto
1226 750 1385 809 auctoritas

141 858 164 897 s
186 836 274 895 Sedis
296 838 409 895 creuit:
432 856 491 895 non
514 836 608 895 solum
631 856 710 893 nova
731 834 1026 915 rerumpublicarum
1050 834 1145 893 forma
1159 856 1253 914 papae
1270 838 1384 915 copiam

140 922 222 981 dedit
245 924 384 981 factionis
420 923 601 996 „clericalis
636 925 668 981 in
690 944 721 982 re
751 922 834 981 civili
858 925 987 1001 potentis
1022 923 1075 981 sed
1098 932 1211 981 mutata
1235 956 1271 969 -
1299 922 1385 983 rebus

140 1012 262 1069 mutatis
275 1043 313 1054 -
331 1012 430 1068 curiae
441 1011 567 1068 consilia
581 1012 784 1067 auctoritatem
800 1030 824 1067 a
836 1008 923 1069 Sedis
935 1008 1160 1089 amplificarunt.
1173 1010 1282 1069 Leonis
1296 1010 1385 1069 xlll.

139 1099 300 1157 auctoritas
322 1096 488 1155 celebratur
509 1098 550 1175 (p.
576 1096 659 1173 147).
681 1097 736 1165 Ea,
759 1116 835 1177 qnae
857 1095 896 1154 ad
920 1106 1054 1155 naturam
1079 1096 1254 1175 aptitudinis
1278 1096 1315 1155 sd
1341 1099 1385 1156 ius

139 1184 371 1243 internetionale
394 1185 544 1263 pertinent
566 1204 585 1242 a
606 1204 628 1243 s.
653 1182 730 1242 Sede
752 1194 867 1242 retenta
890 1194 966 1243 sunt.
991 1218 1029 1227 -
1057 1218 1094 1227 —

245 1268 279 1331 ln
302 1271 347 1328 11·
369 1282 452 1349 parte
474 1270 561 1329 buius
583 1272 689 1349 operis,
712 1290 788 1349 quae
802 1268 974 1329 inscribitur
1001 1270 1233 1346 ,Konstrulrcija
1266 1270 1383 1329 meidu-

138 1356 282 1433 naroduoj
313 1356 591 1435 pravosposobnosti
626 1356 768 1415 voobseo·
808 1358 881 1415 haec
904 1370 1111 1435 exponuntur:
1138 1362 1164 1419 l.
1187 1358 1383 1437 Principatus,

136 1443 270 1514 libertas,
299 1443 533 1522 independentia
561 1442 600 1502 ad
631 1457 765 1503 naturam
798 1443 973 1523 aptitudinis
1006 1444 1044 1503 sd
1076 1446 1121 1503 ius
1156 1446 1383 1503 internetionals

138 1532 310 1609 pastinant:
340 1530 444 1591 eadem
467 1534 546 1589 inter
568 1552 599 1589 se
623 1534 724 1590 iuncta
745 1542 814 1589 sunt
836 1544 866 1589 et
889 1532 1068 1600 cohaerentr
1099 1534 1238 1591 universa
1268 1534 1331 1590 iuro
1354 1542 1383 1590 et

136 1618 237 1677 officia
251 1618 495 1677 internetionalia
509 1638 526 1676 c
541 1616 655 1677 duobus
671 1621 778 1677 iurium
793 1618 1015 1697 officiorumque
1039 1617 1197 1693 generibus
1220 1620 1383 1697 composita

136 1715 226 1765 suut:
256 1704 470 1783 principalibus
491 1716 521 1763 et
543 1704 705 1779 deriuatis3
730 1708 880 1785 utriusque
912 1708 1029 1781 generis
1060 1708 1124 1764 iura
1153 1716 1183 1763 et
1213 1706 1311 1763 cilicia
1335 1726 1383 1764 co-

137 1792 294 1851 haerentia
316 1794 394 1850 iuter
415 1814 455 1863 se,
478 1792 636 1851 cohaerent
658 1795 748 1851 etiam
764 1813 831 1851 cum
846 1792 940 1851 tribus
957 1792 1025 1863 illis,
1042 1813 1117 1872 quae
1133 1790 1171 1851 sd
1186 1790 1382 1871 aptitudinem

136 1878 175 1937 ad
199 1881 245 1938 ius
268 1880 496 1938 internetionale
518 1882 667 1959 pertinent
690 1879 729 1957 (p.
756 1876 947 1960 roc-221).

243 1970 272 2023 2.
288 1964 489 2025 Subiectorum
498 1969 688 2045 principatus,
700 1965 854 2034 libertatis,
867 1954 1116 2045 independentiae
1129 1976 1257 2044 potestas
1271 1964 1380 2043 duplex

134 2064 194 2111 est:
217 2074 270 2131 per
292 2073 324 2111 se
347 2055 503 2111 aestimata
523 2075 575 2112 seu
598 2053 732 2112 absoluta
754 2066 784 2111 et
806 2066 976 2133 comparata
999 2074 1064 2111 curu
1088 2053 1155 2111 aliis
1175 2072 1227 2111 seu
1242 2052 1381 2125 relativa3

135 2151 261 2218 utraque
283 2141 437 2219 principiis
460 2139 738 2199 internetionalibus
760 2139 982 2199 determinatur.
1021 2140 1174 2218 Principia
1197 2140 1268 2197 iuris
1291 2141 1381 2197 inter·

134 2226 298 2285 nationalis
328 2239 433 2285 natura
462 2248 515 2285 sua
545 2226 678 2304 obligant
709 2237 798 2305 atque
820 2226 1016 2287 subiectorum
1048 2230 1119 2287 iuris
1143 2226 1381 2285 internetionalis

131 2314 286 2373 licentiam
309 2323 444 2371 coercent
467 2316 516 2383 ita
539 2324 571 2372 ut
593 2316 650 2373 tria
673 2314 821 2373 elementa
843 2314 896 2374 illa
920 2334 978 2373 uon
1002 2314 1113 2373 violent
1136 2316 1174 2392 (p.
1188 2314 1381 2391 sse-227).

239 2403 267 2458 3.
291 2401 365 2459 Cum
379 2402 570 2479 principatus,
585 2400 715 2466 libertas,
732 2399 965 2479 independentia
981 2400 1068 2459 simul
1084 2420 1102 2458 a
1117 2400 1244 2459 dirersis
1258 2410 1382 2473 tenetur,

134 2486 370 2566 independentia
400 2487 542 2546 naturalis
573 2488 756 2565 singulorum
777 2488 891 2559 finitur;
924 2486 1001 2546 unde
1024 2486 1240 2555 satisdationes,
1276 2486 1383 2567 quibus

134 2584 198 2633 tuta
222 2573 369 2644 reddatur,
393 2577 577 2634 necessariae
600 2576 674 2633 liunt
697 2575 737 2653 (p.
761 2576 954 2651 snt—230).

239 2660 347 2719 Paucis
370 2661 408 2719 ad
430 2663 549 2739 singula
570 2660 750 2721 descendere
773 2661 854 2720 libet.

239 2748 500 2827 Principatus
532 2750 743 2825 (Suvereuitet)
766 2758 812 2807 est
834 2758 972 2827 potestas.
996 2768 1070 2825 quac
1094 2749 1173 2805 iutra
1196 2750 1381 2826 provinciam

133 2854 217 2893 suam
241 2856 337 2913 neque
359 2856 398 2893 cx
420 2836 543 2894 aliorum
566 2846 710 2915 potestate
734 2856 864 2913 unques
888 2833 1070 2893 subditorum
1093 2854 1238 2893 consensu
1264 2834 1381 2913 pendet.

133 2920 189 2989 Ea,
213 2926 318 2981 naturis
341 2922 542 2989 indivisibilis,
565 2922 617 2982 sed
641 2925 686 2991 iis,
709 2943 785 3001 quae
802 2925 934 2980 continet
957 2923 1006 2999 (po
1029 2920 1236 2997 soderraniju).
1264 2942 1380 3000 compo·

133 3009 200 3079 sita,
234 3008 344 3087 duplici
368 3010 462 3067 forma
484 3008 629 3068 dicionis:
659 3010 828 3067 territoriali
853 3010 941 3087 (quae
964 3007 1073 3085 triplex
1096 3019 1160 3067 est:
1191 3008 1378 3067 territorialis

132 3097 258 3174 proprie,
281 3096 513 3164 exterritorialis,
536 3095 772 3173 deterritorialis)
795 3105 825 3154 et
847 3096 993 3173 personali
1008 3096 1148 3173 (positiva
1171 3106 1200 3153 ot
1224 3092 1378 3173 negativa)

133 3185 211 3240 inter
233 3203 265 3240 sc
288 3181 512 3242 cohaerentibus
535 3186 672 3241 cernitur.
709 3218 747 3226 —-
782 3181 971 3243 Libertas
1007 3180 1168 3259 (st-oborta)
1193 3190 1285 3239 status
1309 3184 1378 3239 iuri-

132 3267 217 3327 dicus
239 3281 292 3341 est,
320 3291 377 3349 quo
399 3291 418 3327 a
439 3273 594 3349 provincia
615 3270 739 3329 alieuius
762 3271 917 3349 potestatis
941 3289 1140 3347 quaecumque
1165 3268 1225 3326 alia
1247 3278 1376 3345 potestas

132 3355 309 3415 excluditur.
353 3359 413 3432 Qui
436 3366 538 3424 status,
561 3369 667 3415 natura
689 3356 890 3425 indivisibilis,
914 3360 1091 3433 compositus
1115 3356 1239 3413 materia
1262 3354 1377 3413 duabus

133 3442 281 3501 libertatis
303 3443 404 3502 formis
426 3442 575 3501 obiectiva
597 3455 627 3501 et
649 3443 814 3502 subiectira
838 3446 914 3502 inter
944 3464 975 3501 se
999 3440 1224 3501 cohaerentibus
1247 3444 1377 3499 cernitur

132 3530 340 3607 (les-190).
381 3531 427 3589 lu
439 3529 457 3588 d
470 3552 486 3589 e
497 3552 516 3609 p
527 3552 543 3589 e
556 3552 575 3589 n
588 3530 712 3589 denti
726 3552 745 3590 a
767 3530 1019 3610 (Neaaiisimosd)
1043 3540 1137 3587 status
1161 3526 1300 3587 iuridicus
1325 3539 1377 3601 est,

129 3636 185 3695 per
212 3638 300 3695 quem
323 3620 401 3677 intra
422 3617 546 3677 alicuius
570 3619 723 3695 potestatis
746 3620 893 3695 propriam
918 3618 1100 3695 provinciam
1123 3615 1199 3674 alius
1222 3617 1376 3694 potestatis

131 3702 270 3763 absemia
292 3702 453 3785 (iusta)t·el
475 3706 601 3763 cessatio
623 3704 662 3762 ad
685 3724 788 3763 causas
811 3705 964 3783 potestatis
988 3723 1046 3761 non
1070 3704 1218 3781 pertinent
1241 3698 1294 3783 (ην
1318 3702 1375 3761 silu

129 3790 274 3869 laotorago
297 3791 409 3872 dannyj
434 3790 662 3871 obstestiennyj
681 3794 840 3869 organum,
863 3812 884 3845 v
899 3790 1041 3865 granicah
1065 3788 1294 3868 prinadle'iaitej
1310 3810 1377 3849 eruu

129 3878 340 3957 kompetencii,
370 3899 408 3937 ne
430 3877 693 3953 obuslorlivaetsja
715 3900 734 3935 v
757 3877 980 3936 osuiicstvlenii
1004 3877 1092 3935 vlasti
1116 3878 1288 3935 etsutsviem
1313 3877 1376 3955 (no-

129 3964 425 4043 kompotentnostt'u)
448 3966 481 4023 ili
504 3964 717 4041 bezdbjstviem
741 3965 830 4023 vlasti
853 3964 961 4041 drugih
983 3961 1217 4041 organismov“).

236 4052 424 4131 Principatus
447 4052 585 4111 libertate
606 4051 762 4122 obiectiva,
796 4072 855 4109 nou
878 4049 1042 4109 subiectiva
1065 4070 1119 4108 nec
1143 4048 1375 4127 independentia

131 4140 318 4211 continetur3
352 4138 474 4199 libertas
497 4149 620 4218 utraque
643 4140 818 4217 principatu,
842 4147 945 4197 neutro
969 4136 1209 4214 independentis,
1234 4135 1376 4215 indepen-

131 4223 236 4283 dentia
258 4230 380 4305 utrisque
404 4226 541 4285 libertate
564 4238 593 4285 ct
615 4228 781 4305 principatu
804 4228 971 4283 continetur
993 4225 1200 4301 (193-2trtr).

236 4312 419 4392 Principalis
441 4317 505 4373 iura
516 4314 758 4372 internetionalia
773 4326 840 4371 sunt
855 4315 920 4371 iura
934 4313 1022 4389 pacti,
1050 4312 1376 4389 πιθριιιιιιιιιιῒιιῐἰοιιίι“,

130 4401 312 4472 coactionis3
345 4400 451 4478 quibus
486 4398 717 4477 independentia
746 4402 920 4467 continetur,
955 4400 1136 4477 principatus
1173 4406 1222 4455 aut
1257 4396 1377 4454 libertas

132 4506 192 4544 non
215 4488 295 4557 item,
318 4489 392 4545 sicut
415 4508 469 4545 nec
492 4486 598 4544 officiis
621 4485 842 4563 principalibus.

237 4573 436 4633 Difficultatss
466 4574 514 4631 hic
538 4594 597 4631 uon
621 4571 783 4631 mediocres
813 4571 994 4650 superandas
1018 4571 1117 4640 fuisse,
1155 4592 1219 4629 curn
1244 4572 1379 4629 notiones

131 4660 263 4719 nondum
286 4663 358 4719 satis
380 4660 512 4739 liquidae
534 4670 641 4728 esseut,
665 4660 777 4719 influe
800 4659 887 4717 huius
910 4660 1002 4736 partis
1026 4670 1150 4716 notatur.
1176 4692 1212 4699 -
1239 4690 1278 4698 -

236 4747 335 4806 Partis
356 4748 440 4819 Hie,
463 4768 521 4826 qua
543 4768 587 4816 ea,
614 4768 690 4826 rpuae
712 4749 744 4805 in
766 4744 897 4805 secunda
919 4745 1054 4822 exposita
1078 4754 1152 4813 sunt,
1175 4743 1213 4803 ad
1237 4754 1376 4822 papatum

132 4834 400 4903 accommodantur,
430 4846 634 4912 argumentum
658 4847 702 4893 est
724 4834 798 4891 hoc:
835 4836 862 4893 1.
891 4834 918 4893 ὃ.
943 4830 1034 4889 Sedes
1059 4829 1147 4888 habet
1171 4831 1376 4908 principatum,
