<?xml version="1.0" encoding="UTF-8"?>
<!DOCTYPE html PUBLIC "-//W3C//DTD XHTML 1.0 Transitional//EN"
    "http://www.w3.org/TR/xhtml1/DTD/xhtml1-transitional.dtd">
<html xmlns="http://www.w3.org/1999/xhtml" xml:lang="en" lang="en">
 <head>
  <title>
</title>
<meta http-equiv="Content-Type" content="text/html;charset=utf-8" />
  <meta name='ocr-system' content='tesseract 3.04.00' />
  <meta name='ocr-capabilities' content='ocr_page ocr_carea ocr_par ocr_line ocrx_word'/>
</head>
<body>
  <div class='ocr_page' id='page_1' title='image "./slavorumlittera00unkngoog_0168.png"; bbox 0 0 3450 5342; ppageno 0'>
   <div class='ocr_carea' id='block_1_1' title="bbox 849 414 1043 469">
    <p class='ocr_par' dir='ltr' id='par_1_1' title="bbox 849 414 1043 469">
     <span class='ocr_line' id='line_1_1' title="bbox 849 414 1043 469; baseline 0.005 -1"><span class='ocrx_word' id='word_1_1' title='bbox 849 414 1043 469; x_wconf 66' lang='lat'>-148-</span> 
     </span>
    </p>
   </div>
   <div class='ocr_carea' id='block_1_2' title="bbox 316 599 1577 2501">
    <p class='ocr_par' dir='ltr' id='par_1_2' title="bbox 316 599 1573 941">
     <span class='ocr_line' id='line_1_2' title="bbox 320 599 1573 679; baseline -0.002 -20"><span class='ocrx_word' id='word_1_2' title='bbox 320 599 491 661; x_wconf 83' lang='lat' dir='ltr'><strong>studio</strong></span> <span class='ocrx_word' id='word_1_3' title='bbox 521 603 745 659; x_wconf 88' lang='lat' dir='ltr'><strong>unitatis</strong></span> <span class='ocrx_word' id='word_1_4' title='bbox 779 611 824 659; x_wconf 91' lang='lat' dir='ltr'><strong>et</strong></span> <span class='ocrx_word' id='word_1_5' title='bbox 856 602 991 679; x_wconf 87' lang='lat' dir='ltr'><strong>pacis</strong></span> <span class='ocrx_word' id='word_1_6' title='bbox 1029 600 1371 661; x_wconf 78' lang='lat' dir='ltr'><strong>Orientalium</strong></span> <span class='ocrx_word' id='word_1_7' title='bbox 1406 600 1573 659; x_wconf 81' lang='lat' dir='ltr'><strong>defini·</strong></span> 
     </span>
     <span class='ocr_line' id='line_1_3' title="bbox 316 684 1573 766; baseline 0.001 -21"><span class='ocrx_word' id='word_1_8' title='bbox 316 684 1573 766; x_wconf 80' lang='lat' dir='ltr'><strong>tioniadquiescere,quamintantaelestivitatis</strong></span> 
     </span>
     <span class='ocr_line' id='line_1_4' title="bbox 316 772 1572 853; baseline -0.002 -20"><span class='ocrx_word' id='word_1_9' title='bbox 316 774 646 835; x_wconf 85' lang='lat' dir='ltr'><strong>observantia</strong></span> <span class='ocrx_word' id='word_1_10' title='bbox 679 773 971 835; x_wconf 76' lang='lat' dir='ltr'><strong>dissidere“.</strong></span> <span class='ocrx_word' id='word_1_11' title='bbox 1005 774 1079 851; x_wconf 78' lang='lat' dir='ltr'><strong>(Soti</strong></span> <span class='ocrx_word' id='word_1_12' title='bbox 1118 775 1228 833; x_wconf 81' lang='lat' dir='ltr'>Leonis</span> <span class='ocrx_word' id='word_1_13' title='bbox 1266 774 1365 853; x_wconf 84' lang='lat' dir='ltr'><strong>Opera</strong></span> <span class='ocrx_word' id='word_1_14' title='bbox 1402 785 1421 834; x_wconf 92' lang='lat' dir='ltr'><strong>t.</strong></span> <span class='ocrx_word' id='word_1_15' title='bbox 1461 774 1487 835; x_wconf 92' lang='lat' dir='ltr'><strong>I.</strong></span> <span class='ocrx_word' id='word_1_16' title='bbox 1526 772 1572 832; x_wconf 87' lang='lat' dir='ltr'><strong>ed.</strong></span> 
     </span>
     <span class='ocr_line' id='line_1_5' title="bbox 316 858 1354 941; baseline 0 -22"><span class='ocrx_word' id='word_1_17' title='bbox 316 861 427 939; x_wconf 78' lang='lat' dir='ltr'><strong>Migne.</strong></span> <span class='ocrx_word' id='word_1_18' title='bbox 452 861 535 919; x_wconf 79' lang='lat' dir='ltr'><strong>Patr.</strong></span> <span class='ocrx_word' id='word_1_19' title='bbox 556 860 608 919; x_wconf 78' lang='lat' dir='ltr'><strong>lat.</strong></span> <span class='ocrx_word' id='word_1_20' title='bbox 631 871 651 919; x_wconf 81' lang='lat' dir='ltr'><strong>t</strong></span> <span class='ocrx_word' id='word_1_21' title='bbox 675 861 730 937; x_wconf 79' lang='lat'><strong>54)</strong></span> <span class='ocrx_word' id='word_1_22' title='bbox 751 881 797 939; x_wconf 85' lang='lat' dir='ltr'><strong>ep.</strong></span> <span class='ocrx_word' id='word_1_23' title='bbox 823 863 882 919; x_wconf 78' lang='lat'><strong>137</strong></span> <span class='ocrx_word' id='word_1_24' title='bbox 907 872 937 919; x_wconf 86' lang='lat' dir='ltr'><strong>et</strong></span> <span class='ocrx_word' id='word_1_25' title='bbox 962 862 1022 920; x_wconf 81' lang='lat'><strong>138</strong></span> <span class='ocrx_word' id='word_1_26' title='bbox 1047 862 1106 941; x_wconf 85' lang='lat' dir='ltr'><strong>(pp.</strong></span> <span class='ocrx_word' id='word_1_27' title='bbox 1133 864 1224 920; x_wconf 88' lang='lat'>1100.</span> <span class='ocrx_word' id='word_1_28' title='bbox 1250 858 1354 940; x_wconf 90' lang='grc'>1101).</span> 
     </span>
    </p>

    <p class='ocr_par' dir='ltr' id='par_1_3' title="bbox 319 948 1577 2326">
     <span class='ocr_line' id='line_1_6' title="bbox 426 948 1573 1025; baseline -0.003 -18"><span class='ocrx_word' id='word_1_29' title='bbox 426 949 475 1018; x_wconf 79' lang='lat' dir='ltr'><strong>Et,</strong></span> <span class='ocrx_word' id='word_1_30' title='bbox 497 950 597 1007; x_wconf 87' lang='grc'>10000</span> <span class='ocrx_word' id='word_1_31' title='bbox 620 948 849 1007; x_wconf 92' lang='lat' dir='ltr'><strong>Chronicou</strong></span> <span class='ocrx_word' id='word_1_32' title='bbox 873 950 1099 1025; x_wconf 76' lang='lat' dir='ltr'><strong>integrum,</strong></span> <span class='ocrx_word' id='word_1_33' title='bbox 1122 948 1294 1025; x_wconf 79' lang='lat' dir='ltr'><strong>Prosper</strong></span> <span class='ocrx_word' id='word_1_34' title='bbox 1317 948 1499 1025; x_wconf 79' lang='lat' dir='ltr'><strong>Aquitanas,</strong></span> <span class='ocrx_word' id='word_1_35' title='bbox 1523 948 1573 1024; x_wconf 88' lang='lat' dir='ltr'><strong>qui</strong></span> 
     </span>
     <span class='ocr_line' id='line_1_7' title="bbox 319 1031 1574 1111; baseline -0.002 -18"><span class='ocrx_word' id='word_1_36' title='bbox 319 1036 431 1093; x_wconf 83' lang='lat' dir='ltr'><strong>Romae</strong></span> <span class='ocrx_word' id='word_1_37' title='bbox 454 1032 582 1111; x_wconf 82' lang='lat' dir='ltr'><strong>degebat</strong></span> <span class='ocrx_word' id='word_1_38' title='bbox 603 1034 779 1095; x_wconf 83' lang='lat' dir='ltr'><strong>Pontificiae</strong></span> <span class='ocrx_word' id='word_1_39' title='bbox 803 1034 1008 1095; x_wconf 73' lang='lat' dir='ltr'><strong>cancellariae</strong></span> <span class='ocrx_word' id='word_1_40' title='bbox 1031 1032 1174 1103; x_wconf 78' lang='lat' dir='ltr'><strong>addictus,</strong></span> <span class='ocrx_word' id='word_1_41' title='bbox 1206 1034 1279 1093; x_wconf 89' lang='lat' dir='ltr'><strong>haec</strong></span> <span class='ocrx_word' id='word_1_42' title='bbox 1301 1034 1429 1093; x_wconf 88' lang='lat' dir='ltr'><strong>scribere</strong></span> <span class='ocrx_word' id='word_1_43' title='bbox 1452 1031 1493 1091; x_wconf 90' lang='lat' dir='ltr'><strong>de</strong></span> <span class='ocrx_word' id='word_1_44' title='bbox 1516 1033 1574 1093; x_wconf 81' lang='lat' dir='ltr'><strong>Pa·</strong></span> 
     </span>
     <span class='ocr_line' id='line_1_8' title="bbox 319 1119 1574 1200; baseline -0.004 -19"><span class='ocrx_word' id='word_1_45' title='bbox 319 1121 421 1181; x_wconf 87' lang='lat' dir='ltr'><strong>achate</strong></span> <span class='ocrx_word' id='word_1_46' title='bbox 444 1122 515 1181; x_wconf 88' lang='lat' dir='ltr'><strong>anni</strong></span> <span class='ocrx_word' id='word_1_47' title='bbox 538 1123 601 1180; x_wconf 76' lang='lat'><strong>455</strong></span> <span class='ocrx_word' id='word_1_48' title='bbox 625 1142 685 1180; x_wconf 93' lang='lat' dir='ltr'><strong>non</strong></span> <span class='ocrx_word' id='word_1_49' title='bbox 708 1121 873 1181; x_wconf 83' lang='lat' dir='ltr'><strong>dubitavit:</strong></span> <span class='ocrx_word' id='word_1_50' title='bbox 908 1119 1068 1194; x_wconf 75' lang='lat' dir='ltr'><strong>„Eodem</strong></span> <span class='ocrx_word' id='word_1_51' title='bbox 1099 1142 1210 1181; x_wconf 88' lang='lat' dir='ltr'><strong>anno</strong></span> <span class='ocrx_word' id='word_1_52' title='bbox 1242 1122 1415 1200; x_wconf 87' lang='lat' dir='ltr'><strong>pascha</strong></span> <span class='ocrx_word' id='word_1_53' title='bbox 1444 1119 1574 1179; x_wconf 91' lang='lat' dir='ltr'><strong>domi·</strong></span> 
     </span>
     <span class='ocr_line' id='line_1_9' title="bbox 320 1206 1574 1287; baseline -0.002 -20"><span class='ocrx_word' id='word_1_54' title='bbox 320 1210 448 1269; x_wconf 85' lang='lat' dir='ltr'><strong>uicum</strong></span> <span class='ocrx_word' id='word_1_55' title='bbox 471 1206 529 1267; x_wconf 89' lang='lat' dir='ltr'><strong>die</strong></span> <span class='ocrx_word' id='word_1_56' title='bbox 552 1208 638 1267; x_wconf 85' lang='lat' dir='ltr'>VIII.</span> <span class='ocrx_word' id='word_1_57' title='bbox 660 1208 861 1268; x_wconf 79' lang='lat' dir='ltr'><strong>Kalendas</strong></span> <span class='ocrx_word' id='word_1_58' title='bbox 884 1209 983 1269; x_wconf 84' lang='lat' dir='ltr'><strong>Maii</strong></span> <span class='ocrx_word' id='word_1_59' title='bbox 1014 1208 1068 1285; x_wconf 80' lang='lat'><strong>(24</strong></span> <span class='ocrx_word' id='word_1_60' title='bbox 1092 1208 1164 1287; x_wconf 89' lang='lat' dir='ltr'><strong>apr.)</strong></span> <span class='ocrx_word' id='word_1_61' title='bbox 1192 1207 1461 1266; x_wconf 87' lang='lat' dir='ltr'><strong>celebratum</strong></span> <span class='ocrx_word' id='word_1_62' title='bbox 1496 1215 1574 1278; x_wconf 70' lang='lat' dir='ltr'><strong>est,</strong></span> 
     </span>
     <span class='ocr_line' id='line_1_10' title="bbox 320 1294 1575 1375; baseline -0.003 -20"><span class='ocrx_word' id='word_1_63' title='bbox 320 1297 527 1374; x_wconf 73' lang='lat' dir='ltr'><strong>pertinaci</strong></span> <span class='ocrx_word' id='word_1_64' title='bbox 558 1297 790 1355; x_wconf 89' lang='lat' dir='ltr'><strong>intentione</strong></span> <span class='ocrx_word' id='word_1_65' title='bbox 813 1294 1087 1355; x_wconf 82' lang='lat' dir='ltr'><strong>Alexandriui</strong></span> <span class='ocrx_word' id='word_1_66' title='bbox 1112 1296 1312 1375; x_wconf 81' lang='lat' dir='ltr'><strong>Episcopi,</strong></span> <span class='ocrx_word' id='word_1_67' title='bbox 1342 1296 1408 1353; x_wconf 91' lang='lat' dir='ltr'><strong>cui</strong></span> <span class='ocrx_word' id='word_1_68' title='bbox 1437 1314 1575 1353; x_wconf 89' lang='lat' dir='ltr'><strong>omnes</strong></span> 
     </span>
     <span class='ocr_line' id='line_1_11' title="bbox 320 1381 1577 1460; baseline -0.005 -17"><span class='ocrx_word' id='word_1_69' title='bbox 320 1382 543 1443; x_wconf 84' lang='lat' dir='ltr'><strong>Orientales</strong></span> <span class='ocrx_word' id='word_1_70' title='bbox 565 1381 894 1441; x_wconf 88' lang='lat' dir='ltr'><strong>consentiendum</strong></span> <span class='ocrx_word' id='word_1_71' title='bbox 917 1392 1168 1460; x_wconf 73' lang='lat' dir='ltr'><strong>putaverunt,</strong></span> <span class='ocrx_word' id='word_1_72' title='bbox 1192 1384 1377 1460; x_wconf 80' lang='lat' dir='ltr'><strong>quamvis</strong></span> <span class='ocrx_word' id='word_1_73' title='bbox 1401 1381 1577 1439; x_wconf 84' lang='lat' dir='ltr'><strong>Sanctus</strong></span> 
     </span>
     <span class='ocr_line' id='line_1_12' title="bbox 320 1466 1573 1548; baseline -0.002 -19"><span class='ocrx_word' id='word_1_74' title='bbox 320 1470 408 1542; x_wconf 87' lang='lat' dir='ltr'><strong>Leo,</strong></span> <span class='ocrx_word' id='word_1_75' title='bbox 431 1469 491 1527; x_wconf 85' lang='lat' dir='ltr'><strong>XV</strong></span> <span class='ocrx_word' id='word_1_76' title='bbox 514 1468 745 1528; x_wconf 80' lang='lat' dir='ltr'><strong>Kalendas</strong></span> <span class='ocrx_word' id='word_1_77' title='bbox 769 1470 875 1527; x_wconf 83' lang='lat' dir='ltr'><strong>Maii</strong></span> <span class='ocrx_word' id='word_1_78' title='bbox 898 1469 950 1547; x_wconf 85' lang='grc'><strong>(17</strong></span> <span class='ocrx_word' id='word_1_79' title='bbox 976 1467 1049 1548; x_wconf 79' lang='lat' dir='ltr'><strong>apr.)</strong></span> <span class='ocrx_word' id='word_1_80' title='bbox 1072 1471 1219 1547; x_wconf 86' lang='lat' dir='ltr'><strong>potius</strong></span> <span class='ocrx_word' id='word_1_81' title='bbox 1252 1466 1573 1538; x_wconf 78' lang='lat' dir='ltr'><strong>observandum,</strong></span> 
     </span>
     <span class='ocr_line' id='line_1_13' title="bbox 319 1553 1574 1636; baseline -0.002 -23"><span class='ocrx_word' id='word_1_82' title='bbox 319 1566 643 1636; x_wconf 76' lang='lat' dir='ltr'><strong>protestaretur.</strong></span> <span class='ocrx_word' id='word_1_83' title='bbox 678 1557 829 1615; x_wconf 84' lang='lat' dir='ltr'><strong>Extant</strong></span> <span class='ocrx_word' id='word_1_84' title='bbox 852 1554 1029 1615; x_wconf 90' lang='lat' dir='ltr'><strong>eiusdem</strong></span> <span class='ocrx_word' id='word_1_85' title='bbox 1052 1556 1181 1634; x_wconf 90' lang='lat' dir='ltr'><strong>Papae</strong></span> <span class='ocrx_word' id='word_1_86' title='bbox 1204 1556 1400 1634; x_wconf 86' lang='lat' dir='ltr'><strong>epistolae</strong></span> <span class='ocrx_word' id='word_1_87' title='bbox 1424 1553 1476 1612; x_wconf 90' lang='lat' dir='ltr'><strong>ad</strong></span> <span class='ocrx_word' id='word_1_88' title='bbox 1499 1555 1574 1611; x_wconf 90' lang='lat' dir='ltr'><strong>cle·</strong></span> 
     </span>
     <span class='ocr_line' id='line_1_14' title="bbox 319 1639 1576 1721; baseline -0.002 -20"><span class='ocrx_word' id='word_1_89' title='bbox 319 1644 612 1702; x_wconf 89' lang='lat' dir='ltr'><strong>meutissimum</strong></span> <span class='ocrx_word' id='word_1_90' title='bbox 651 1643 900 1721; x_wconf 83' lang='lat' dir='ltr'><strong>Principem</strong></span> <span class='ocrx_word' id='word_1_91' title='bbox 935 1642 1193 1703; x_wconf 79' lang='lat' dir='ltr'><strong>Marcianum</strong></span> <span class='ocrx_word' id='word_1_92' title='bbox 1239 1639 1375 1713; x_wconf 73' lang='lat' dir='ltr'><strong>datae,</strong></span> <span class='ocrx_word' id='word_1_93' title='bbox 1420 1640 1576 1719; x_wconf 87' lang='lat' dir='ltr'><strong>quibus</strong></span> 
     </span>
     <span class='ocr_line' id='line_1_15' title="bbox 320 1728 1575 1808; baseline -0.004 -19"><span class='ocrx_word' id='word_1_94' title='bbox 320 1730 424 1789; x_wconf 83' lang='lat' dir='ltr'><strong>ratio</strong></span> <span class='ocrx_word' id='word_1_95' title='bbox 460 1732 682 1788; x_wconf 82' lang='lat' dir='ltr'><strong>veritatis</strong></span> <span class='ocrx_word' id='word_1_96' title='bbox 727 1729 1027 1787; x_wconf 87' lang='lat' dir='ltr'><strong>sollicitatae</strong></span> <span class='ocrx_word' id='word_1_97' title='bbox 1064 1728 1301 1787; x_wconf 84' lang='lat' dir='ltr'><strong>evidenter</strong></span> <span class='ocrx_word' id='word_1_98' title='bbox 1338 1728 1575 1808; x_wconf 84' lang='lat' dir='ltr'><strong>patefacta</strong></span> 
     </span>
     <span class='ocr_line' id='line_1_16' title="bbox 320 1815 1573 1895; baseline -0.002 -20"><span class='ocrx_word' id='word_1_99' title='bbox 320 1826 394 1889; x_wconf 88' lang='lat' dir='ltr'><strong>est,</strong></span> <span class='ocrx_word' id='word_1_100' title='bbox 435 1815 667 1895; x_wconf 84' lang='lat' dir='ltr'><strong>atquibus</strong></span> <span class='ocrx_word' id='word_1_101' title='bbox 702 1817 912 1882; x_wconf 76' lang='lat' dir='ltr'><strong>Ecclesia</strong></span> <span class='ocrx_word' id='word_1_102' title='bbox 948 1816 1377 1874; x_wconf 88' lang='lat' dir='ltr'><strong>catholicainstrui</strong></span> <span class='ocrx_word' id='word_1_103' title='bbox 1412 1824 1573 1892; x_wconf 75' lang='lat' dir='ltr'><strong>potest,</strong></span> 
     </span>
     <span class='ocr_line' id='line_1_17' title="bbox 320 1896 1574 1984; baseline -0.001 -22"><span class='ocrx_word' id='word_1_104' title='bbox 320 1903 430 1983; x_wconf 89' lang='lat' dir='ltr'><strong>quod</strong></span> <span class='ocrx_word' id='word_1_105' title='bbox 464 1903 542 1962; x_wconf 87' lang='lat' dir='ltr'><strong>hac</strong></span> <span class='ocrx_word' id='word_1_106' title='bbox 576 1905 810 1981; x_wconf 86' lang='lat' dir='ltr'><strong>persuasio</strong></span> <span class='ocrx_word' id='word_1_107' title='bbox 844 1898 972 1965; x_wconf 72' lang='lat' dir='ltr'><strong>studio</strong></span> <span class='ocrx_word' id='word_1_108' title='bbox 1004 1898 1165 1965; x_wconf 70' lang='lat' dir='ltr'><strong>ustilatis</strong></span> <span class='ocrx_word' id='word_1_109' title='bbox 1201 1901 1234 1963; x_wconf 75' lang='lat' dir='ltr'><strong>el</strong></span> <span class='ocrx_word' id='word_1_110' title='bbox 1262 1897 1375 1984; x_wconf 72' lang='lat' dir='ltr'><strong>pacis</strong></span> <span class='ocrx_word' id='word_1_111' title='bbox 1411 1896 1574 1963; x_wconf 69' lang='lat' dir='ltr'><strong>tolerata</strong></span> 
     </span>
     <span class='ocr_line' id='line_1_18' title="bbox 319 1986 1575 2069; baseline -0.006 -17"><span class='ocrx_word' id='word_1_112' title='bbox 319 1986 370 2052; x_wconf 73' lang='lat' dir='ltr'><strong>sil</strong></span> <span class='ocrx_word' id='word_1_113' title='bbox 391 1993 526 2069; x_wconf 91' lang='lat' dir='ltr'><strong>potius</strong></span> <span class='ocrx_word' id='word_1_114' title='bbox 548 2009 659 2068; x_wconf 88' lang='lat' dir='ltr'><strong>qnam</strong></span> <span class='ocrx_word' id='word_1_115' title='bbox 684 1990 885 2068; x_wconf 83' lang='lat' dir='ltr'><strong>probata.</strong></span> <span class='ocrx_word' id='word_1_116' title='bbox 917 2000 1124 2067; x_wconf 77' lang='lat' dir='ltr'><strong>numquam</strong></span> <span class='ocrx_word' id='word_1_117' title='bbox 1149 1988 1339 2067; x_wconf 85' lang='lat' dir='ltr'><strong>deinceps</strong></span> <span class='ocrx_word' id='word_1_118' title='bbox 1363 1987 1575 2059; x_wconf 75' lang='lat' dir='ltr'><strong>imitanda,</strong></span> 
     </span>
     <span class='ocr_line' id='line_1_19' title="bbox 320 2076 1574 2155; baseline -0.003 -19"><span class='ocrx_word' id='word_1_119' title='bbox 320 2088 494 2155; x_wconf 87' lang='lat' dir='ltr'><strong>utquae</strong></span> <span class='ocrx_word' id='word_1_120' title='bbox 524 2077 765 2135; x_wconf 81' lang='lat' dir='ltr'><strong>exitialem</strong></span> <span class='ocrx_word' id='word_1_121' title='bbox 800 2076 964 2135; x_wconf 89' lang='lat' dir='ltr'><strong>attulit</strong></span> <span class='ocrx_word' id='word_1_122' title='bbox 998 2076 1307 2145; x_wconf 80' lang='lat' dir='ltr'><strong>offensionem,</strong></span> <span class='ocrx_word' id='word_1_123' title='bbox 1341 2096 1503 2133; x_wconf 88' lang='lat' dir='ltr'><strong>omnem</strong></span> <span class='ocrx_word' id='word_1_124' title='bbox 1532 2077 1574 2132; x_wconf 94' lang='lat' dir='ltr'><strong>in</strong></span> 
     </span>
     <span class='ocr_line' id='line_1_20' title="bbox 319 2161 1569 2243; baseline 0 -22"><span class='ocrx_word' id='word_1_125' title='bbox 319 2175 576 2243; x_wconf 88' lang='lat' dir='ltr'><strong>perpetuum</strong></span> <span class='ocrx_word' id='word_1_126' title='bbox 610 2163 767 2241; x_wconf 90' lang='lat' dir='ltr'><strong>perdat</strong></span> <span class='ocrx_word' id='word_1_127' title='bbox 801 2166 1151 2222; x_wconf 77' lang='lat' dir='ltr'><strong>auctoritatem“.</strong></span> <span class='ocrx_word' id='word_1_128' title='bbox 1186 2162 1279 2241; x_wconf 89' lang='lat' dir='ltr'><strong>(Patr.</strong></span> <span class='ocrx_word' id='word_1_129' title='bbox 1303 2162 1353 2221; x_wconf 89' lang='lat' dir='ltr'><strong>lat.</strong></span> <span class='ocrx_word' id='word_1_130' title='bbox 1385 2161 1431 2223; x_wconf 80' lang='lat' dir='ltr'><strong>ed.</strong></span> <span class='ocrx_word' id='word_1_131' title='bbox 1456 2162 1569 2239; x_wconf 84' lang='lat' dir='ltr'><strong>Migne.</strong></span> 
     </span>
     <span class='ocr_line' id='line_1_21' title="bbox 319 2249 573 2326; baseline -0.012 -17"><span class='ocrx_word' id='word_1_132' title='bbox 319 2260 339 2309; x_wconf 92' lang='lat' dir='ltr'><strong>t.</strong></span> <span class='ocrx_word' id='word_1_133' title='bbox 365 2252 414 2308; x_wconf 89' lang='lat'><strong>51.</strong></span> <span class='ocrx_word' id='word_1_134' title='bbox 437 2270 464 2326; x_wconf 93' lang='lat' dir='ltr'><strong>p.</strong></span> <span class='ocrx_word' id='word_1_135' title='bbox 488 2249 573 2325; x_wconf 82' lang='grc'>606).</span> 
     </span>
    </p>

    <p class='ocr_par' dir='ltr' id='par_1_4' title="bbox 400 2335 1213 2415">
     <span class='ocr_line' id='line_1_22' title="bbox 400 2335 1213 2415; baseline 0 -22"><span class='ocrx_word' id='word_1_136' title='bbox 400 2359 404 2365; x_wconf 92' lang='grc'>·</span> <span class='ocrx_word' id='word_1_137' title='bbox 429 2337 549 2415; x_wconf 89' lang='lat' dir='ltr'><strong>Duplici</strong></span> <span class='ocrx_word' id='word_1_138' title='bbox 572 2336 829 2395; x_wconf 85' lang='lat' dir='ltr'><strong>animadversione</strong></span> <span class='ocrx_word' id='word_1_139' title='bbox 851 2337 953 2394; x_wconf 89' lang='lat' dir='ltr'><strong>thema</strong></span> <span class='ocrx_word' id='word_1_140' title='bbox 976 2337 1029 2395; x_wconf 91' lang='lat' dir='ltr'><strong>hoc</strong></span> <span class='ocrx_word' id='word_1_141' title='bbox 1052 2335 1213 2395; x_wconf 84' lang='lat' dir='ltr'><strong>absolvam.</strong></span> 
     </span>
    </p>

    <p class='ocr_par' dir='ltr' id='par_1_5' title="bbox 428 2421 1575 2501">
     <span class='ocr_line' id='line_1_23' title="bbox 428 2421 1575 2501; baseline -0.002 -20"><span class='ocrx_word' id='word_1_142' title='bbox 428 2424 450 2484; x_wconf 94' lang='grc' dir='ltr'><strong>Ι.</strong></span> <span class='ocrx_word' id='word_1_143' title='bbox 474 2425 658 2493; x_wconf 74' lang='grc'>11000155,</span> <span class='ocrx_word' id='word_1_144' title='bbox 688 2426 776 2481; x_wconf 90' lang='lat' dir='ltr'><strong>unica</strong></span> <span class='ocrx_word' id='word_1_145' title='bbox 809 2421 846 2480; x_wconf 91' lang='lat' dir='ltr'><strong>ab</strong></span> <span class='ocrx_word' id='word_1_146' title='bbox 870 2422 1083 2481; x_wconf 83' lang='lat' dir='ltr'><strong>Alexandrinis</strong></span> <span class='ocrx_word' id='word_1_147' title='bbox 1115 2424 1205 2481; x_wconf 86' lang='lat' dir='ltr'><strong>allata</strong></span> <span class='ocrx_word' id='word_1_148' title='bbox 1229 2444 1279 2501; x_wconf 90' lang='lat' dir='ltr'><strong>pro</strong></span> <span class='ocrx_word' id='word_1_149' title='bbox 1302 2421 1372 2479; x_wconf 89' lang='lat' dir='ltr'><strong>dato</strong></span> <span class='ocrx_word' id='word_1_150' title='bbox 1406 2426 1445 2479; x_wconf 71' lang='lat'><strong>‘24</strong></span> <span class='ocrx_word' id='word_1_151' title='bbox 1471 2422 1575 2500; x_wconf 84' lang='lat' dir='ltr'><strong>aprilis</strong></span> 
     </span>
    </p>
   </div>
   <div class='ocr_carea' id='block_1_3' title="bbox 318 2507 1578 2678">
    <p class='ocr_par' dir='ltr' id='par_1_6' title="bbox 318 2507 1578 2678">
     <span class='ocr_line' id='line_1_24' title="bbox 318 2507 1575 2589; baseline -0.002 -20"><span class='ocrx_word' id='word_1_152' title='bbox 318 2512 393 2569; x_wconf 85' lang='lat' dir='ltr'><strong>ratio</strong></span> <span class='ocrx_word' id='word_1_153' title='bbox 410 2510 484 2568; x_wconf 89' lang='lat' dir='ltr'><strong>haec</strong></span> <span class='ocrx_word' id='word_1_154' title='bbox 507 2521 577 2581; x_wconf 83' lang='lat' dir='ltr'><strong>erat,</strong></span> <span class='ocrx_word' id='word_1_155' title='bbox 594 2509 680 2589; x_wconf 75' lang='lat' dir='ltr'><strong>qnod„</strong></span> <span class='ocrx_word' id='word_1_156' title='bbox 704 2513 735 2569; x_wconf 92' lang='lat' dir='ltr'><strong>in</strong></span> <span class='ocrx_word' id='word_1_157' title='bbox 758 2509 891 2588; x_wconf 84' lang='lat' dir='ltr'><strong>paschali</strong></span> <span class='ocrx_word' id='word_1_158' title='bbox 907 2530 1006 2568; x_wconf 91' lang='lat' dir='ltr'><strong>eorum</strong></span> <span class='ocrx_word' id='word_1_159' title='bbox 1023 2510 1116 2589; x_wconf 77' lang='lat' dir='ltr'><strong>cyclo,</strong></span> <span class='ocrx_word' id='word_1_160' title='bbox 1140 2509 1319 2588; x_wconf 86' lang='lat' dir='ltr'><strong>praecedens</strong></span> <span class='ocrx_word' id='word_1_161' title='bbox 1339 2507 1490 2568; x_wconf 82' lang='lat' dir='ltr'><strong>dominica</strong></span> <span class='ocrx_word' id='word_1_162' title='bbox 1510 2508 1575 2567; x_wconf 89' lang='lat' dir='ltr'><strong>dies</strong></span> 
     </span>
     <span class='ocr_line' id='line_1_25' title="bbox 320 2592 1578 2678; baseline -0.002 -22"><span class='ocrx_word' id='word_1_163' title='bbox 320 2594 374 2678; x_wconf 85' lang='grc'><strong>(14</strong></span> <span class='ocrx_word' id='word_1_164' title='bbox 399 2592 473 2677; x_wconf 87' lang='lat' dir='ltr'><strong>apr.)</strong></span> <span class='ocrx_word' id='word_1_165' title='bbox 496 2618 562 2655; x_wconf 93' lang='lat' dir='ltr'><strong>cum</strong></span> <span class='ocrx_word' id='word_1_166' title='bbox 585 2597 656 2655; x_wconf 89' lang='lat' dir='ltr'><strong>luna</strong></span> <span class='ocrx_word' id='word_1_167' title='bbox 679 2597 756 2655; x_wconf 79' lang='lat' dir='ltr'><strong>xlv</strong></span> <span class='ocrx_word' id='word_1_168' title='bbox 778 2595 982 2655; x_wconf 85' lang='lat' dir='ltr'><strong>conveniebat.</strong></span> <span class='ocrx_word' id='word_1_169' title='bbox 1028 2596 1087 2655; x_wconf 70' lang='lat' dir='ltr'><strong>Sed</strong></span> <span class='ocrx_word' id='word_1_170' title='bbox 1111 2598 1180 2655; x_wconf 77' lang='lat' dir='ltr'><strong>Soti.</strong></span> <span class='ocrx_word' id='word_1_171' title='bbox 1204 2597 1313 2655; x_wconf 88' lang='lat' dir='ltr'><strong>Leonis</strong></span> <span class='ocrx_word' id='word_1_172' title='bbox 1343 2617 1395 2674; x_wconf 94' lang='lat' dir='ltr'><strong>pro</strong></span> <span class='ocrx_word' id='word_1_173' title='bbox 1428 2606 1578 2675; x_wconf 89' lang='lat' dir='ltr'><strong>postremo</strong></span> 
     </span>
    </p>
   </div>
   <div class='ocr_carea' id='block_1_4' title="bbox 319 2681 1575 3457">
    <p class='ocr_par' dir='ltr' id='par_1_7' title="bbox 319 2681 1575 3281">
     <span class='ocr_line' id='line_1_26' title="bbox 319 2681 1574 2762; baseline -0.002 -20"><span class='ocrx_word' id='word_1_174' title='bbox 319 2684 376 2743; x_wconf 92' lang='lat' dir='ltr'><strong>hoc</strong></span> <span class='ocrx_word' id='word_1_175' title='bbox 398 2684 468 2743; x_wconf 89' lang='lat' dir='ltr'><strong>dato</strong></span> <span class='ocrx_word' id='word_1_176' title='bbox 496 2686 686 2762; x_wconf 89' lang='lat' dir='ltr'><strong>persistentia</strong></span> <span class='ocrx_word' id='word_1_177' title='bbox 708 2682 845 2759; x_wconf 80' lang='lat' dir='ltr'><strong>ostendit,</strong></span> <span class='ocrx_word' id='word_1_178' title='bbox 878 2681 955 2761; x_wconf 91' lang='lat' dir='ltr'><strong>qnod</strong></span> <span class='ocrx_word' id='word_1_179' title='bbox 979 2684 1090 2742; x_wconf 90' lang='lat' dir='ltr'><strong>nullum</strong></span> <span class='ocrx_word' id='word_1_180' title='bbox 1123 2705 1175 2762; x_wconf 93' lang='lat' dir='ltr'><strong>pro</strong></span> <span class='ocrx_word' id='word_1_181' title='bbox 1198 2686 1261 2762; x_wconf 94' lang='lat' dir='ltr'><strong>ipso</strong></span> <span class='ocrx_word' id='word_1_182' title='bbox 1284 2683 1416 2741; x_wconf 83' lang='lat' dir='ltr'><strong>valorem</strong></span> <span class='ocrx_word' id='word_1_183' title='bbox 1440 2683 1574 2740; x_wconf 78' lang='lat' dir='ltr'><strong>Alexan-</strong></span> 
     </span>
     <span class='ocr_line' id='line_1_27' title="bbox 320 2769 1575 2849; baseline -0.001 -21"><span class='ocrx_word' id='word_1_184' title='bbox 320 2770 471 2831; x_wconf 90' lang='lat' dir='ltr'><strong>drinorum</strong></span> <span class='ocrx_word' id='word_1_185' title='bbox 494 2770 635 2830; x_wconf 81' lang='lat' dir='ltr'><strong>offerebat</strong></span> <span class='ocrx_word' id='word_1_186' title='bbox 651 2772 734 2830; x_wconf 89' lang='lat' dir='ltr'><strong>ratio.</strong></span> <span class='ocrx_word' id='word_1_187' title='bbox 757 2770 839 2829; x_wconf 87' lang='lat' dir='ltr'><strong>Hinc</strong></span> <span class='ocrx_word' id='word_1_188' title='bbox 855 2780 944 2848; x_wconf 82' lang='lat' dir='ltr'><strong>patet,</strong></span> <span class='ocrx_word' id='word_1_189' title='bbox 969 2770 1046 2848; x_wconf 90' lang='lat' dir='ltr'><strong>quod</strong></span> <span class='ocrx_word' id='word_1_190' title='bbox 1063 2791 1122 2829; x_wconf 93' lang='lat' dir='ltr'><strong>non</strong></span> <span class='ocrx_word' id='word_1_191' title='bbox 1145 2772 1247 2849; x_wconf 89' lang='lat' dir='ltr'><strong>primis</strong></span> <span class='ocrx_word' id='word_1_192' title='bbox 1267 2778 1381 2828; x_wconf 85' lang='lat' dir='ltr'><strong>tantum</strong></span> <span class='ocrx_word' id='word_1_193' title='bbox 1406 2790 1424 2826; x_wconf 90' lang='lat' dir='ltr'><strong>a</strong></span> <span class='ocrx_word' id='word_1_194' title='bbox 1437 2769 1575 2827; x_wconf 87' lang='lat' dir='ltr'><strong>Concilio</strong></span> 
     </span>
     <span class='ocr_line' id='line_1_28' title="bbox 320 2855 1571 2934; baseline -0.003 -17"><span class='ocrx_word' id='word_1_195' title='bbox 320 2857 455 2917; x_wconf 88' lang='lat' dir='ltr'><strong>Nicaeno</strong></span> <span class='ocrx_word' id='word_1_196' title='bbox 479 2860 574 2923; x_wconf 75' lang='lat' dir='ltr'><strong>annis.</strong></span> <span class='ocrx_word' id='word_1_197' title='bbox 597 2855 762 2915; x_wconf 88' lang='lat' dir='ltr'><strong>sedetiam</strong></span> <span class='ocrx_word' id='word_1_198' title='bbox 785 2866 851 2934; x_wconf 91' lang='lat' dir='ltr'><strong>post</strong></span> <span class='ocrx_word' id='word_1_199' title='bbox 874 2868 990 2915; x_wconf 89' lang='lat' dir='ltr'><strong>centum</strong></span> <span class='ocrx_word' id='word_1_200' title='bbox 1014 2859 1137 2934; x_wconf 87' lang='lat' dir='ltr'><strong>triginta</strong></span> <span class='ocrx_word' id='word_1_201' title='bbox 1161 2877 1253 2916; x_wconf 89' lang='lat' dir='ltr'><strong>annos</strong></span> <span class='ocrx_word' id='word_1_202' title='bbox 1277 2858 1412 2915; x_wconf 86' lang='lat' dir='ltr'><strong>Romana</strong></span> <span class='ocrx_word' id='word_1_203' title='bbox 1434 2856 1571 2914; x_wconf 80' lang='lat' dir='ltr'><strong>Ecclesia</strong></span> 
     </span>
     <span class='ocr_line' id='line_1_29' title="bbox 319 2942 1572 3023; baseline -0.002 -21"><span class='ocrx_word' id='word_1_204' title='bbox 319 2947 351 3003; x_wconf 89' lang='lat' dir='ltr'><strong>iu</strong></span> <span class='ocrx_word' id='word_1_205' title='bbox 374 2944 477 3003; x_wconf 82' lang='lat' dir='ltr'><strong>eadem</strong></span> <span class='ocrx_word' id='word_1_206' title='bbox 501 2943 693 3023; x_wconf 88' lang='lat' dir='ltr'><strong>permanebat</strong></span> <span class='ocrx_word' id='word_1_207' title='bbox 708 2946 864 3018; x_wconf 86' lang='lat' dir='ltr'><strong>sententia,</strong></span> <span class='ocrx_word' id='word_1_208' title='bbox 888 2942 966 3022; x_wconf 89' lang='lat' dir='ltr'><strong>quod</strong></span> <span class='ocrx_word' id='word_1_209' title='bbox 989 2944 1160 3021; x_wconf 87' lang='lat' dir='ltr'><strong>plenissime</strong></span> <span class='ocrx_word' id='word_1_210' title='bbox 1173 2944 1275 3001; x_wconf 87' lang='lat' dir='ltr'><strong>liceret</strong></span> <span class='ocrx_word' id='word_1_211' title='bbox 1290 2942 1446 3001; x_wconf 90' lang='lat' dir='ltr'><strong>Paschatis</strong></span> <span class='ocrx_word' id='word_1_212' title='bbox 1462 2942 1572 3001; x_wconf 87' lang='lat' dir='ltr'><strong>festum</strong></span> 
     </span>
     <span class='ocr_line' id='line_1_30' title="bbox 319 3030 1571 3109; baseline -0.002 -19"><span class='ocrx_word' id='word_1_213' title='bbox 319 3033 352 3090; x_wconf 90' lang='lat' dir='ltr'><strong>in</strong></span> <span class='ocrx_word' id='word_1_214' title='bbox 374 3034 439 3109; x_wconf 66' lang='lat' dir='ltr'><strong>ipsi</strong></span> <span class='ocrx_word' id='word_1_215' title='bbox 463 3030 718 3109; x_wconf 88' lang='lat' dir='ltr'><strong>quartaedecimae</strong></span> <span class='ocrx_word' id='word_1_216' title='bbox 742 3030 828 3088; x_wconf 88' lang='lat' dir='ltr'><strong>lunae</strong></span> <span class='ocrx_word' id='word_1_217' title='bbox 851 3030 908 3101; x_wconf 89' lang='grc'>(110,</span> <span class='ocrx_word' id='word_1_218' title='bbox 931 3032 956 3087; x_wconf 90' lang='lat' dir='ltr'><strong>si</strong></span> <span class='ocrx_word' id='word_1_219' title='bbox 980 3040 1093 3089; x_wconf 88' lang='lat' dir='ltr'><strong>tantum</strong></span> <span class='ocrx_word' id='word_1_220' title='bbox 1117 3031 1190 3089; x_wconf 89' lang='lat' dir='ltr'><strong>haec</strong></span> <span class='ocrx_word' id='word_1_221' title='bbox 1213 3030 1287 3089; x_wconf 81' lang='lat' dir='ltr'><strong>foret</strong></span> <span class='ocrx_word' id='word_1_222' title='bbox 1303 3030 1470 3097; x_wconf 78' lang='lat' dir='ltr'><strong>Ilominica,</strong></span> <span class='ocrx_word' id='word_1_223' title='bbox 1494 3030 1571 3087; x_wconf 86' lang='lat' dir='ltr'><strong>cele-</strong></span> 
     </span>
     <span class='ocr_line' id='line_1_31' title="bbox 319 3114 1571 3196; baseline -0.001 -20"><span class='ocrx_word' id='word_1_224' title='bbox 319 3117 417 3177; x_wconf 88' lang='lat' dir='ltr'><strong>brare:</strong></span> <span class='ocrx_word' id='word_1_225' title='bbox 452 3118 519 3176; x_wconf 89' lang='lat' dir='ltr'><strong>aliis</strong></span> <span class='ocrx_word' id='word_1_226' title='bbox 541 3117 649 3188; x_wconf 85' lang='lat' dir='ltr'><strong>verbis,</strong></span> <span class='ocrx_word' id='word_1_227' title='bbox 679 3116 757 3196; x_wconf 89' lang='lat' dir='ltr'><strong>qnod</strong></span> <span class='ocrx_word' id='word_1_228' title='bbox 780 3117 889 3175; x_wconf 88' lang='lat' dir='ltr'><strong>locutio</strong></span> <span class='ocrx_word' id='word_1_229' title='bbox 909 3118 1091 3176; x_wconf 78' lang='lat' dir='ltr'><strong>‘Pascha</strong></span> <span class='ocrx_word' id='word_1_230' title='bbox 1114 3138 1201 3176; x_wconf 93' lang='lat' dir='ltr'><strong>cum</strong></span> <span class='ocrx_word' id='word_1_231' title='bbox 1233 3116 1424 3183; x_wconf 77' lang='lat' dir='ltr'><strong>ludaeis.</strong></span> <span class='ocrx_word' id='word_1_232' title='bbox 1458 3114 1571 3194; x_wconf 81' lang='grc' dir='ltr'><em>μετὰ</em></span> 
     </span>
     <span class='ocr_line' id='line_1_32' title="bbox 319 3202 1570 3281; baseline -0.005 -16"><span class='ocrx_word' id='word_1_233' title='bbox 319 3209 405 3267; x_wconf 83' lang='grc' dir='ltr'><strong>τῶν</strong></span> <span class='ocrx_word' id='word_1_234' title='bbox 431 3204 515 3267; x_wconf 87' lang='lat' dir='ltr'><strong>’Iov</strong></span> <span class='ocrx_word' id='word_1_235' title='bbox 529 3204 685 3266; x_wconf 75' lang='lat' dir='ltr'><strong>daiwv’</strong></span> <span class='ocrx_word' id='word_1_236' title='bbox 714 3202 1048 3280; x_wconf 78' lang='lat' dir='ltr'><strong>Quartodecimanorum</strong></span> <span class='ocrx_word' id='word_1_237' title='bbox 1086 3214 1201 3263; x_wconf 88' lang='lat' dir='ltr'><strong>tantum</strong></span> <span class='ocrx_word' id='word_1_238' title='bbox 1235 3202 1412 3281; x_wconf 85' lang='lat' dir='ltr'><strong>respiciebat</strong></span> <span class='ocrx_word' id='word_1_239' title='bbox 1445 3205 1570 3281; x_wconf 85' lang='lat' dir='ltr'><strong>praxim.</strong></span> 
     </span>
    </p>

    <p class='ocr_par' dir='ltr' id='par_1_8' title="bbox 319 3290 1571 3457">
     <span class='ocr_line' id='line_1_33' title="bbox 427 3290 1571 3351; baseline -0.004 0"><span class='ocrx_word' id='word_1_240' title='bbox 427 3293 467 3351; x_wconf 93' lang='lat' dir='ltr'><strong>II.</strong></span> <span class='ocrx_word' id='word_1_241' title='bbox 491 3290 628 3351; x_wconf 69' lang='grc'>50000110</span> <span class='ocrx_word' id='word_1_242' title='bbox 657 3302 688 3349; x_wconf 91' lang='grc'><strong>01</strong></span> <span class='ocrx_word' id='word_1_243' title='bbox 709 3293 829 3349; x_wconf 88' lang='lat' dir='ltr'><strong>maioris</strong></span> <span class='ocrx_word' id='word_1_244' title='bbox 860 3290 949 3349; x_wconf 88' lang='lat' dir='ltr'><strong>valde</strong></span> <span class='ocrx_word' id='word_1_245' title='bbox 979 3294 1120 3351; x_wconf 87' lang='lat' dir='ltr'><strong>momenti</strong></span> <span class='ocrx_word' id='word_1_246' title='bbox 1153 3290 1372 3351; x_wconf 83' lang='lat' dir='ltr'><strong>animadversio</strong></span> <span class='ocrx_word' id='word_1_247' title='bbox 1406 3290 1480 3348; x_wconf 87' lang='lat' dir='ltr'><strong>haec</strong></span> <span class='ocrx_word' id='word_1_248' title='bbox 1514 3300 1571 3349; x_wconf 85' lang='lat' dir='ltr'><strong>est:</strong></span> 
     </span>
     <span class='ocr_line' id='line_1_34' title="bbox 319 3376 1427 3457; baseline -0.004 -20"><span class='ocrx_word' id='word_1_249' title='bbox 319 3378 441 3439; x_wconf 87' lang='lat' dir='ltr'><strong>Nullum</strong></span> <span class='ocrx_word' id='word_1_250' title='bbox 465 3378 585 3457; x_wconf 73' lang='lat' dir='ltr'><strong>grande,</strong></span> <span class='ocrx_word' id='word_1_251' title='bbox 609 3381 640 3436; x_wconf 92' lang='lat' dir='ltr'><strong>in</strong></span> <span class='ocrx_word' id='word_1_252' title='bbox 664 3380 728 3436; x_wconf 86' lang='lat' dir='ltr'><strong>vita</strong></span> <span class='ocrx_word' id='word_1_253' title='bbox 749 3378 912 3449; x_wconf 74' lang='lat' dir='ltr'><strong>Ecclesiae,</strong></span> <span class='ocrx_word' id='word_1_254' title='bbox 936 3376 1120 3456; x_wconf 91' lang='lat' dir='ltr'><strong>deperditum</strong></span> <span class='ocrx_word' id='word_1_255' title='bbox 1144 3387 1227 3437; x_wconf 84' lang='lat' dir='ltr'><strong>extat</strong></span> <span class='ocrx_word' id='word_1_256' title='bbox 1249 3377 1427 3455; x_wconf 85' lang='lat' dir='ltr'><strong>exemplum.</strong></span> 
     </span>
    </p>
   </div>
   <div class='ocr_carea' id='block_1_5' title="bbox 931 3544 966 3600">
    <p class='ocr_par' dir='ltr' id='par_1_9' title="bbox 931 3544 966 3600">
     <span class='ocr_line' id='line_1_35' title="bbox 931 3544 966 3600; baseline 0.029 -1"><span class='ocrx_word' id='word_1_257' title='bbox 931 3544 966 3600; x_wconf 87' lang='lat' dir='ltr'><strong>V.</strong></span> 
     </span>
    </p>
   </div>
   <div class='ocr_carea' id='block_1_6' title="bbox 319 3669 1573 3924">
    <p class='ocr_par' dir='ltr' id='par_1_10' title="bbox 319 3669 1573 3924">
     <span class='ocr_line' id='line_1_36' title="bbox 319 3669 1573 3753; baseline -0.001 -23"><span class='ocrx_word' id='word_1_258' title='bbox 319 3674 366 3730; x_wconf 92' lang='lat' dir='ltr'><strong>De</strong></span> <span class='ocrx_word' id='word_1_259' title='bbox 390 3674 587 3742; x_wconf 88' lang='lat' dir='ltr'><strong>anathemate,</strong></span> <span class='ocrx_word' id='word_1_260' title='bbox 616 3671 653 3729; x_wconf 86' lang='lat' dir='ltr'><strong>ab</strong></span> <span class='ocrx_word' id='word_1_261' title='bbox 677 3671 866 3730; x_wconf 84' lang='lat' dir='ltr'><strong>Antiocheno</strong></span> <span class='ocrx_word' id='word_1_262' title='bbox 890 3674 1024 3731; x_wconf 87' lang='lat' dir='ltr'><strong>Concilio</strong></span> <span class='ocrx_word' id='word_1_263' title='bbox 1048 3669 1136 3753; x_wconf 79' lang='grc'>(311)</span> <span class='ocrx_word' id='word_1_264' title='bbox 1160 3683 1261 3731; x_wconf 87' lang='lat' dir='ltr'><strong>contra</strong></span> <span class='ocrx_word' id='word_1_265' title='bbox 1284 3671 1573 3749; x_wconf 80' lang='lat' dir='ltr'><strong>QuartodecImauos</strong></span> 
     </span>
     <span class='ocr_line' id='line_1_37' title="bbox 321 3758 1572 3840; baseline 0.001 -24"><span class='ocrx_word' id='word_1_266' title='bbox 321 3759 390 3831; x_wconf 90' lang='lat' dir='ltr'><strong>lato,</strong></span> <span class='ocrx_word' id='word_1_267' title='bbox 413 3769 442 3817; x_wconf 92' lang='lat' dir='ltr'><strong>et</strong></span> <span class='ocrx_word' id='word_1_268' title='bbox 465 3758 502 3817; x_wconf 90' lang='lat' dir='ltr'><strong>ab</strong></span> <span class='ocrx_word' id='word_1_269' title='bbox 525 3762 664 3817; x_wconf 70' lang='lat' dir='ltr'><strong>universa</strong></span> <span class='ocrx_word' id='word_1_270' title='bbox 690 3758 838 3819; x_wconf 85' lang='lat' dir='ltr'><strong>Orientali</strong></span> <span class='ocrx_word' id='word_1_271' title='bbox 861 3759 1007 3831; x_wconf 65' lang='lat' dir='ltr'><strong>Ecclesia,</strong></span> <span class='ocrx_word' id='word_1_272' title='bbox 1030 3762 1061 3818; x_wconf 92' lang='lat' dir='ltr'><strong>in</strong></span> <span class='ocrx_word' id='word_1_273' title='bbox 1085 3758 1206 3840; x_wconf 82' lang='lat' dir='ltr'><strong>Synodo</strong></span> <span class='ocrx_word' id='word_1_274' title='bbox 1222 3778 1301 3817; x_wconf 91' lang='lat' dir='ltr'><strong>anno</strong></span> <span class='ocrx_word' id='word_1_275' title='bbox 1320 3760 1402 3825; x_wconf 77' lang='lat'><strong>1593</strong></span> <span class='ocrx_word' id='word_1_276' title='bbox 1424 3758 1572 3818; x_wconf 85' lang='lat' dir='ltr'><strong>Constan-</strong></span> 
     </span>
     <span class='ocr_line' id='line_1_38' title="bbox 555 3845 1347 3924; baseline 0.003 -23"><span class='ocrx_word' id='word_1_277' title='bbox 555 3846 679 3923; x_wconf 86' lang='lat' dir='ltr'><strong>tinopoli</strong></span> <span class='ocrx_word' id='word_1_278' title='bbox 703 3845 813 3914; x_wconf 79' lang='lat' dir='ltr'><strong>habito,</strong></span> <span class='ocrx_word' id='word_1_279' title='bbox 836 3846 954 3905; x_wconf 88' lang='lat' dir='ltr'><strong>Latinis</strong></span> <span class='ocrx_word' id='word_1_280' title='bbox 978 3846 1016 3905; x_wconf 90' lang='lat' dir='ltr'><strong>ad</strong></span> <span class='ocrx_word' id='word_1_281' title='bbox 1038 3847 1167 3909; x_wconf 85' lang='lat' dir='ltr'><strong>litteram</strong></span> <span class='ocrx_word' id='word_1_282' title='bbox 1191 3846 1347 3924; x_wconf 86' lang='lat' dir='ltr'><strong>applicato.</strong></span> 
     </span>
    </p>
   </div>
   <div class='ocr_carea' id='block_1_7' title="bbox 320 3974 1572 4302">
    <p class='ocr_par' dir='ltr' id='par_1_11' title="bbox 320 3974 1572 4302">
     <span class='ocr_line' id='line_1_39' title="bbox 424 3974 1572 4037; baseline 0 -4"><span class='ocrx_word' id='word_1_283' title='bbox 424 3975 585 4033; x_wconf 87' lang='lat' dir='ltr'><strong>Prosecuta</strong></span> <span class='ocrx_word' id='word_1_284' title='bbox 607 3978 639 4033; x_wconf 90' lang='lat' dir='ltr'><strong>in</strong></span> <span class='ocrx_word' id='word_1_285' title='bbox 658 3976 791 4034; x_wconf 87' lang='lat' dir='ltr'><strong>Nicaeno</strong></span> <span class='ocrx_word' id='word_1_286' title='bbox 812 3976 947 4037; x_wconf 88' lang='lat' dir='ltr'><strong>Concilio</strong></span> <span class='ocrx_word' id='word_1_287' title='bbox 970 3980 1047 4037; x_wconf 91' lang='lat' dir='ltr'><strong>circa</strong></span> <span class='ocrx_word' id='word_1_288' title='bbox 1069 3976 1226 4035; x_wconf 85' lang='lat' dir='ltr'><strong>Paschatis</strong></span> <span class='ocrx_word' id='word_1_289' title='bbox 1249 3974 1480 4036; x_wconf 87' lang='lat' dir='ltr'><strong>celebrationem</strong></span> <span class='ocrx_word' id='word_1_290' title='bbox 1504 3992 1572 4033; x_wconf 90' lang='lat' dir='ltr'><strong>cou-</strong></span> 
     </span>
     <span class='ocr_line' id='line_1_40' title="bbox 320 4060 1572 4141; baseline 0 -22"><span class='ocrx_word' id='word_1_291' title='bbox 320 4060 421 4119; x_wconf 92' lang='lat' dir='ltr'><strong>cordia</strong></span> <span class='ocrx_word' id='word_1_292' title='bbox 443 4081 502 4119; x_wconf 94' lang='grc'><strong>000</strong></span> <span class='ocrx_word' id='word_1_293' title='bbox 525 4081 618 4140; x_wconf 87' lang='grc'>00000</span> <span class='ocrx_word' id='word_1_294' title='bbox 630 4061 740 4121; x_wconf 89' lang='lat' dir='ltr'><strong>dociles</strong></span> <span class='ocrx_word' id='word_1_295' title='bbox 753 4062 862 4141; x_wconf 84' lang='lat' dir='ltr'><strong>anqne</strong></span> <span class='ocrx_word' id='word_1_296' title='bbox 875 4067 988 4123; x_wconf 89' lang='lat' dir='ltr'><strong>animos</strong></span> <span class='ocrx_word' id='word_1_297' title='bbox 1001 4066 1129 4123; x_wconf 85' lang='lat' dir='ltr'><strong>invenit:</strong></span> <span class='ocrx_word' id='word_1_298' title='bbox 1153 4062 1223 4121; x_wconf 91' lang='lat' dir='ltr'><strong>hinc</strong></span> <span class='ocrx_word' id='word_1_299' title='bbox 1238 4074 1283 4121; x_wconf 90' lang='grc'><strong>001</strong></span> <span class='ocrx_word' id='word_1_300' title='bbox 1300 4061 1387 4141; x_wconf 89' lang='lat' dir='ltr'><strong>quod,</strong></span> <span class='ocrx_word' id='word_1_301' title='bbox 1400 4060 1572 4141; x_wconf 84' lang='lat' dir='ltr'><strong>quindecim</strong></span> 
     </span>
     <span class='ocr_line' id='line_1_41' title="bbox 321 4147 1571 4229; baseline 0 -23"><span class='ocrx_word' id='word_1_302' title='bbox 321 4168 340 4206; x_wconf 85' lang='lat' dir='ltr'><strong>a</strong></span> <span class='ocrx_word' id='word_1_303' title='bbox 363 4147 498 4207; x_wconf 81' lang='lat' dir='ltr'><strong>Concilio</strong></span> <span class='ocrx_word' id='word_1_304' title='bbox 520 4149 607 4207; x_wconf 87' lang='lat' dir='ltr'><strong>annis</strong></span> <span class='ocrx_word' id='word_1_305' title='bbox 630 4151 683 4207; x_wconf 79' lang='lat' dir='ltr'><strong>vix</strong></span> <span class='ocrx_word' id='word_1_306' title='bbox 705 4149 823 4227; x_wconf 87' lang='lat' dir='ltr'><strong>elapsis,</strong></span> <span class='ocrx_word' id='word_1_307' title='bbox 847 4150 985 4229; x_wconf 75' lang='lat' dir='ltr'><strong>Synodus</strong></span> <span class='ocrx_word' id='word_1_308' title='bbox 1004 4150 1195 4211; x_wconf 77' lang='lat' dir='ltr'><strong>Antiochena</strong></span> <span class='ocrx_word' id='word_1_309' title='bbox 1217 4152 1248 4209; x_wconf 92' lang='lat' dir='ltr'><strong>in</strong></span> <span class='ocrx_word' id='word_1_310' title='bbox 1265 4170 1317 4209; x_wconf 88' lang='lat' dir='ltr'><strong>suo</strong></span> <span class='ocrx_word' id='word_1_311' title='bbox 1339 4152 1434 4228; x_wconf 87' lang='lat' dir='ltr'><strong>primo</strong></span> <span class='ocrx_word' id='word_1_312' title='bbox 1458 4166 1571 4207; x_wconf 90' lang='lat' dir='ltr'><strong>canone</strong></span> 
     </span>
     <span class='ocr_line' id='line_1_42' title="bbox 322 4233 1012 4302; baseline 0.007 -10"><span class='ocrx_word' id='word_1_313' title='bbox 322 4234 379 4292; x_wconf 92' lang='lat' dir='ltr'><strong>hoc</strong></span> <span class='ocrx_word' id='word_1_314' title='bbox 402 4233 469 4292; x_wconf 89' lang='grc'>10111</span> <span class='ocrx_word' id='word_1_315' title='bbox 492 4245 594 4293; x_wconf 91' lang='lat' dir='ltr'><strong>contra</strong></span> <span class='ocrx_word' id='word_1_316' title='bbox 617 4234 823 4295; x_wconf 88' lang='lat' dir='ltr'><strong>inobedientes</strong></span> <span class='ocrx_word' id='word_1_317' title='bbox 845 4238 1012 4302; x_wconf 85' lang='lat' dir='ltr'><strong>anathema</strong></span> 
     </span>
    </p>
   </div>
   <div class='ocr_carea' id='block_1_8' title="bbox 318 4336 1573 4766">
    <p class='ocr_par' dir='ltr' id='par_1_12' title="bbox 318 4336 1573 4766">
     <span class='ocr_line' id='line_1_43' title="bbox 357 4336 1573 4419; baseline -0.002 -21"><span class='ocrx_word' id='word_1_318' title='bbox 357 4338 513 4406; x_wconf 75' lang='grc' dir='ltr'><strong><em>Ἄπαπας</em></strong></span> <span class='ocrx_word' id='word_1_319' title='bbox 539 4336 611 4408; x_wconf 82' lang='grc' dir='ltr'><em>τοὺς</em></span> <span class='ocrx_word' id='word_1_320' title='bbox 639 4338 833 4419; x_wconf 76' lang='grc' dir='ltr'><strong><em>τολμοῦντας</em></strong></span> <span class='ocrx_word' id='word_1_321' title='bbox 860 4364 921 4402; x_wconf 75' lang='lat' dir='ltr'><strong>nn-</strong></span> <span class='ocrx_word' id='word_1_322' title='bbox 1011 4342 1131 4414; x_wconf 86' lang='lat' dir='ltr'><strong>Omnes,</strong></span> <span class='ocrx_word' id='word_1_323' title='bbox 1148 4344 1198 4419; x_wconf 91' lang='lat' dir='ltr'><strong>qui</strong></span> <span class='ocrx_word' id='word_1_324' title='bbox 1211 4343 1275 4400; x_wconf 84' lang='lat' dir='ltr'><strong>ausi</strong></span> <span class='ocrx_word' id='word_1_325' title='bbox 1286 4340 1398 4399; x_wconf 80' lang='lat' dir='ltr'><strong>luerint</strong></span> <span class='ocrx_word' id='word_1_326' title='bbox 1409 4338 1573 4399; x_wconf 76' lang='lat' dir='ltr'><strong>dissolvere</strong></span> 
     </span>
     <span class='ocr_line' id='line_1_44' title="bbox 319 4424 1572 4506; baseline -0.002 -21"><span class='ocrx_word' id='word_1_327' title='bbox 319 4424 537 4503; x_wconf 77' lang='grc' dir='ltr'><strong><em>ραλύειν.τοὺς</em></strong></span> <span class='ocrx_word' id='word_1_328' title='bbox 559 4425 657 4504; x_wconf 85' lang='grc' dir='ltr'><em>ὅρους</em></span> <span class='ocrx_word' id='word_1_329' title='bbox 683 4432 737 4506; x_wconf 81' lang='grc' dir='ltr'><strong>τῆς</strong></span> <span class='ocrx_word' id='word_1_330' title='bbox 759 4426 848 4505; x_wconf 82' lang='grc' dir='ltr'><em>ἁγίας</em></span> <span class='ocrx_word' id='word_1_331' title='bbox 870 4428 923 4489; x_wconf 82' lang='grc' dir='ltr'><strong>καὶ</strong></span> <span class='ocrx_word' id='word_1_332' title='bbox 968 4427 1171 4489; x_wconf 87' lang='lat' dir='ltr'><strong>definitionem</strong></span> <span class='ocrx_word' id='word_1_333' title='bbox 1194 4430 1289 4487; x_wconf 91' lang='lat' dir='ltr'><strong>sancti</strong></span> <span class='ocrx_word' id='word_1_334' title='bbox 1316 4434 1346 4485; x_wconf 92' lang='lat' dir='ltr'><strong>et</strong></span> <span class='ocrx_word' id='word_1_335' title='bbox 1369 4428 1470 4504; x_wconf 83' lang='lat' dir='ltr'><strong>magni</strong></span> <span class='ocrx_word' id='word_1_336' title='bbox 1495 4426 1572 4484; x_wconf 88' lang='lat' dir='ltr'><strong>Con-</strong></span> 
     </span>
     <span class='ocr_line' id='line_1_45' title="bbox 320 4511 1571 4594; baseline -0.001 -22"><span class='ocrx_word' id='word_1_337' title='bbox 320 4511 542 4593; x_wconf 80' lang='grc' dir='ltr'><strong><em>οῖκουμενικῆς</em></strong></span> <span class='ocrx_word' id='word_1_338' title='bbox 585 4512 723 4593; x_wconf 75' lang='grc' dir='ltr'><em>μεγάλης</em></span> <span class='ocrx_word' id='word_1_339' title='bbox 765 4512 923 4585; x_wconf 60' lang='lat' dir='ltr'><strong>limosos,</strong></span> <span class='ocrx_word' id='word_1_340' title='bbox 967 4516 1037 4587; x_wconf 82' lang='lat' dir='ltr'><strong>oilli,</strong></span> <span class='ocrx_word' id='word_1_341' title='bbox 1069 4515 1148 4594; x_wconf 91' lang='lat' dir='ltr'><strong>quod</strong></span> <span class='ocrx_word' id='word_1_342' title='bbox 1176 4514 1252 4593; x_wconf 88' lang='lat' dir='ltr'><strong>apud</strong></span> <span class='ocrx_word' id='word_1_343' title='bbox 1275 4514 1419 4573; x_wconf 85' lang='lat' dir='ltr'><strong>Nicaeam</strong></span> <span class='ocrx_word' id='word_1_344' title='bbox 1451 4532 1571 4589; x_wconf 85' lang='lat' dir='ltr'><strong>congre-</strong></span> 
     </span>
     <span class='ocr_line' id='line_1_46' title="bbox 320 4596 1571 4680; baseline -0.001 -22"><span class='ocrx_word' id='word_1_345' title='bbox 320 4604 373 4679; x_wconf 78' lang='grc' dir='ltr'><strong>τῆς</strong></span> <span class='ocrx_word' id='word_1_346' title='bbox 395 4598 428 4659; x_wconf 73' lang='grc' dir='ltr'><strong>ἐν</strong></span> <span class='ocrx_word' id='word_1_347' title='bbox 446 4596 564 4678; x_wconf 85' lang='grc' dir='ltr'><em>Νικαίᾳ</em></span> <span class='ocrx_word' id='word_1_348' title='bbox 586 4599 853 4680; x_wconf 73' lang='grc' dir='ltr'><strong><em>συγκροτηθείσης</em></strong></span> <span class='ocrx_word' id='word_1_349' title='bbox 876 4600 924 4662; x_wconf 74' lang='grc' dir='ltr'><strong>ἐπὶ</strong></span> <span class='ocrx_word' id='word_1_350' title='bbox 969 4612 1069 4679; x_wconf 80' lang='lat' dir='ltr'><strong>gutum</strong></span> <span class='ocrx_word' id='word_1_351' title='bbox 1093 4613 1145 4675; x_wconf 87' lang='lat' dir='ltr'><strong>est,</strong></span> <span class='ocrx_word' id='word_1_352' title='bbox 1169 4600 1222 4659; x_wconf 89' lang='lat' dir='ltr'><strong>sub</strong></span> <span class='ocrx_word' id='word_1_353' title='bbox 1246 4602 1415 4680; x_wconf 88' lang='lat' dir='ltr'><strong>praesentia</strong></span> <span class='ocrx_word' id='word_1_354' title='bbox 1444 4598 1571 4679; x_wconf 85' lang='lat' dir='ltr'><strong>piissimi</strong></span> 
     </span>
     <span class='ocr_line' id='line_1_47' title="bbox 318 4684 1570 4766; baseline -0.002 -21"><span class='ocrx_word' id='word_1_355' title='bbox 318 4684 476 4764; x_wconf 78' lang='grc' dir='ltr'><strong><em>παρουσίᾳ</em></strong></span> <span class='ocrx_word' id='word_1_356' title='bbox 498 4691 552 4764; x_wconf 82' lang='grc' dir='ltr'><strong>τῆς</strong></span> <span class='ocrx_word' id='word_1_357' title='bbox 581 4685 739 4765; x_wconf 78' lang='grc' dir='ltr'><strong><em>εὐσεβείας</em></strong></span> <span class='ocrx_word' id='word_1_358' title='bbox 768 4692 823 4748; x_wconf 83' lang='grc' dir='ltr'><strong>τοῦ</strong></span> <span class='ocrx_word' id='word_1_359' title='bbox 846 4686 921 4749; x_wconf 70' lang='lat' dir='ltr'><strong>rico-</strong></span> <span class='ocrx_word' id='word_1_360' title='bbox 967 4699 996 4747; x_wconf 89' lang='lat' dir='ltr'><strong>et</strong></span> <span class='ocrx_word' id='word_1_361' title='bbox 1018 4688 1182 4748; x_wconf 87' lang='lat' dir='ltr'><strong>venerandi</strong></span> <span class='ocrx_word' id='word_1_362' title='bbox 1205 4689 1348 4766; x_wconf 85' lang='lat' dir='ltr'><strong>principia</strong></span> <span class='ocrx_word' id='word_1_363' title='bbox 1381 4686 1570 4747; x_wconf 89' lang='lat' dir='ltr'><strong>Constantini</strong></span> 
     </span>
    </p>
   </div>
   <div class='ocr_carea' id='block_1_9' title="bbox 0 0 1732 5342">
    <p class='ocr_par' dir='ltr' id='par_1_13' title="bbox 0 0 1732 5342">
     <span class='ocr_line' id='line_1_48' title="bbox 0 0 1732 5342; baseline 0 0"><span class='ocrx_word' id='word_1_364' title='bbox 0 0 1732 5342; x_wconf 95' lang='lat' dir='ltr'><strong> </strong></span> 
     </span>
    </p>
   </div>
  </div>
 </body>
</html>
