3450 5342
699 444 739 453 -
764 413 826 468 313
851 443 892 453 —

155 598 356 673 evangeliea·
377 601 534 677 aperire
557 611 671 658 tautum
695 614 798 679 potest,
830 621 889 658 nou
920 600 1117 660 evolvere.
1149 605 1218 679 quia
1241 601 1410 678 dogmatum

150 684 297 741 revolutio
326 684 364 742 ab
400 687 525 744 ecclesia
554 687 719 745 orthodoxa
759 709 818 745 uon
849 691 1018 764 agnoscitur
1051 695 1106 759 (110
1137 707 1412 773 ιιιιιιιιικκιιιιιιιιιιι)7

155 769 296 853 )’ῑιθιιίιο
319 791 475 844 gertranni
499 793 540 834 ue
563 793 806 856 pasauaaiorcu,
828 795 847 834 a
871 793 994 834 nouerat
1011 793 1142 858 story-'rb
1165 773 1255 834 batua
1271 794 1419 856 percuper-

160 876 284 917 naeum
308 879 335 935 p.
359 861 442 933 231).
466 861 544 918 llum
569 874 668 938 pastor
691 861 804 918 Christi
828 861 993 919 doctrinam
1017 863 1147 938 exponit,
1171 862 1256 918 traice
1282 862 1338 918 Dei
1355 862 1417 932 glo-

160 945 245 1001 riam
269 945 451 1024 salutemque
482 949 645 1006 animarum
670 960 792 1026 quaerat
822 959 944 1026 oportet.
976 954 1036 1028 (pp.
1061 949 1254 1024 231-232).
1287 949 1419 1005 Circum-

160 1033 307 1100 stantiae,
339 1031 498 1112 inquibus
522 1045 621 1113 pastor
651 1048 751 1093 nostra
780 1047 877 1092 aetate
906 1045 1046 1102 versatur,
1077 1034 1151 1092 tales
1174 1047 1249 1100 suut,
1280 1055 1355 1112 quae
1379 1033 1417 1091 ab

162 1138 203 1173 eo
232 1137 304 1194 prae
339 1121 444 1178 ceteris
474 1122 623 1198 postulent
652 1121 804 1180 doctrinae
827 1121 1018 1199 evangelicae
1042 1124 1207 1199 puritatem,
1238 1135 1268 1178 nt
1293 1141 1417 1198 persona

165 1203 285 1262 Christi
310 1207 341 1262 iu
364 1217 425 1264 toto
448 1227 500 1265 sno
527 1208 682 1285 splendore
703 1209 841 1266 reluceat.
870 1208 984 1266 Caveat
1007 1220 1106 1286 pastor
1128 1207 1278 1266 doctrinae
1303 1208 1413 1266 Clu-isti

163 1289 317 1349 humanas
348 1312 381 1349 ac
404 1294 525 1352 fallaces
548 1297 735 1354 inventiones
766 1295 937 1366 admiscere,
968 1294 1019 1354 sed
1048 1306 1188 1372 tanquam
1212 1298 1346 1354 veritatis
1369 1315 1416 1352 eo-

164 1376 274 1436 lumna
295 1381 413 1454 ignaros
436 1380 540 1439 doceat
555 1392 584 1440 et
607 1381 731 1440 rebelles
746 1393 857 1459 arguat.
882 1382 942 1462 (pp.
957 1383 1148 1452 232—236).
1173 1381 1213 1440 llt
1234 1381 1414 1460 praedicatio

166 1465 298 1522 linctum
320 1465 431 1535 afferat,
454 1466 576 1526 verbum
593 1471 725 1546 magistri
749 1467 864 1544 indiget
887 1472 1024 1528 unctione
1041 1479 1069 1526 et
1087 1471 1275 1545 persuasione
1298 1471 1403 1526 intima

165 1553 212 1607 ita
236 1565 267 1608 ut
290 1563 389 1629 pastor
412 1557 559 1624 veritates,
593 1577 665 1633 quas
688 1554 846 1632 praedicat,
876 1576 978 1614 revera
1009 1558 1117 1613 sentiat
1149 1557 1250 1632 eisque
1274 1568 1413 1634 tauquam

166 1636 237 1694 cibo
261 1640 413 1701 nutriatur.
437 1643 643 1716 irae-rut).
675 1643 819 1700 Doctrina
841 1643 988 1718 evangelii
1013 1661 1130 1720 prorsus
1153 1640 1288 1700 omuibus
1312 1661 1414 1720 propo-

165 1722 270 1782 nenda
292 1737 348 1799 estc
379 1737 478 1786 tamen
509 1741 615 1787 caveat
643 1739 749 1806 pastor,
782 1749 819 1786 ne
847 1731 1022 1806 margaritas
1053 1739 1121 1786 aute
1153 1747 1253 1804 porcos
1284 1731 1414 1805 proiciat.

165 1809 377 1889 (nsit-244).
406 1815 563 1893 'l'auqnam
587 1819 751 1874 animarum
774 1835 873 1873 curam
904 1818 1017 1890 gerenti
1041 1817 1151 1892 pastori
1174 1835 1247 1872 onus
1272 1813 1414 1873 incumbit

168 1919 241 1954 eves
265 1919 332 1957 suas
362 1914 493 1960 errantes
517 1901 625 1980 ubique
648 1923 788 1980 quaerere
818 1913 847 1959 et
878 1905 955 1960 omui
985 1923 1048 1960 enm
1073 1901 1231 1976 diligentia
1253 1921 1303 1959 eas
1326 1904 1414 1958 corri-

167 2005 239 2060 gere
263 1984 323 2063 (pp.
347 1989 539 2064 att-246).

282 2072 353 2151 Cap.
378 2074 445 2135 l'Il.
468 2076 598 2154 Aualysi
614 2076 692 2133 laeta
715 2096 778 2152 cap.
802 2080 830 2143 8,
848 2079 951 2134 3-11
977 2075 1126 2152 evangelii
1145 2075 1264 2133 loannis
1279 2073 1413 2132 videmus

171 2159 203 2213 iu
215 2159 324 2216 mundo
340 2181 404 2218 esse
419 2165 588 2220 continuam
602 2163 709 2220 luctam
727 2161 835 2220 bouum
858 2164 935 2220 inter
950 2177 979 2220 et
995 2163 1112 2230 malum,
1129 2181 1179 2218 seu
1192 2163 1269 2218 iuter
1292 2180 1414 2236 reguum

171 2243 229 2300 liei
252 2256 281 2302 et
303 2267 425 2322 reguum
456 2247 576 2306 diaboli.
613 2249 708 2306 Homo
739 2247 808 2306 dnm
839 2271 891 2326 per
921 2251 1133 2327 paenitentiam
1165 2269 1202 2304 ex
1227 2267 1284 2304 uno
1315 2267 1413 2322 regno.

170 2329 281 2389 diaboli
305 2335 425 2403 scilicet,
457 2334 598 2393 adalind
623 2338 736 2407 transit,
768 2357 827 2394 nou
850 2337 944 2394 solnm
968 2346 1098 2403 externe,
1131 2355 1231 2392 verum
1255 2336 1344 2392 etiam
1369 2336 1413 2392 iu-

169 2429 252 2476 terue
275 2430 404 2479 mutatur
427 2417 602 2500 (μετάνοια)
634 2422 693 2501 (pp.
718 2425 912 2494 stt-⁸254).
944 2423 990 2480 lix
1015 2421 1118 2480 eodem
1142 2422 1204 2479 loco
1228 2423 1339 2478 eruitur
1362 2433 1413 2498 pa·

170 2516 276 2562 starem
300 2529 385 2585 posse
410 2508 485 2567 ferre
501 2508 640 2567 indicium
665 2531 716 2568 seu
736 2510 933 2569 condemnare
952 2509 1100 2568 moraliter
1123 2519 1307 2586 peecatorem
1331 2527 1412 2564 euui-

169 2613 224 2669 que
247 2597 401 2670 corrigere.
432 2596 491 2674 (pp.
516 2597 707 2661 rot-asa).
742 2597 826 2654 'l'alis
853 2607 1040 2674 peccatorum
1072 2597 1215 2673 correptio
1246 2592 1334 2653 debet
1358 2597 1413 2652 uiti

171 2681 200 2738 iu
223 2679 415 2739 fundamento
438 2686 579 2742 caritatis.
614 2685 719 2742 Pastor
742 2683 830 2742 debet
860 2685 1005 2759 corrigere
1029 2685 1060 2741 iu
1083 2693 1234 2759 peccatore
1258 2693 1412 2758 peceatum

172 2769 273 2844 ipsum,
296 2789 355 2826 nou
379 2789 543 2846 personam,
566 2769 725 2847 diligenter
748 2773 917 2848 perquirere
941 2790 1042 2828 omues
1066 2768 1113 2828 vel
1137 2771 1275 2826 minimas
1299 2771 1412 2844 peccati

171 2856 405 2914 circumstantias
421 2865 509 2935 atque
525 2860 620 2935 ipsum
637 2859 799 2935 peccatoris
816 2858 1025 2922 characterem,
1043 2876 1079 2914 ue
1101 2855 1200 2934 aliqua
1221 2875 1252 2912 rc
1276 2855 1412 2930 neglecta

172 2941 233 2997 loco
256 2941 378 2999 'remedii
403 2964 550 3002 venenum
568 2947 684 3003 animae
708 2953 845 3022 apponat.
863 2944 1030 3022 Speeiatim
1053 2952 1116 3000 tota
1138 2944 1262 3018 pastoris
1286 2961 1355 2998 cura
1378 2963 1412 2998 eo

170 3026 323 3102 dirigenda
353 3042 405 3097 est,
439 3041 470 3088 nt
505 3034 700 3090 caritate
733 3033 944 3089 conscientiam
975 3030 1137 3108 peccatoris
1167 3037 1350 3091 transmutet.
1382 3041 1411 3084 ut

171 3113 261 3172 illlum
285 3128 363 3173 amet
394 3128 544 3195 tamqnam
568 3139 654 3175 ovem
669 3132 815 3176 errantem
839 3129 1016 3196 paratusque
1039 3118 1078 3174 sit
1101 3117 1230 3172 animam
1254 3133 1334 3170 suam
1359 3135 1408 3191 po-

170 3221 243 3267 nere,
267 3202 393 3260 utillum
406 3204 500 3262 salvet
513 3205 573 3283 (pp.
586 3201 778 3282 rna-286).
802 3206 955 3282 Correptio
968 3213 1091 3281 paterna
1107 3203 1232 3280 pastoris
1245 3199 1405 3258 secundnm

170 3285 283 3346 diversa
305 3300 539 3368 temperamenta
561 3292 711 3350 hominnm
728 3299 772 3348 est
795 3289 959 3366 dirigenda.
984 3288 1156 3348 Generatim
1181 3295 1318 3365 quattuor
1332 3297 1405 3344 tem-

170 3387 335 3452 peramenta
351 3380 552 3438 nominantur:
574 3380 788 3454 sauguinicum,
812 3377 998 3446 cholericnm,
1022 3374 1275 3444 melancholiam,
1299 3372 1404 3450 phleg-

169 3465 311 3520 maticum.
337 3463 403 3540 Ipse
427 3466 563 3524 Christus
586 3465 703 3523 diverso
726 3463 812 3523 modo
836 3467 899 3542 agit
922 3483 987 3522 curn
1011 3462 1135 3540 singulis
1159 3460 1311 3539 apostolis:
1339 3479 1404 3518 curn

170 3549 252 3606 Petro
276 3583 316 3592 —-
340 3554 522 3626 sauguiuico.
553 3553 664 3610 loanue
687 3587 730 3595 —
751 3551 974 3624 melancholico,
997 3551 1114 3608 'lhoma
1138 3581 1176 3590 -
1197 3547 1404 3625 phlegmatica,

170 3635 239 3695 luda
263 3669 294 3678 -
327 3637 474 3697 cholerico
497 3648 556 3717 (pp.
581 3636 774 3720 nse-298).
790 3640 872 3698 Inter
887 3641 1050 3697 animorum
1073 3655 1173 3693 curam
1196 3643 1225 3690 et
1240 3655 1405 3692 sacramen-

171 3736 258 3780 torum
271 3723 557 3784 administrationem
570 3746 664 3784 nexus
676 3728 878 3784 strictissimus
894 3722 1124 3804 deprehenditur
1140 3721 1199 3800 (pp.
1213 3721 1404 3796 ras-299),

273 3811 344 3889 Cap.
360 3813 442 3870 l'lll.
454 3814 537 3870 Inter
548 3815 606 3870 ista
620 3824 804 3872 sacramenta
815 3815 1003 3892 praecipuum
1017 3810 1111 3867 locum
1124 3816 1205 3866 tenet
1219 3807 1404 3870 eucharistia,

171 3895 305 3955 ael-cuins
336 3898 564 3958 celebrationem
594 3909 695 3977 pastor
717 3921 748 3958 se
771 3920 859 3978 quam
882 3900 1014 3977 piissime
1037 3914 1212 3974 praeparare
1234 3891 1334 3964 debetq
1366 3891 1404 3950 ad

171 4001 251 4058 quam
281 3989 533 4062 praeparationem
566 3989 647 4044 iuvat
677 3985 714 4044 de
736 3990 872 4066 passione
900 3984 1011 4044 Christi
1046 3980 1184 4040 meditari
1214 3979 1273 4059 (pp.
1298 3983 1403 4038 300-

171 4069 248 4132 319).
271 4074 381 4130 ilmuia
404 4085 589 4131 sacramenta
610 4076 715 4132 intime
738 4077 815 4132 iuter
838 4093 869 4130 se
885 4090 1021 4130 connexa
1044 4079 1124 4130 suut:
1148 4066 1272 4146 proinde
1295 4079 1402 4146 pastor,

171 4157 236 4213 sicut
263 4156 356 4216 bonus
389 4159 568 4225 hortulanus,
599 4181 651 4238 per
681 4171 866 4218 sacramenta
895 4160 1012 4238 plautas
1043 4160 1061 4214 i.
1084 4177 1110 4215 e.
1133 4157 1248 4214 animas
1271 4153 1401 4212 fidelium

171 4241 218 4298 sibi
240 4263 258 4299 a
282 4244 345 4302 Deo
369 4249 540 4304 commissas
563 4266 663 4304 curare
686 4246 782 4316 debet,
813 4245 905 4304 bonos
928 4247 1065 4325 palmites
1089 4240 1273 4311 maculando,
1296 4243 1400 4298 noxios

170 4329 363 4389 abscindendo
386 4330 446 4412 (pp.
470 4334 663 4411 :trit-319).

267 4418 371 4476 Tertia
400 4441 467 4497 pars
490 4423 621 4478 eontinet
651 4439 695 4490 ea,
718 4439 793 4497 qnae
823 4419 861 4476 ad
885 4421 976 4476 vitam
1002 4417 1126 4494 pastoris
1150 4415 1306 4492 pertinent,
1339 4413 1401 4466 sire

171 4502 314 4561 advitam
338 4505 561 4572 individualem,
589 4509 652 4565 sive
683 4505 721 4563 ad
751 4527 794 4571 ea,
818 4525 893 4583 quae
924 4507 986 4561 eius
1017 4504 1199 4560 nativitatem
1229 4501 1261 4556 iu
1291 4495 1401 4554 mundo

171 4600 303 4667 spectant.

270 4679 342 4756 Cap.
364 4679 420 4738 IX.
445 4679 581 4736 Christus
596 4678 715 4754 lugebat
732 4699 797 4736 cnm
821 4675 997 4753 lugentibus,
1020 4672 1166 4746 gaudebat
1190 4691 1255 4729 cum
1271 4668 1402 4746 gaudeu-
