3450 5342
1127 6 1164 11 ----
1182 4 1254 12 -v-v—

1318 23 1322 32 ι

1361 41 1366 50 ι

1463 51 1496 87 'a'
1602 57 1606 66 ι

1160 101 1164 108 ⁴
1511 81 1523 95 Ι

1503 117 1507 125 ι

1106 199 1111 207 ι

873 476 1066 532 -eet-

351 686 410 725 non
434 668 640 725 canonicorum
672 668 710 726 sit
740 665 872 745 dignitas
901 665 1065 726 definitum.
1096 664 1253 723 Communi
1277 666 1367 723 totins
1388 668 1602 724 oecumenicae

350 752 492 812 ecclesiae
516 752 625 811 iudicio
648 752 716 811 libri
740 774 798 813 non
830 755 966 811 canonici
993 772 1029 810 ex
1061 751 1160 811 indice
1190 750 1331 811 librorum
1363 754 1481 830 proprie
1507 774 1603 811 cano·

350 842 483 899 nieorum
501 874 539 883 -
559 840 704 900 divinitus
720 842 928 919 inspiratorum
945 842 1075 917 exempti
1091 848 1204 897 suntet
1220 838 1308 897 utiles
1323 837 1359 896 ad
1376 839 1539 915 legendum
1555 874 1599 883 -

351 929 508 1005 praecipue
540 948 559 985 a
588 926 809 987 catechumenis
839 938 869 985 et
892 947 910 985 a
937 926 1117 985 Christianis
1147 926 1282 998 noviciis,
1311 927 1362 1003 pii,
1392 926 1539 985 salutares
1562 946 1601 985 ac

349 1012 420 1073 boni
455 1016 548 1091 agniti
573 1024 648 1077 sunt.
684 1016 773 1073 Secus
804 1024 893 1091 atque
915 1016 938 1071 ii
960 1013 1028 1070 libri
1059 1015 1109 1090 qui
1133 1013 1270 1071 canonici
1299 1012 1414 1091 probati
1445 1026 1523 1078 sunt,
1558 1014 1596 1071 ad

350 1120 472 1179 quorum
505 1121 636 1159 normam
667 1100 759 1159 solam
783 1100 857 1159 tides
887 1109 917 1158 et
945 1101 1088 1157 sanctitas
1117 1097 1276 1175 dirigenda
1296 1109 1349 1168 est,
1373 1120 1433 1157 non
1454 1103 1592 1159 canonici

350 1186 420 1245 libri
461 1190 634 1249 auctoritate
672 1187 875 1245 ecclesiastica
907 1186 1040 1245 distincti
1077 1206 1264 1264 nequaquam
1298 1185 1498 1263 dogmaticam
1533 1189 1596 1245 vim

350 1273 463 1332 habent
486 1294 590 1353 neque,
613 1286 644 1333 ut
660 1295 698 1333 ex
722 1277 764 1333 eie
780 1285 956 1352 argumenta
977 1272 1016 1330 ad
1031 1272 1171 1351 dogmata
1184 1272 1254 1330 fidei
1275 1272 1479 1332 confirmanda
1495 1274 1596 1333 hauri·

352 1372 447 1433 autur,
471 1364 657 1438 permittitur.
680 1363 792 1421 Rursus
814 1360 884 1419 libri
907 1381 966 1419 non
988 1362 1122 1418 canonici
1153 1380 1191 1417 ex
1214 1380 1335 1418 numero
1357 1361 1594 1440 apocryphorum

349 1450 480 1525 exempti
504 1460 580 1520 sunt,
603 1451 634 1506 in
658 1468 744 1527 quem
767 1458 883 1507 tantum
906 1466 995 1525 opera
1010 1446 1160 1505 haeretica
1181 1446 1275 1504 relata
1297 1457 1374 1506 sunt.
1396 1446 1486 1523 Quod
1509 1468 1595 1507 occu-

350 1537 483 1593 menicae
506 1535 648 1594 ecclesiae
664 1534 805 1601 iudicium
829 1533 939 1612 regnlie
959 1537 1017 1591 iam
1034 1531 1214 1611 temporibus
1230 1532 1381 1592 Melitonis
1405 1544 1435 1592 et
1452 1534 1593 1612 Origenis

349 1623 453 1699 positis
477 1632 564 1700 atquc
587 1624 712 1701 receptis
736 1620 974 1700 conspirantibus
1004 1622 1197 1678 maximorum
1229 1620 1381 1679 orientalis
1404 1630 1434 1678 et
1456 1620 1594 1681 occiden-

348 1708 419 1766 telis
441 1709 584 1767 ecclesiae
607 1709 785 1767 columinum
814 1710 991 1767 testimoniis
1025 1710 1160 1765 innixum
1185 1708 1213 1764 in
1238 1710 1434 1766 oecumenicis
1456 1709 1595 1768 conciliis

348 1814 401 1872 per
425 1798 566 1874 Spiritum
590 1798 729 1854 Sanctum
754 1795 874 1855 directis
897 1795 1100 1853 confirmatum
1122 1807 1226 1854 est...
1255 1794 1393 1854 Ecclesia
1415 1797 1447 1853 in
1470 1808 1595 1874 accepte

349 1883 512 1959 antiquitus
534 1884 672 1960 opinione
687 1881 861 1941 Iudaeorum
885 1892 916 1939 ct
937 1882 1163 1940 christianorum
1178 1901 1355 1958 permanens
1377 1902 1466 1960 qnam
1490 1882 1588 1943 claris

349 1970 424 2027 sime
447 1976 475 2026 et
498 1971 657 2027 iustissime
682 1971 886 2047 quaestionem
909 1968 947 2027 de
970 1967 1110 2026 librorum
1134 1988 1192 2025 non
1215 1970 1423 2026 canonicomm
1445 1968 1594 2046 dignitate

349 2055 475 2113 relativa
496 2055 632 2114 decidit.“

458 2141 541 2200 Idem
563 2144 686 2221 scriptor
701 2140 826 2201 eandem
839 2144 1016 2201 sententiam
1034 2144 1065 2199 in
1076 2140 1136 2198 alie
1147 2143 1394 2199 commentatione
1403 2136 1447 2219 ⁹⁸)
1472 2143 1593 2220 profert,

349 2228 381 2285 in
405 2248 463 2307 qua
485 2238 599 2307 patrum
618 2231 786 2287 testimonie
809 2230 985 2287 catholicam
1008 2228 1045 2287 de
1060 2248 1173 2286 canone
1196 2227 1361 2287 doctrinam
1384 2228 1594 2289 confirmantia

349 2314 404 2373 hoc
427 2313 513 2375 modo
536 2316 685 2394 explicare
708 2324 841 2375 conatur:
869 2316 1029 2387 „Nonnulli
1054 2314 1282 2374 occidentalium
1304 2314 1517 2392 theologorum,
1542 2319 1591 2395 qni

348 2423 366 2460 a
389 2403 490 2480 regula
520 2405 682 2481 antiquitus
713 2412 833 2480 accepta
863 2395 997 2461 sanctum
1021 2403 1228 2479 Augustinum
1260 2405 1312 2481 qni
1341 2403 1471 2480 exempli
1502 2406 1589 2481 primi

348 2489 465 2547 Veteris
488 2489 673 2548 'l‘estamcnti
690 2492 833 2547 rationem
857 2509 916 2547 non
932 2487 1061 2547 habebat
1081 2489 1172 2545 secuti
1188 2488 1380 2559 deflexerunt
1403 2492 1482 2548 inter
1504 2510 1589 2549 cano

348 2578 430 2635 nicos
453 2588 482 2634 ct
512 2596 571 2634 non
601 2578 758 2635 canonicos
789 2574 880 2634 libros
911 2574 1081 2634 discrimine
1112 2578 1192 2632 omni
1222 2575 1338 2635 sublato
1368 2575 1472 2635 eodem
1502 2576 1589 2636 modo

346 2671 484 2741 utrosque
518 2662 708 2735 adhibebant,
739 2665 785 2720 cui
815 2664 880 2721 usui
914 2662 1007 2720 latine
1034 2662 1119 2733 Itala,
1149 2682 1237 2739 qnam
1268 2665 1299 2720 in
1326 2662 1463 2721 manibus
1497 2663 1590 2722 lrabe-

346 2748 426 2821 bent,
450 2770 466 2807 e
488 2750 580 2807 Lxx
604 2771 697 2822 versa,
720 2771 779 2807 nou
802 2748 918 2809 modice
941 2748 1162 2827 suffragabatur.

451 2836 589 2915 Scriptor,
620 2839 669 2915 qui
700 2838 802 2915 primis
826 2836 932 2894 litteris
955 2836 996 2893 M.
1023 2835 1060 2893 (τ’.
1091 2856 1198 2895 nomen
1230 2834 1408 2907 subnotavit,
1436 2838 1468 2895 in
1499 2838 1586 2896 l'os-

264 2934 268 2942 '
345 2921 537 2981 -kresnoe
562 2908 753 3003 (uenie99)
784 2942 876 3000 egens
907 2922 945 2981 de
969 2926 1075 2981 Sacrae
1099 2923 1267 2999 Scriptnree
1297 2925 1519 3000 compositione,
1551 2924 1587 2983 de

345 3042 395 3049 -w-

398 3088 432 3154 ⁰⁸)
451 3088 571 3157 liparuiti
589 3095 793 3159 ncropuuecsili
811 3106 971 3160 oueprrs...
993 3090 1080 3161 ljrist
1097 3089 1192 3143 Otenie
1205 3093 1280 3144 1881.
1299 3103 1326 3149 p.
1340 3091 1589 3147 eoo-eranum·

448 3159 533 3215 totius
547 3160 784 3215 commentationis
796 3160 825 3214 in
838 3160 893 3214 fine
903 3178 928 3229 p.
941 3166 991 3215 403
999 3166 1097 3223 -tot,
1107 3160 1153 3213 ubi
1165 3159 1286 3213 breviter
1297 3158 1423 3213 doctrine
1434 3160 1587 3216 Russomn

448 3234 587 3284 tractetur.
602 3229 713 3285 Plenius
727 3230 761 3285 de
775 3246 796 3285 s.
811 3229 958 3298 Augustini
970 3230 1107 3285 sententia
1121 3228 1155 3282 de
1168 3242 1273 3283 canone
1291 3226 1401 3284 Veteris
1416 3230 1588 3286 Testamenti

446 3298 519 3352 idem
548 3306 649 3354 tractat
676 3300 704 3352 in
733 3302 971 3354 commentatione:
1000 3300 1226 3360 contruserat}
1252 3313 1359 3366 tpeaue
1372 3303 1589 3367 apenocaassolt

395 3440 418 3471 w
447 3384 556 3493 pgpmn
568 3376 619 3423 etc.
637 3368 666 3490 ip
687 3387 692 3421 t
711 3369 769 3423 rire
788 3355 828 3426 tit.
842 3375 917 3435 rasa,
931 3370 950 3422 1.
950 3373 1115 3492 ἦξε-ιι.
1127 3368 1248 3437 nagrev,
1259 3368 1450 3437 lstorijc...p.
1460 3374 1589 3424 ase-ae.

720 3442 725 3452 .
835 3470 860 3477 ..
886 3445 900 3490 2
978 3477 986 3491 .
1029 3479 1042 3490 Γ
1068 3480 1074 3491 Ι
1150 3468 1176 3477 -
1234 3458 1254 3491 ¹:
1474 3443 1479 3451 .

418 3446 624 3577 'attilii
641 3442 966 3563 „estatem
985 3436 1588 3575 „ratbtturbtzutssttt

446 3580 580 3633 seruans
597 3594 687 3633 anina
705 3594 804 3632 uereri.
827 3593 930 3631 rousro
954 3594 1041 3632 unuin
1059 3592 1182 3636 amnne
1199 3594 1217 3630 u
1237 3580 1331 3631 eoban
1349 3593 1538 3647 upsauaunue
1554 3593 1588 3632 ee

446 3662 628 3708 cnnmeunun.
646 3648 763 3701 Teneion
781 3663 908 3702 runcatur
920 3647 1001 3710 Ornu
1014 3662 1193 3717 npnoneeatu
1206 3661 1293 3702 ιιιιιιιι
1305 3650 1466 3714 capeliorott
1478 3650 1587 3709 onena,

447 3733 462 3769 ιι
482 3732 631 3771 beonnam
649 3732 707 3771 arn
725 3732 965 3772 nauoanecxnuu
984 3720 1092 3787 (apyria
1108 3732 1204 3778 ιιιιιιιιι,
1229 3732 1410 3770 nannenten
1429 3731 1584 3771 trecasena-

446 3802 573 3840 uecuuun
604 3802 721 3856 norouy,
751 3801 800 3839 uro
830 3802 884 3842 oen
917 3804 952 3841 nc
979 3789 1064 3846 neonis
1090 3787 1167 3840 eura
1198 3801 1325 3841 nuccenu
1353 3801 1390 3838 ns
1418 3800 1588 3855 nepronnue

445 3870 550 3909 cancro
570 3871 766 3912 carmennum
783 3865 893 3923 ιιιιιιηι,
911 3872 946 3909 so
966 3872 1003 3910 nr,
1020 3872 1051 3909 ro
1069 3872 1107 3909 ae
1124 3870 1218 3923 eperia
1235 3868 1429 3918 nenorensem,
1454 3871 1505 3908 uro
1523 3870 1587 3909 ecre

445 3940 463 3977 u
491 3920 587 3993 spond
614 3940 701 3979 eruin
727 3940 824 3991 unum,
851 3941 919 3980 rora
944 3940 978 3979 ne
1004 3939 1219 3980 nooranrennue
1249 3940 1286 3979 nn
1312 3939 1423 3979 moun
1446 3927 1478 3987 (r.
1504 3940 1529 3977 e.
1553 3940 1587 3977 nc

446 4009 649 4047 ncmnuenusm
660 4010 698 4047 nn
710 4010 831 4049 coerano
843 3998 1001 4063 enpcttoroit
1014 3997 1133 4059 oronim,
1146 4011 1182 4048 no
1194 3997 1271 4047 rbus
1283 4008 1318 4047 ne
1331 3995 1423 4047 aenae
1439 4008 1587 4047 noneenue

446 4077 494 4133 rue
513 4063 607 4116 urceis
625 4079 697 4123 neure
716 4080 932 4119 oruamennurrn
945 4106 950 4116 .
1037 4065 1080 4117 Bo
1098 4080 1189 4118 arcun
1207 4065 1311 4118 uacci
1329 4078 1385 4117 oen
1403 4075 1587 4117 acutiorem

445 4147 541 4197 suurn,
570 4134 781 4192 cocraemnmia
799 4150 817 4202 y
836 4148 908 4189 uecn
931 4132 1103 4193 renorneuie
1127 4150 1165 4187 ιιι»
1188 4137 1369 4202 espetcuoay
1392 4146 1504 4200 nsouy

444 4200 488 4254 ar.
500 4202 684 4263 necabamsiu
698 4217 826 4270 npeueuu
837 4218 893 4271 npn
903 4206 1060 4258 tesimeni>
1073 4206 1231 4273 pacapurin
1248 4219 1266 4256 ιι
1279 4200 1469 4269 pamceeniu
1488 4200 1586 4271 yresia

444 4269 561 4338 Ileprau
589 4272 750 4325 oosucucuo
769 4272 903 4341 peerusie
921 4288 1016 4340 aeany
1040 4288 1167 4326 curreres
1191 4287 1431 4327 aenoaneecemra
1466 4288 1485 4324 u
1504 4286 1573 4324 nera

387 4357 390 4363 ·
445 4356 656 4394 uounuecuunu.
675 4340 717 4394 lle
738 4356 805 4407 nusi,
823 4357 861 4394 aa
885 4358 981 4397 norrun
1002 4356 1218 4412 npuuaeaarrcu
1242 4344 1295 4395 ecte
1320 4356 1406 4395 muru
1425 4342 1586 4410 espeiiorott

444 4411 551 4473 ononis,
571 4424 702 4479 nptrueru
718 4356 873 4477 ltcpuonin
890 4428 923 4466 sa
942 4414 1128 4466 uecouuisuno
1155 4416 1459 4475 tioronsoxuoneunue3
1483 4411 1585 4476 nposit

442 4493 480 4533 are
505 4494 590 4533 uuum
620 4482 859 4548 emortuarum,
878 4497 913 4535 ue
943 4482 1020 4535 nulia
1051 4496 1241 4540 aecrouncrnn
1271 4481 1476 4534 neoorrnbeuoti
1507 4481 1571 4532 eom

445 4563 699 4613 etoxuoncuuocrn,
710 4564 890 4617 upneuemca
903 4565 1008 4610 causeo
1017 4565 1187 4605 ιιοιειιιιιιιιιι
1200 4567 1219 4605 n
1232 4564 1341 4618 norouy
1354 4552 1583 4617 ynorpeomnres

445 4633 483 4671 sn
501 4617 625 4685 llepuou,
642 4632 709 4671 riom
729 4634 763 4671 ne
783 4632 891 4685 uoryrn
909 4636 1034 4689 erynnis
1051 4623 1247 4675 ocsonenieiru
1261 4622 1438 4686 etpoyeenis
1458 4633 1495 4671 aa
1512 4617 1585 4671 ren

444 4700 597 4754 cryseaxn,
621 4702 689 4742 cern
714 4689 753 4739 tiu
780 4691 947 4756 aro-natyra
971 4692 1113 4744 auorum
1130 4705 1231 4742 rosseo
1256 4704 1291 4743 ne
1309 4704 1384 4742 nuxn
1402 4700 1580 4741 ocuosuam

443 4771 509 4809 cnoe
523 4757 723 4823 nepoyuesie.“
735 4754 837 4808 Nestor
850 4755 970 4825 Degeen
989 4758 1102 4827 letorija
1120 4768 1171 4813 ret.
1189 4759 1301 4811 kanonn
1318 4773 1346 4825 p.
1363 4762 1423 4811 2⁷2.
