3450 5342
1188 6 1191 8 ,
1217 6 1230 9 γ,
1254 6 1269 19 ,,
1291 4 1315 11 „
1331 4 1715 220 ww]

851 510 891 519 -—
916 480 977 534 res
1003 510 1042 520 -

312 668 515 745 episcoporum
533 669 595 725 eins
611 665 776 743 catalogum
788 665 933 743 usquead
950 674 1080 725 nostrum
1104 676 1219 745 tempus
1234 675 1439 725 excurrentem
1464 662 1565 738 tradit,

314 751 530 831 illustriumque
555 756 683 811 virorum
705 762 789 829 gesta
812 765 921 823 narrat,
943 753 1139 812 litteraturam
1162 753 1255 811 affert.
1282 750 1370 828 Quod
1394 751 1564 830 metropoli·

314 848 409 898 ¹tarum
434 839 681 899 Moldaviensium
715 840 865 917 catalogos
888 842 1003 912 attinet,
1034 861 1084 899 eos
1106 851 1169 898 tum
1191 860 1210 897 a
1242 841 1428 898 Russicis
1462 849 1523 897 turn
1546 859 1566 897 a

315 927 547 985 Ilumenicis
570 927 719 985 historicis
741 927 861 985 confuse
884 938 915 984 et
934 930 1103 986 inaccurate
1125 925 1203 984 tradi
1226 926 1300 986 dicit
1322 926 1362 1004 (p.
1385 924 1449 1001 to).
1473 926 1566 984 Cuius

317 1015 359 1071 rei
378 1015 523 1073 rationem
547 1016 577 1072 in
593 1034 627 1071 eo
650 1014 751 1081 cernit,
774 1013 852 1091 qnod
870 1013 1000 1071 historici
1025 1034 1083 1072 non
1100 1011 1256 1073 attendant
1267 1015 1371 1093 prImis
1382 1010 1565 1090 temporibus

316 1102 348 1158 in
373 1100 526 1158 hloldavia
548 1100 621 1157 duas
652 1100 742 1159 fuisse
773 1100 949 1178 metropoles
972 1102 1180 1176 Sotavjensem
1212 1111 1242 1159 et
1272 1101 1488 1159 Romanensem
1523 1099 1564 1177 (p.

317 1186 381 1250 tlt.
406 1186 476 1245 ldeo
501 1190 537 1245 A.
560 1206 643 1245 suurn
666 1185 786 1264 praebet
809 1187 985 1264 catalogum.

422 1274 518 1333 Simili
550 1272 635 1331 modo
659 1284 689 1332 et
712 1273 835 1331 alterurn
859 1276 994 1342 ,mixtum
1017 1276 1219 1351 compositum‘
1249 1272 1415 1350 (Grigoriu)
1440 1272 1558 1331 solvere

314 1360 419 1430 studet,
454 1363 589 1439 quisnam
619 1380 724 1438 nempe
755 1381 792 1417 er
824 1371 906 1423 metr,
931 1359 1184 1419 hloldaviensibus
1215 1362 1247 1419 in
1279 1380 1360 1418 conc.
1384 1360 1560 1418 Florentino

314 1447 451 1506 adfuerit.
497 1448 564 1523 Qua
586 1449 616 1505 in
641 1467 671 1504 re
694 1467 797 1505 revera
820 1450 1021 1527 unusquisque
1052 1447 1208 1505 historicus
1232 1468 1315 1505 snum
1338 1449 1476 1525 proponit
1498 1467 1561 1504 me-

312 1535 489 1613 tropolitam.
535 1534 631 1592 Huius
663 1534 873 1611 implicationis
904 1555 993 1593 causa
1023 1534 1078 1591 fnit
1107 1543 1203 1591 terrae
1235 1533 1449 1592 Moldaviensis
1482 1536 1563 1592 inter

312 1620 385 1680 duos
409 1619 574 1679 Alexandri
599 1620 676 1680 lilios
699 1620 816 1683 divisio.
852 1621 1013 1699 Utriusque
1036 1623 1128 1699 partis
1151 1623 1304 1698 episcopus
1327 1640 1392 1680 sese
1414 1632 1562 1699 metrepo-

312 1707 397 1765 litam
439 1705 673 1765 Moldaviensern
714 1717 743 1765 et
784 1708 926 1766 eeclesiae
964 1706 1178 1766 llloldaviensis
1212 1727 1368 1785 personam
1406 1717 1560 1785 gerentem

312 1793 446 1856 ducebat,
477 1795 516 1851 Et
551 1795 620 1853 licet
643 1804 745 1853 neuter
767 1797 797 1853 in
830 1796 955 1853 concilio
979 1795 1056 1855 I'lor.
1087 1794 1184 1865 luerit,
1215 1795 1347 1853 historici
1375 1793 1456 1852 aliud
1479 1814 1560 1852 asse-

314 1892 389 1939 runt.
429 1880 594 1939 Secundum
619 1881 801 1959 stephanum
833 1881 988 1961 Logophet
1018 1882 1074 1939 fuit
1105 1884 1136 1939 in
1159 1882 1286 1941 concilio
1309 1893 1392 1939 metr.
1415 1881 1561 1959 Iosephus

309 1988 376 2026 cunr
407 1968 550 2026 monacho
574 1968 716 2045 Gregorio
741 1968 909 2041 Cemblalr3
934 2003 973 2011 -
998 1968 1156 2027 secundnm
1189 1978 1256 2027 acta
1286 1967 1443 2048 synodalia
1474 1984 1560 2026 metr.

311 2056 495 2115 Damianos:
525 2053 684 2113 secundnm
720 2054 914 2114 Vaillantinm
942 2066 1024 2114 metr.
1047 2056 1434 2134 Iosephus-Metrophanem
1465 2056 1558 2113 etiam

311 2142 419 2201 Fotino
442 2142 667 2219 Metrophanem
690 2142 857 2219 signiticat3
888 2140 1049 2202 secuudum
1072 2141 1262 2217 Golnbinskij
1289 2142 1476 2220 Anphinrns3
1512 2162 1559 2199 se·

310 2228 436 2287 cundum
461 2228 645 2287 Philaretum
666 2227 789 2287 Scribas
807 2231 894 2305 (sicut
909 2228 1083 2305 actaeone.)
1107 2230 1272 2287 Damianos
1295 2229 1359 2297 fuit,
1381 2231 1432 2306 qui
1455 2239 1560 2307 postea

309 2318 420 2374 crimen
452 2336 469 2373 a
492 2336 522 2373 se
553 2318 740 2374 commissum
764 2316 844 2373 luere
867 2318 978 2380 volens.
1002 2316 1164 2374 monachus
1187 2317 1281 2374 l'actus
1308 2326 1404 2373 estet
1428 2315 1559 2374 Doridis

310 2424 417 2461 nornen
448 2404 613 2480 assumpsit.
659 2400 826 2460 Secundum
857 2401 1064 2461 documentum
1090 2402 1198 2462 Ur'elre
1220 2402 1257 2461 ab
1281 2402 1455 2461 Alexandro
1479 2402 1557 2461 hono

310 2492 415 2547 missus
439 2502 483 2547 est
507 2490 666 2565 (tr-egeries
691 2487 846 2547 Camblak.
885 2488 1052 2547 Secundum
1075 2492 1165 2567 episc.
1189 2492 1348 2548 Arsenium
1372 2510 1409 2546 ex
1433 2500 1559 2567 septem,

308 2576 414 2653 quibus
431 2576 532 2633 titulus
549 2576 752 2653 metropolitae
764 2574 979 2634 lloldariensis
994 2574 1107 2635 inditus
1129 2589 1183 2647 est,
1205 2576 1243 2635 de
1260 2577 1337 2635 laeto
1359 2576 1415 2657 (110
1434 2580 1559 2659 ripaeis)

309 2663 403 2721 solum
426 2662 483 2719 duo
507 2662 631 2739 legitimi
657 2662 858 2740 metropolitae
871 2662 1091 2721 Moldavienses
1114 2664 1244 2737 fuerunt3
1268 2666 1300 2721 in
1324 2683 1405 2723 conc.
1432 2665 1557 2721 Floren-

308 2751 371 2807 tino
395 2749 501 2807 solus
526 2750 743 2807 Damianus
768 2750 856 2807 fuisse
881 2749 1050 2820 videtur,
1073 2752 1138 2828 ipse
1160 2760 1260 2809 tamen
1283 2770 1470 2828 nequaquam
1494 2771 1556 2807 me·

307 2837 448 2914 tropolita
473 2835 685 2894 Moldsviensis
710 2836 772 2904 fuit,
807 2836 858 2895 sed
884 2837 1142 2915 Constantinopoli
1169 2848 1284 2896 tantum
1307 2837 1386 2895 hunc
1410 2840 1441 2895 in
1465 2838 1555 2895 finem

309 2923 419 2981 electus
436 2936 480 2979 est
503 2922 552 3001 (1³).
568 2923 609 2981 l't
632 2923 758 2999 legitimi
775 2924 978 3002 metropolitae
994 2923 1214 2983 Moldavienses
1230 2922 1390 2983 secundnm
1407 2926 1444 2981 Α.
1461 2924 1556 2982 solnm

308 3008 470 3085 Gregorius
503 3008 657 3069 Camblalr.
689 3019 770 3070 metr.
805 3011 1002 3069 Romanensis
1032 3010 1080 3088 (cf.
1110 3032 1128 3069 a
1156 3011 1352 3087 Jacimirskij‚
1384 3007 1556 3093 Fpnropili

311 3094 509 3173 Hestiaeus.
543 3096 691 3173 Petropoli
730 3097 824 3173 1904)
863 3109 891 3155 et
925 3097 1068 3174 losephus
1101 3099 1150 3171 Il.,
1184 3109 1266 3156 metr.
1301 3098 1490 3171 Soeavjensis
1523 3100 1555 3155 in

311 3184 513 3261 quaestionem
540 3185 640 3241 venire
664 3195 785 3261 possunt
809 3183 857 3261 (cf.
881 3206 908 3263 p.
932 3186 972 3242 43
997 3182 1073 3261 sqq).

411 3271 493 3331 Inter
517 3270 725 3347 metropolitas.
757 3290 878 3348 quorum
901 3271 1050 3348 catalogos
1073 3274 1157 3342 texit,
1187 3270 1311 3328 notandi
1334 3270 1492 3329 videntur:
1527 3275 1553 3328 l.
1607 3264 1615 3283 ⁹

306 3357 445 3415 Barlaem
470 3356 674 3435 (1632-54).
700 3356 760 3415 eub
784 3357 846 3415 eius
871 3359 1014 3434 regimine
1038 3378 1063 3415 a.
1090 3360 1170 3416 1642
1195 3357 1320 3417 celebris
1343 3356 1474 3437 synodus
1498 3356 1552 3415 ha-

306 3443 368 3503 bita
391 3453 443 3512 est,
482 3446 514 3502 in
538 3463 596 3522 qua
620 3438 776 3503 Confessio
800 3445 929 3520 Mogilae
953 3444 1115 3522 approbata
1137 3456 1182 3503 est
1204 3442 1255 3524 (cl.
1279 3447 1317 3504 51
1344 3442 1413 3522 sq.);
1438 3447 1466 3502 2.
1492 3444 1552 3502 Do-

306 3531 418 3589 sitheus
441 3531 635 3610 (1671-73,
673 3530 863 3607 teto-91),
898 3532 949 3609 qui
971 3551 1006 3589 eo
1029 3542 1115 3591 notus
1145 3532 1316 3603 lactescat,
1352 3530 1431 3609 quod
1460 3530 1552 3589 libres

306 3619 458 3694 liturgicos
481 3620 513 3677 in
537 3619 727 3675 Itumenieam
753 3617 885 3695 lingnam
909 3619 1059 3676 transtulit
1081 3618 1129 3696 (ef.
1154 3621 1193 3677 52
1217 3616 1314 3699 sqq.);
1341 3620 1369 3676 3.
1392 3618 1552 3695 Benjamin

306 3705 448 3776 Kostaki3
473 3704 509 3761 dc
533 3725 589 3782 qno
614 3704 698 3761 infra.
1519 3758 1521 3762 .

411 3793 446 3849 In
470 3790 600 3849 seeundo
623 3792 719 3869 capite
743 3792 782 3869 (p.
807 3792 947 3871 {tt—se)
971 3792 1167 3851 Romanensis
1190 3792 1334 3851 dioecesis
1357 3790 1482 3849 historia
1498 3811 1552 3849 ex-

305 3878 431 3954 ponitur.
455 3878 539 3935 Hacc
563 3876 706 3937 dioecesis
730 3898 755 3938 a.
781 3880 860 3936 1401
887 3880 1048 3936 constituta
1069 3889 1122 3937 est.
1144 3880 1308 3958 Episcopus
1331 3896 1423 3955 usque
1447 3876 1484 3935 ad
1507 3876 1552 3934 di·

306 3962 429 4021 midium
454 3984 529 4024 saec.
554 3965 655 4024 XVII.
690 3964 893 4043 metropolitae
916 3966 1033 4023 titulum
1056 3964 1179 4042 gerebat
1201 3966 1240 4045 (p.
1265 3963 1328 4046 68).
1372 3962 1447 4043 lpse,
1477 3966 1552 4023 sicut

305 4052 503 4125 Sodar'jensis
535 4054 580 4109 sui
610 4054 681 4109 iuris
712 4050 778 4111 fuit:
812 4063 935 4129 uterque
968 4053 1101 4130 principe
1132 4055 1261 4131 reglonis
1284 4061 1411 4131 petente,
1435 4062 1465 4109 et
1491 4072 1552 4109 me·

302 4138 441 4215 tropolita
471 4160 508 4197 ex
532 4137 663 4197 (ichride
696 4137 772 4197 bene
803 4151 941 4216 precante
974 4138 1074 4197 sedem
1105 4141 1300 4219 episcopalem
1333 4137 1551 4216 adipiscebatur

305 4224 344 4302 (p.
369 4226 408 4283 68
433 4226 488 4304 sq).
523 4225 705 4285 Procedente
729 4237 859 4303 tempore
883 4226 944 4283 fere
975 4228 1074 4285 omnia
1103 4248 1148 4305 ep.
1172 4228 1368 4285 Romanensis
1391 4225 1551 4303 privilegia

304 4310 421 4370 sublata
444 4324 519 4371 sunt.

406 4400 442 4457 In
478 4402 616 4458 tertio
650 4400 745 4477 capite
769 4397 912 4456 dioecesis
937 4398 1246 4458 ltadoncensis
1278 4400 1318 4478 (p.
1342 4395 1549 4479 87-93);in

301 4496 445 4563 quarto
476 4486 619 4545 dioecesis
651 4486 870 4561 HubensIs
901 4484 941 4563 (p.
973 4484 1157 4567 94-117);
1189 4490 1221 4545 in
1253 4488 1356 4565 quinto
1387 4484 1551 4545 Proila·

301 4570 437 4631 bensis
462 4574 501 4651 (p.
528 4569 731 4651 118-130)3
764 4573 795 4629 in
820 4581 933 4629 sexto
956 4572 1385 4632 Inferioris-Danubii
1407 4572 1548 4632 dioecesis

302 4654 500 4739 (131—132)
524 4660 648 4719 historia
670 4660 850 4737 proponitur,
886 4659 1038 4718 Dioecesis
1070 4660 1381 4719 Redoncensis
1415 4680 1442 4718 a
1468 4661 1548 4719 1402

301 4748 463 4804 constituta
486 4757 537 4804 est.
569 4748 606 4803 A.
633 4748 713 4802 1777
739 4746 862 4821 imperio
888 4746 1044 4804 Austriaco
1068 4747 1209 4806 adiuncta
1231 4758 1284 4820 est,
1307 4766 1333 4805 a.
1359 4748 1442 4805 1782
1466 4746 1548 4806 sedes
