<?xml version="1.0" encoding="UTF-8"?>
<!DOCTYPE html PUBLIC "-//W3C//DTD XHTML 1.0 Transitional//EN"
    "http://www.w3.org/TR/xhtml1/DTD/xhtml1-transitional.dtd">
<html xmlns="http://www.w3.org/1999/xhtml" xml:lang="en" lang="en">
 <head>
  <title>
</title>
<meta http-equiv="Content-Type" content="text/html;charset=utf-8" />
  <meta name='ocr-system' content='tesseract 3.04.00' />
  <meta name='ocr-capabilities' content='ocr_page ocr_carea ocr_par ocr_line ocrx_word'/>
</head>
<body>
  <div class='ocr_page' id='page_1' title='image "./slavorumlittera00unkngoog_0277.png"; bbox 0 0 3450 5342; ppageno 0'>
   <div class='ocr_carea' id='block_1_1' title="bbox 672 436 867 493">
    <p class='ocr_par' dir='ltr' id='par_1_1' title="bbox 672 436 867 493">
     <span class='ocr_line' id='line_1_1' title="bbox 672 436 867 493; baseline 0.005 -1"><span class='ocrx_word' id='word_1_1' title='bbox 672 436 867 493; x_wconf 74' lang='lat' dir='ltr'><strong>-ere-</strong></span> 
     </span>
    </p>
   </div>
   <div class='ocr_carea' id='block_1_2' title="bbox 136 622 1393 1137">
    <p class='ocr_par' dir='ltr' id='par_1_2' title="bbox 141 622 1392 769">
     <span class='ocr_line' id='line_1_2' title="bbox 141 622 1392 704; baseline -0.002 -22"><span class='ocrx_word' id='word_1_2' title='bbox 141 625 314 683; x_wconf 74' lang='lat' dir='ltr'><strong>Jelieianae</strong></span> <span class='ocrx_word' id='word_1_3' title='bbox 333 625 470 704; x_wconf 69' lang='lat' dir='ltr'><strong>Sylloges</strong></span> <span class='ocrx_word' id='word_1_4' title='bbox 493 627 612 683; x_wconf 87' lang='lat' dir='ltr'><strong>omnino</strong></span> <span class='ocrx_word' id='word_1_5' title='bbox 635 624 781 683; x_wconf 86' lang='lat' dir='ltr'><strong>obieetive</strong></span> <span class='ocrx_word' id='word_1_6' title='bbox 805 644 896 701; x_wconf 84' lang='lat' dir='ltr'><strong>usque</strong></span> <span class='ocrx_word' id='word_1_7' title='bbox 921 622 957 681; x_wconf 87' lang='lat' dir='ltr'><strong>ad</strong></span> <span class='ocrx_word' id='word_1_8' title='bbox 981 644 1091 682; x_wconf 86' lang='lat' dir='ltr'><strong>aunum</strong></span> <span class='ocrx_word' id='word_1_9' title='bbox 1119 626 1201 681; x_wconf 72' lang='lat' dir='ltr'><strong>lutri</strong></span> <span class='ocrx_word' id='word_1_10' title='bbox 1225 643 1306 681; x_wconf 83' lang='lat' dir='ltr'><strong>nova</strong></span> <span class='ocrx_word' id='word_1_11' title='bbox 1328 623 1392 680; x_wconf 82' lang='lat' dir='ltr'><strong>luce</strong></span> 
     </span>
     <span class='ocr_line' id='line_1_3' title="bbox 144 712 316 769; baseline 0.006 -2"><span class='ocrx_word' id='word_1_12' title='bbox 144 712 316 769; x_wconf 83' lang='lat' dir='ltr'><strong>illustratur.</strong></span> 
     </span>
    </p>

    <p class='ocr_par' dir='ltr' id='par_1_3' title="bbox 136 794 1393 1137">
     <span class='ocr_line' id='line_1_4' title="bbox 248 794 1391 878; baseline -0.003 -22"><span class='ocrx_word' id='word_1_13' title='bbox 248 799 371 878; x_wconf 67' lang='lat' dir='ltr'><strong>Sylloge</strong></span> <span class='ocrx_word' id='word_1_14' title='bbox 393 799 544 857; x_wconf 73' lang='lat' dir='ltr'><strong>Jelieiana</strong></span> <span class='ocrx_word' id='word_1_15' title='bbox 566 800 700 875; x_wconf 85' lang='lat' dir='ltr'><strong>quaestio</strong></span> <span class='ocrx_word' id='word_1_16' title='bbox 722 798 875 873; x_wconf 68' lang='lat' dir='ltr'><strong>liturgiae</strong></span> <span class='ocrx_word' id='word_1_17' title='bbox 900 796 1215 874; x_wconf 73' lang='lat' dir='ltr'><strong>(ilagolito-llemanan</strong></span> <span class='ocrx_word' id='word_1_18' title='bbox 1248 794 1286 853; x_wconf 88' lang='lat' dir='ltr'><strong>ad</strong></span> <span class='ocrx_word' id='word_1_19' title='bbox 1309 806 1391 853; x_wconf 89' lang='lat' dir='ltr'><strong>tran·</strong></span> 
     </span>
     <span class='ocr_line' id='line_1_5' title="bbox 139 882 1390 963; baseline -0.003 -21"><span class='ocrx_word' id='word_1_20' title='bbox 139 884 268 963; x_wconf 84' lang='lat' dir='ltr'><strong>quillum</strong></span> <span class='ocrx_word' id='word_1_21' title='bbox 292 886 385 943; x_wconf 81' lang='lat' dir='ltr'><strong>lorum</strong></span> <span class='ocrx_word' id='word_1_22' title='bbox 408 886 604 945; x_wconf 82' lang='lat' dir='ltr'><strong>scientificum</strong></span> <span class='ocrx_word' id='word_1_23' title='bbox 628 882 789 943; x_wconf 79' lang='lat' dir='ltr'>reducitur:</span> <span class='ocrx_word' id='word_1_24' title='bbox 813 885 914 943; x_wconf 89' lang='lat' dir='ltr'><strong>lectori</strong></span> <span class='ocrx_word' id='word_1_25' title='bbox 939 882 1088 961; x_wconf 89' lang='lat' dir='ltr'><strong>iudicique</strong></span> <span class='ocrx_word' id='word_1_26' title='bbox 1111 886 1279 960; x_wconf 87' lang='lat' dir='ltr'><strong>incorrupto</strong></span> <span class='ocrx_word' id='word_1_27' title='bbox 1303 902 1390 959; x_wconf 83' lang='lat' dir='ltr'><strong>argu-</strong></span> 
     </span>
     <span class='ocr_line' id='line_1_6' title="bbox 136 968 1393 1049; baseline -0.003 -20"><span class='ocrx_word' id='word_1_28' title='bbox 136 983 243 1029; x_wconf 84' lang='lat' dir='ltr'><strong>menta</strong></span> <span class='ocrx_word' id='word_1_29' title='bbox 274 972 459 1049; x_wconf 80' lang='lat' dir='ltr'><strong>praebentur,</strong></span> <span class='ocrx_word' id='word_1_30' title='bbox 490 970 596 1049; x_wconf 85' lang='lat' dir='ltr'><strong>quibus</strong></span> <span class='ocrx_word' id='word_1_31' title='bbox 626 974 726 1029; x_wconf 81' lang='lat' dir='ltr'><strong>animo</strong></span> <span class='ocrx_word' id='word_1_32' title='bbox 748 990 843 1048; x_wconf 87' lang='lat' dir='ltr'><strong>aequo</strong></span> <span class='ocrx_word' id='word_1_33' title='bbox 873 982 961 1049; x_wconf 86' lang='lat' dir='ltr'><strong>atque</strong></span> <span class='ocrx_word' id='word_1_34' title='bbox 984 970 1132 1029; x_wconf 86' lang='lat' dir='ltr'><strong>obieetivo</strong></span> <span class='ocrx_word' id='word_1_35' title='bbox 1165 968 1201 1027; x_wconf 86' lang='lat' dir='ltr'><strong>de</strong></span> <span class='ocrx_word' id='word_1_36' title='bbox 1225 968 1280 1027; x_wconf 82' lang='lat' dir='ltr'><strong>hee</strong></span> <span class='ocrx_word' id='word_1_37' title='bbox 1303 988 1393 1047; x_wconf 87' lang='lat' dir='ltr'><strong>quae·</strong></span> 
     </span>
     <span class='ocr_line' id='line_1_7' title="bbox 141 1058 532 1137; baseline 0.01 -22"><span class='ocrx_word' id='word_1_38' title='bbox 141 1060 238 1115; x_wconf 88' lang='lat' dir='ltr'><strong>stione</strong></span> <span class='ocrx_word' id='word_1_39' title='bbox 264 1058 394 1117; x_wconf 86' lang='lat' dir='ltr'><strong>iudicare</strong></span> <span class='ocrx_word' id='word_1_40' title='bbox 417 1062 532 1137; x_wconf 84' lang='lat' dir='ltr'><strong>poterit.</strong></span> 
     </span>
    </p>
   </div>
   <div class='ocr_carea' id='block_1_3' title="bbox 139 1159 1389 1413">
    <p class='ocr_par' dir='ltr' id='par_1_4' title="bbox 139 1159 1389 1413">
     <span class='ocr_line' id='line_1_8' title="bbox 252 1159 1389 1239; baseline -0.001 -21"><span class='ocrx_word' id='word_1_41' title='bbox 252 1162 331 1219; x_wconf 86' lang='lat' dir='ltr'><strong>Huic</strong></span> <span class='ocrx_word' id='word_1_42' title='bbox 353 1171 437 1219; x_wconf 86' lang='lat' dir='ltr'><strong>tanto</strong></span> <span class='ocrx_word' id='word_1_43' title='bbox 459 1173 648 1219; x_wconf 89' lang='lat' dir='ltr'><strong>monumento</strong></span> <span class='ocrx_word' id='word_1_44' title='bbox 671 1160 833 1218; x_wconf 88' lang='lat' dir='ltr'><strong>scientifico</strong></span> <span class='ocrx_word' id='word_1_45' title='bbox 857 1174 886 1217; x_wconf 87' lang='lat' dir='ltr'><strong>et</strong></span> <span class='ocrx_word' id='word_1_46' title='bbox 911 1163 1039 1238; x_wconf 87' lang='lat' dir='ltr'><strong>practico</strong></span> <span class='ocrx_word' id='word_1_47' title='bbox 1060 1160 1196 1239; x_wconf 73' lang='lat' dir='ltr'><strong>Sylloges</strong></span> <span class='ocrx_word' id='word_1_48' title='bbox 1219 1159 1389 1218; x_wconf 76' lang='lat' dir='ltr'><strong>Jelieianue</strong></span> 
     </span>
     <span class='ocr_line' id='line_1_9' title="bbox 142 1246 1388 1328; baseline -0.002 -23"><span class='ocrx_word' id='word_1_49' title='bbox 142 1251 192 1305; x_wconf 84' lang='lat' dir='ltr'><strong>rix</strong></span> <span class='ocrx_word' id='word_1_50' title='bbox 210 1250 342 1307; x_wconf 81' lang='lat' dir='ltr'><strong>officiunt</strong></span> <span class='ocrx_word' id='word_1_51' title='bbox 355 1248 462 1307; x_wconf 85' lang='lat' dir='ltr'><strong>mendo</strong></span> <span class='ocrx_word' id='word_1_52' title='bbox 477 1247 700 1328; x_wconf 67' lang='lat' dir='ltr'><strong>typographica</strong></span> <span class='ocrx_word' id='word_1_53' title='bbox 716 1267 791 1325; x_wconf 85' lang='lat' dir='ltr'><strong>quac</strong></span> <span class='ocrx_word' id='word_1_54' title='bbox 807 1247 877 1305; x_wconf 91' lang='lat' dir='ltr'><strong>hinc</strong></span> <span class='ocrx_word' id='word_1_55' title='bbox 895 1247 963 1305; x_wconf 85' lang='lat' dir='ltr'><strong>iude</strong></span> <span class='ocrx_word' id='word_1_56' title='bbox 981 1250 1168 1327; x_wconf 87' lang='lat' dir='ltr'><strong>irrepserunt,</strong></span> <span class='ocrx_word' id='word_1_57' title='bbox 1192 1247 1240 1304; x_wconf 82' lang='lat' dir='ltr'><strong>vel</strong></span> <span class='ocrx_word' id='word_1_58' title='bbox 1257 1246 1388 1319; x_wconf 88' lang='lat' dir='ltr'><strong>lacunae,</strong></span> 
     </span>
     <span class='ocr_line' id='line_1_10' title="bbox 139 1333 979 1413; baseline 0 -19"><span class='ocrx_word' id='word_1_59' title='bbox 139 1356 218 1413; x_wconf 82' lang='lat' dir='ltr'><strong>quae</strong></span> <span class='ocrx_word' id='word_1_60' title='bbox 241 1356 279 1393; x_wconf 87' lang='lat' dir='ltr'><strong>ex</strong></span> <span class='ocrx_word' id='word_1_61' title='bbox 301 1335 512 1393; x_wconf 78' lang='lat' dir='ltr'><strong>additamentis</strong></span> <span class='ocrx_word' id='word_1_62' title='bbox 534 1333 673 1412; x_wconf 80' lang='lat' dir='ltr'><strong>perfacile</strong></span> <span class='ocrx_word' id='word_1_63' title='bbox 697 1335 825 1411; x_wconf 88' lang='lat' dir='ltr'><strong>suppleri</strong></span> <span class='ocrx_word' id='word_1_64' title='bbox 849 1345 979 1411; x_wconf 87' lang='lat' dir='ltr'><strong>possunt.</strong></span> 
     </span>
    </p>
   </div>
   <div class='ocr_carea' id='block_1_4' title="bbox 138 1446 1390 1871">
    <p class='ocr_par' dir='ltr' id='par_1_5' title="bbox 138 1446 1390 1871">
     <span class='ocr_line' id='line_1_11' title="bbox 252 1446 1388 1523; baseline -0.002 -18"><span class='ocrx_word' id='word_1_65' title='bbox 252 1449 362 1505; x_wconf 83' lang='lat' dir='ltr'><strong>Fontes</strong></span> <span class='ocrx_word' id='word_1_66' title='bbox 384 1447 516 1504; x_wconf 73' lang='lat' dir='ltr'><strong>historici</strong></span> <span class='ocrx_word' id='word_1_67' title='bbox 540 1448 692 1522; x_wconf 70' lang='lat' dir='ltr'><strong>liturgiae</strong></span> <span class='ocrx_word' id='word_1_68' title='bbox 716 1446 1033 1523; x_wconf 76' lang='lat' dir='ltr'><strong>Glagolito-llomanae</strong></span> <span class='ocrx_word' id='word_1_69' title='bbox 1058 1456 1126 1505; x_wconf 88' lang='lat' dir='ltr'><strong>aute</strong></span> <span class='ocrx_word' id='word_1_70' title='bbox 1143 1446 1216 1505; x_wconf 84' lang='lat' dir='ltr'><strong>Xll.</strong></span> <span class='ocrx_word' id='word_1_71' title='bbox 1240 1446 1388 1503; x_wconf 86' lang='lat' dir='ltr'><strong>saeculum</strong></span> 
     </span>
     <span class='ocr_line' id='line_1_12' title="bbox 140 1532 1388 1618; baseline -0.002 -27"><span class='ocrx_word' id='word_1_72' title='bbox 140 1556 195 1592; x_wconf 90' lang='lat' dir='ltr'><strong>nec</strong></span> <span class='ocrx_word' id='word_1_73' title='bbox 219 1536 334 1609; x_wconf 75' lang='lat' dir='ltr'><strong>integre</strong></span> <span class='ocrx_word' id='word_1_74' title='bbox 355 1555 409 1591; x_wconf 90' lang='lat' dir='ltr'><strong>uec</strong></span> <span class='ocrx_word' id='word_1_75' title='bbox 443 1536 544 1592; x_wconf 81' lang='lat' dir='ltr'><strong>critice</strong></span> <span class='ocrx_word' id='word_1_76' title='bbox 569 1532 663 1591; x_wconf 86' lang='lat' dir='ltr'><strong>adhue</strong></span> <span class='ocrx_word' id='word_1_77' title='bbox 687 1533 814 1618; x_wconf 32' lang='lat' dir='ltr'><strong>‘collecti</strong></span> <span class='ocrx_word' id='word_1_78' title='bbox 838 1545 925 1604; x_wconf 77' lang='lat' dir='ltr'><strong>sunt;</strong></span> <span class='ocrx_word' id='word_1_79' title='bbox 963 1533 1083 1612; x_wconf 69' lang='lat' dir='ltr'><strong>Sylloge</strong></span> <span class='ocrx_word' id='word_1_80' title='bbox 1106 1533 1258 1591; x_wconf 75' lang='lat' dir='ltr'><strong>Jelieiana</strong></span> <span class='ocrx_word' id='word_1_81' title='bbox 1280 1534 1388 1589; x_wconf 89' lang='lat' dir='ltr'><strong>iustum</strong></span> 
     </span>
     <span class='ocr_line' id='line_1_13' title="bbox 139 1618 1390 1698; baseline -0.002 -20"><span class='ocrx_word' id='word_1_82' title='bbox 139 1624 302 1698; x_wconf 77' lang='lat' dir='ltr'><strong>rivumque</strong></span> <span class='ocrx_word' id='word_1_83' title='bbox 324 1620 502 1679; x_wconf 85' lang='lat' dir='ltr'><strong>desiderium</strong></span> <span class='ocrx_word' id='word_1_84' title='bbox 526 1618 648 1683; x_wconf 80' lang='lat' dir='ltr'><strong>inducit,</strong></span> <span class='ocrx_word' id='word_1_85' title='bbox 675 1630 707 1677; x_wconf 92' lang='lat' dir='ltr'><strong>ut</strong></span> <span class='ocrx_word' id='word_1_86' title='bbox 731 1620 865 1697; x_wconf 79' lang='lat' dir='ltr'><strong>Liturgia</strong></span> <span class='ocrx_word' id='word_1_87' title='bbox 888 1620 1196 1697; x_wconf 75' lang='lat' dir='ltr'><strong>Glagolito-llomaua,</strong></span> <span class='ocrx_word' id='word_1_88' title='bbox 1220 1621 1308 1677; x_wconf 91' lang='lat' dir='ltr'><strong>etiam</strong></span> <span class='ocrx_word' id='word_1_89' title='bbox 1335 1618 1390 1676; x_wconf 86' lang='lat' dir='ltr'><strong>heo</strong></span> 
     </span>
     <span class='ocr_line' id='line_1_14' title="bbox 138 1706 1390 1785; baseline -0.003 -20"><span class='ocrx_word' id='word_1_90' title='bbox 138 1729 178 1765; x_wconf 82' lang='lat' dir='ltr'><strong>ex</strong></span> <span class='ocrx_word' id='word_1_91' title='bbox 195 1720 287 1785; x_wconf 78' lang='lat' dir='ltr'><strong>parte,</strong></span> <span class='ocrx_word' id='word_1_92' title='bbox 310 1728 397 1785; x_wconf 86' lang='lat' dir='ltr'><strong>quarn</strong></span> <span class='ocrx_word' id='word_1_93' title='bbox 421 1710 546 1785; x_wconf 87' lang='lat' dir='ltr'><strong>primum</strong></span> <span class='ocrx_word' id='word_1_94' title='bbox 566 1708 768 1781; x_wconf 72' lang='lat' dir='ltr'><strong>investigetur,</strong></span> <span class='ocrx_word' id='word_1_95' title='bbox 792 1717 822 1765; x_wconf 92' lang='lat' dir='ltr'><strong>ut</strong></span> <span class='ocrx_word' id='word_1_96' title='bbox 846 1716 908 1764; x_wconf 86' lang='lat' dir='ltr'><strong>tota</strong></span> <span class='ocrx_word' id='word_1_97' title='bbox 923 1708 985 1764; x_wconf 87' lang='lat' dir='ltr'><strong>eius</strong></span> <span class='ocrx_word' id='word_1_98' title='bbox 1010 1707 1138 1765; x_wconf 83' lang='lat' dir='ltr'><strong>evolutio</strong></span> <span class='ocrx_word' id='word_1_99' title='bbox 1154 1718 1241 1785; x_wconf 83' lang='lat' dir='ltr'><strong>atque</strong></span> <span class='ocrx_word' id='word_1_100' title='bbox 1266 1706 1390 1763; x_wconf 87' lang='lat' dir='ltr'><strong>historia</strong></span> 
     </span>
     <span class='ocr_line' id='line_1_15' title="bbox 140 1786 1345 1871; baseline 0.002 -20"><span class='ocrx_word' id='word_1_101' title='bbox 140 1797 171 1852; x_wconf 90' lang='lat' dir='ltr'><strong>in</strong></span> <span class='ocrx_word' id='word_1_102' title='bbox 196 1795 261 1851; x_wconf 83' lang='lat' dir='ltr'><strong>lure</strong></span> <span class='ocrx_word' id='word_1_103' title='bbox 284 1797 378 1871; x_wconf 86' lang='lat' dir='ltr'><strong>posita</strong></span> <span class='ocrx_word' id='word_1_104' title='bbox 402 1796 447 1851; x_wconf 89' lang='lat' dir='ltr'><strong>sit.</strong></span> <span class='ocrx_word' id='word_1_105' title='bbox 1311 1786 1345 1853; x_wconf 85' lang='lat' dir='ltr'><strong>J.</strong></span> 
     </span>
    </p>
   </div>
   <div class='ocr_carea' id='block_1_5' title="bbox 622 1962 906 2042">
    <p class='ocr_par' dir='ltr' id='par_1_6' title="bbox 622 1962 906 2042">
     <span class='ocr_line' id='line_1_16' title="bbox 622 1962 906 2042; baseline 0 -3"><span class='ocrx_word' id='word_1_106' title='bbox 622 1962 906 2042; x_wconf 90' lang='lat' dir='ltr'><strong>POLONICA.</strong></span> 
     </span>
    </p>
   </div>
   <div class='ocr_carea' id='block_1_6' title="bbox 133 2133 1388 4751">
    <p class='ocr_par' dir='ltr' id='par_1_7' title="bbox 137 2133 1387 2391">
     <span class='ocr_line' id='line_1_17' title="bbox 250 2133 1387 2223; baseline 0.002 -24"><span class='ocrx_word' id='word_1_107' title='bbox 250 2134 309 2199; x_wconf 80' lang='lat' dir='ltr'><strong>Ks.</strong></span> <span class='ocrx_word' id='word_1_108' title='bbox 357 2134 590 2219; x_wconf 74' lang='lat' dir='ltr'><strong>Wtadyatao</strong></span> <span class='ocrx_word' id='word_1_109' title='bbox 633 2133 873 2201; x_wconf 75' lang='lat' dir='ltr'><strong>Szczes&#39;ne&#39;olr:</strong></span> <span class='ocrx_word' id='word_1_110' title='bbox 918 2135 1085 2223; x_wconf 75' lang='lat' dir='ltr'><strong>tlbrzadelr</strong></span> <span class='ocrx_word' id='word_1_111' title='bbox 1123 2134 1318 2205; x_wconf 79' lang='lat' dir='ltr'><strong>siowiartalri</strong></span> <span class='ocrx_word' id='word_1_112' title='bbox 1357 2152 1387 2201; x_wconf 82' lang='lat' dir='ltr'>w</span> 
     </span>
     <span class='ocr_line' id='line_1_18' title="bbox 137 2222 1386 2309; baseline 0.004 -19"><span class='ocrx_word' id='word_1_113' title='bbox 137 2222 260 2291; x_wconf 80' lang='lat' dir='ltr'><strong>Peleos</strong></span> <span class='ocrx_word' id='word_1_114' title='bbox 278 2224 473 2307; x_wconf 80' lang='lat' dir='ltr'><strong>pterwotnej</strong></span> <span class='ocrx_word' id='word_1_115' title='bbox 497 2223 558 2306; x_wconf 80' lang='lat' dir='ltr'><strong>(tte</strong></span> <span class='ocrx_word' id='word_1_116' title='bbox 575 2223 640 2291; x_wconf 84' lang='lat' dir='ltr'><strong>ritu</strong></span> <span class='ocrx_word' id='word_1_117' title='bbox 658 2222 791 2292; x_wconf 73' lang='lat' dir='ltr'><strong>atavus</strong></span> <span class='ocrx_word' id='word_1_118' title='bbox 815 2224 849 2291; x_wconf 80' lang='lat' dir='ltr'><strong>tu</strong></span> <span class='ocrx_word' id='word_1_119' title='bbox 874 2224 1010 2309; x_wconf 76' lang='lat' dir='ltr'><strong>antiqua</strong></span> <span class='ocrx_word' id='word_1_120' title='bbox 1030 2222 1190 2305; x_wconf 81' lang='lat' dir='ltr'><strong>Potonta).</strong></span> <span class='ocrx_word' id='word_1_121' title='bbox 1208 2226 1386 2295; x_wconf 72' lang='lat' dir='ltr'><strong>Waruawa,</strong></span> 
     </span>
     <span class='ocr_line' id='line_1_19' title="bbox 141 2307 1343 2391; baseline 0 -20"><span class='ocrx_word' id='word_1_122' title='bbox 141 2315 234 2371; x_wconf 65' lang='lat' dir='ltr'><strong>lesu.</strong></span> <span class='ocrx_word' id='word_1_123' title='bbox 259 2312 428 2371; x_wconf 86' lang='lat' dir='ltr'><strong>Biblioteka</strong></span> <span class='ocrx_word' id='word_1_124' title='bbox 451 2312 536 2373; x_wconf 76' lang='lat' dir='ltr'><strong>dziel,</strong></span> <span class='ocrx_word' id='word_1_125' title='bbox 551 2313 813 2388; x_wconf 69' lang='lat' dir='ltr'><strong>ehreieijar&#39;rakieh.</strong></span> <span class='ocrx_word' id='word_1_126' title='bbox 837 2315 883 2371; x_wconf 88' lang='lat' dir='ltr'><strong>No</strong></span> <span class='ocrx_word' id='word_1_127' title='bbox 908 2318 957 2373; x_wconf 75' lang='lat'><strong>42.</strong></span> <span class='ocrx_word' id='word_1_128' title='bbox 982 2314 1066 2391; x_wconf 77' lang='lat' dir='ltr'><strong>(l&#39;ag.</strong></span> <span class='ocrx_word' id='word_1_129' title='bbox 1091 2316 1161 2379; x_wconf 69' lang='lat'><strong>208,</strong></span> <span class='ocrx_word' id='word_1_130' title='bbox 1185 2332 1261 2389; x_wconf 83' lang='lat' dir='ltr'><strong>mag.</strong></span> <span class='ocrx_word' id='word_1_131' title='bbox 1286 2307 1343 2389; x_wconf 63' lang='lat'>³5⁰.)</span> 
     </span>
    </p>

    <p class='ocr_par' dir='ltr' id='par_1_8' title="bbox 133 2414 1388 4751">
     <span class='ocr_line' id='line_1_20' title="bbox 248 2414 1387 2495; baseline 0.002 -24"><span class='ocrx_word' id='word_1_132' title='bbox 248 2414 382 2474; x_wconf 76' lang='lat' dir='ltr'><strong>Celebris</strong></span> <span class='ocrx_word' id='word_1_133' title='bbox 413 2415 580 2491; x_wconf 76' lang='lat' dir='ltr'><strong>agitabatur</strong></span> <span class='ocrx_word' id='word_1_134' title='bbox 610 2417 713 2475; x_wconf 89' lang='lat' dir='ltr'><strong>ultimo</strong></span> <span class='ocrx_word' id='word_1_135' title='bbox 743 2418 859 2475; x_wconf 86' lang='lat' dir='ltr'><strong>saeculo</strong></span> <span class='ocrx_word' id='word_1_136' title='bbox 890 2418 1023 2495; x_wconf 69' lang='lat' dir='ltr'><strong>‹lunestio</strong></span> <span class='ocrx_word' id='word_1_137' title='bbox 1053 2416 1089 2473; x_wconf 88' lang='lat' dir='ltr'><strong>de</strong></span> <span class='ocrx_word' id='word_1_138' title='bbox 1120 2418 1215 2473; x_wconf 89' lang='lat' dir='ltr'><strong>initiis</strong></span> <span class='ocrx_word' id='word_1_139' title='bbox 1251 2416 1387 2473; x_wconf 80' lang='lat' dir='ltr'><strong>christis·</strong></span> 
     </span>
     <span class='ocr_line' id='line_1_21' title="bbox 137 2502 1387 2581; baseline 0 -21"><span class='ocrx_word' id='word_1_140' title='bbox 137 2505 226 2560; x_wconf 81' lang='lat' dir='ltr'><strong>nisrni</strong></span> <span class='ocrx_word' id='word_1_141' title='bbox 259 2506 289 2560; x_wconf 89' lang='lat' dir='ltr'><strong>in</strong></span> <span class='ocrx_word' id='word_1_142' title='bbox 318 2504 452 2560; x_wconf 86' lang='lat' dir='ltr'><strong>l&#39;olonia.</strong></span> <span class='ocrx_word' id='word_1_143' title='bbox 481 2503 566 2561; x_wconf 84' lang='lat' dir='ltr'><strong>Multi</strong></span> <span class='ocrx_word' id='word_1_144' title='bbox 601 2506 757 2581; x_wconf 82' lang='lat' dir='ltr'><strong>scriptores</strong></span> <span class='ocrx_word' id='word_1_145' title='bbox 791 2504 930 2571; x_wconf 84' lang='lat' dir='ltr'><strong>historici,</strong></span> <span class='ocrx_word' id='word_1_146' title='bbox 965 2513 994 2560; x_wconf 89' lang='lat' dir='ltr'><strong>ut</strong></span> <span class='ocrx_word' id='word_1_147' title='bbox 1030 2504 1138 2569; x_wconf 80' lang='lat' dir='ltr'><strong>Friese,</strong></span> <span class='ocrx_word' id='word_1_148' title='bbox 1175 2502 1387 2577; x_wconf 73' lang='lat' dir='ltr'><strong>Maeiejouski,</strong></span> 
     </span>
     <span class='ocr_line' id='line_1_22' title="bbox 136 2588 1388 2667; baseline -0.002 -20"><span class='ocrx_word' id='word_1_149' title='bbox 136 2588 309 2648; x_wconf 81' lang='lat' dir='ltr'><strong>Bielowski.</strong></span> <span class='ocrx_word' id='word_1_150' title='bbox 333 2590 534 2667; x_wconf 65' lang='lat' dir='ltr'><strong>(lumplou&#39;iez</strong></span> <span class='ocrx_word' id='word_1_151' title='bbox 558 2590 609 2647; x_wconf 84' lang='lat' dir='ltr'><strong>alii</strong></span> <span class='ocrx_word' id='word_1_152' title='bbox 634 2612 686 2667; x_wconf 90' lang='lat' dir='ltr'><strong>pro</strong></span> <span class='ocrx_word' id='word_1_153' title='bbox 709 2602 788 2647; x_wconf 89' lang='lat' dir='ltr'><strong>certo</strong></span> <span class='ocrx_word' id='word_1_154' title='bbox 811 2590 962 2647; x_wconf 83' lang='lat' dir='ltr'><strong>habebant</strong></span> <span class='ocrx_word' id='word_1_155' title='bbox 990 2592 1075 2647; x_wconf 89' lang='lat' dir='ltr'><strong>ritum</strong></span> <span class='ocrx_word' id='word_1_156' title='bbox 1107 2590 1250 2646; x_wconf 83' lang='lat' dir='ltr'><strong>slavieum</strong></span> <span class='ocrx_word' id='word_1_157' title='bbox 1275 2591 1306 2646; x_wconf 92' lang='lat' dir='ltr'><strong>in</strong></span> <span class='ocrx_word' id='word_1_158' title='bbox 1330 2591 1388 2667; x_wconf 90' lang='lat' dir='ltr'><strong>pri-</strong></span> 
     </span>
     <span class='ocr_line' id='line_1_23' title="bbox 135 2676 1387 2754; baseline 0 -21"><span class='ocrx_word' id='word_1_159' title='bbox 135 2679 219 2733; x_wconf 87' lang='lat' dir='ltr'><strong>stina</strong></span> <span class='ocrx_word' id='word_1_160' title='bbox 243 2676 366 2733; x_wconf 86' lang='lat' dir='ltr'><strong>l&#39;olonia</strong></span> <span class='ocrx_word' id='word_1_161' title='bbox 388 2679 531 2743; x_wconf 82' lang='lat' dir='ltr'><strong>extitisse,</strong></span> <span class='ocrx_word' id='word_1_162' title='bbox 555 2681 604 2754; x_wconf 80' lang='lat' dir='ltr'><strong>qui</strong></span> <span class='ocrx_word' id='word_1_163' title='bbox 629 2699 688 2735; x_wconf 90' lang='lat' dir='ltr'><strong>non</strong></span> <span class='ocrx_word' id='word_1_164' title='bbox 711 2680 774 2735; x_wconf 82' lang='lat' dir='ltr'><strong>sine</strong></span> <span class='ocrx_word' id='word_1_165' title='bbox 798 2678 959 2735; x_wconf 83' lang='lat' dir='ltr'><strong>certamine</strong></span> <span class='ocrx_word' id='word_1_166' title='bbox 990 2678 1057 2733; x_wconf 89' lang='lat' dir='ltr'><strong>ritui</strong></span> <span class='ocrx_word' id='word_1_167' title='bbox 1091 2676 1183 2733; x_wconf 86' lang='lat' dir='ltr'><strong>latino</strong></span> <span class='ocrx_word' id='word_1_168' title='bbox 1207 2676 1301 2733; x_wconf 85' lang='lat' dir='ltr'><strong>locum</strong></span> <span class='ocrx_word' id='word_1_169' title='bbox 1325 2696 1387 2733; x_wconf 84' lang='lat' dir='ltr'><strong>ces-</strong></span> 
     </span>
     <span class='ocr_line' id='line_1_24' title="bbox 137 2762 1386 2841; baseline -0.001 -21"><span class='ocrx_word' id='word_1_170' title='bbox 137 2766 218 2820; x_wconf 83' lang='lat' dir='ltr'><strong>serit.</strong></span> <span class='ocrx_word' id='word_1_171' title='bbox 244 2797 283 2805; x_wconf 90' lang='lat'><em>-</em></span> <span class='ocrx_word' id='word_1_172' title='bbox 308 2762 367 2821; x_wconf 82' lang='lat' dir='ltr'><strong>Wl.</strong></span> <span class='ocrx_word' id='word_1_173' title='bbox 393 2764 571 2821; x_wconf 64' lang='lat' dir='ltr'><strong>Szczeiuiak</strong></span> <span class='ocrx_word' id='word_1_174' title='bbox 595 2766 749 2841; x_wconf 88' lang='lat' dir='ltr'><strong>opiniones</strong></span> <span class='ocrx_word' id='word_1_175' title='bbox 772 2785 871 2822; x_wconf 86' lang='lat' dir='ltr'><strong>eorum</strong></span> <span class='ocrx_word' id='word_1_176' title='bbox 901 2766 1030 2821; x_wconf 79' lang='lat' dir='ltr'><strong>oninium</strong></span> <span class='ocrx_word' id='word_1_177' title='bbox 1054 2766 1175 2821; x_wconf 88' lang='lat' dir='ltr'><strong>resumit</strong></span> <span class='ocrx_word' id='word_1_178' title='bbox 1199 2773 1227 2819; x_wconf 86' lang='lat' dir='ltr'><strong>et</strong></span> <span class='ocrx_word' id='word_1_179' title='bbox 1251 2764 1386 2839; x_wconf 88' lang='lat' dir='ltr'><strong>complet,</strong></span> 
     </span>
     <span class='ocr_line' id='line_1_25' title="bbox 136 2848 1385 2927; baseline -0.001 -21"><span class='ocrx_word' id='word_1_180' title='bbox 136 2852 189 2927; x_wconf 92' lang='lat' dir='ltr'><strong>qui</strong></span> <span class='ocrx_word' id='word_1_181' title='bbox 213 2851 377 2926; x_wconf 82' lang='lat' dir='ltr'><strong>oppositam</strong></span> <span class='ocrx_word' id='word_1_182' title='bbox 400 2852 577 2907; x_wconf 86' lang='lat' dir='ltr'><strong>senteutiam</strong></span> <span class='ocrx_word' id='word_1_183' title='bbox 601 2852 781 2927; x_wconf 78' lang='lat' dir='ltr'><strong>profitentur.</strong></span> <span class='ocrx_word' id='word_1_184' title='bbox 813 2855 885 2927; x_wconf 77' lang='lat' dir='ltr'><strong>Cap.</strong></span> <span class='ocrx_word' id='word_1_185' title='bbox 912 2850 965 2918; x_wconf 89' lang='grc' dir='ltr'>ΙΙΙ,</span> <span class='ocrx_word' id='word_1_186' title='bbox 990 2850 1031 2907; x_wconf 84' lang='lat' dir='ltr'><strong>lt&#39;</strong></span> <span class='ocrx_word' id='word_1_187' title='bbox 1056 2864 1085 2907; x_wconf 88' lang='lat' dir='ltr'><strong>et</strong></span> <span class='ocrx_word' id='word_1_188' title='bbox 1110 2850 1133 2906; x_wconf 67' lang='grc' dir='ltr'>Ι</span> <span class='ocrx_word' id='word_1_189' title='bbox 1159 2852 1198 2926; x_wconf 72' lang='lat' dir='ltr'><strong>(p.</strong></span> <span class='ocrx_word' id='word_1_190' title='bbox 1223 2848 1385 2922; x_wconf 55' lang='lat' dir='ltr'><strong>ers-erut)</strong></span> 
     </span>
     <span class='ocr_line' id='line_1_26' title="bbox 136 2936 1388 3015; baseline -0.001 -21"><span class='ocrx_word' id='word_1_191' title='bbox 136 2938 239 2994; x_wconf 84' lang='lat' dir='ltr'><strong>omnia</strong></span> <span class='ocrx_word' id='word_1_192' title='bbox 263 2949 436 3013; x_wconf 82' lang='lat' dir='ltr'><strong>argumenta</strong></span> <span class='ocrx_word' id='word_1_193' title='bbox 458 2936 666 3008; x_wconf 79' lang='lat' dir='ltr'><strong>dissolvuntur,</strong></span> <span class='ocrx_word' id='word_1_194' title='bbox 690 2936 796 3015; x_wconf 78' lang='lat' dir='ltr'><strong>quibus</strong></span> <span class='ocrx_word' id='word_1_195' title='bbox 819 2940 979 2995; x_wconf 85' lang='lat' dir='ltr'><strong>existentia</strong></span> <span class='ocrx_word' id='word_1_196' title='bbox 996 2938 1067 2994; x_wconf 87' lang='lat' dir='ltr'><strong>ritus</strong></span> <span class='ocrx_word' id='word_1_197' title='bbox 1081 2936 1184 2993; x_wconf 80' lang='lat' dir='ltr'><strong>eluviei</strong></span> <span class='ocrx_word' id='word_1_198' title='bbox 1209 2939 1239 2993; x_wconf 91' lang='lat' dir='ltr'><strong>in</strong></span> <span class='ocrx_word' id='word_1_199' title='bbox 1263 2936 1388 2993; x_wconf 86' lang='lat' dir='ltr'><strong>l&#39;olouia</strong></span> 
     </span>
     <span class='ocr_line' id='line_1_27' title="bbox 136 3021 1388 3101; baseline 0 -21"><span class='ocrx_word' id='word_1_200' title='bbox 136 3025 264 3101; x_wconf 83' lang='lat' dir='ltr'><strong>antiqua</strong></span> <span class='ocrx_word' id='word_1_201' title='bbox 286 3023 381 3080; x_wconf 88' lang='lat' dir='ltr'><strong>fulciri</strong></span> <span class='ocrx_word' id='word_1_202' title='bbox 406 3022 492 3081; x_wconf 85' lang='lat' dir='ltr'><strong>solita</strong></span> <span class='ocrx_word' id='word_1_203' title='bbox 515 3033 594 3080; x_wconf 84' lang='lat' dir='ltr'><strong>erat:</strong></span> <span class='ocrx_word' id='word_1_204' title='bbox 622 3044 685 3101; x_wconf 86' lang='lat' dir='ltr'><strong>cap.</strong></span> <span class='ocrx_word' id='word_1_205' title='bbox 711 3027 725 3081; x_wconf 92' lang='lat'>1</span> <span class='ocrx_word' id='word_1_206' title='bbox 752 3026 791 3100; x_wconf 87' lang='lat' dir='ltr'><strong>(p,</strong></span> <span class='ocrx_word' id='word_1_207' title='bbox 821 3026 934 3089; x_wconf 70' lang='lat' dir='ltr'><strong>l-3rit</strong></span> <span class='ocrx_word' id='word_1_208' title='bbox 965 3033 1065 3081; x_wconf 87' lang='lat' dir='ltr'><strong>auctor</strong></span> <span class='ocrx_word' id='word_1_209' title='bbox 1092 3033 1209 3081; x_wconf 86' lang='lat' dir='ltr'><strong>enarrat</strong></span> <span class='ocrx_word' id='word_1_210' title='bbox 1242 3021 1388 3100; x_wconf 85' lang='lat' dir='ltr'><strong>quomodo</strong></span> 
     </span>
     <span class='ocr_line' id='line_1_28' title="bbox 135 3108 1387 3188; baseline -0.002 -21"><span class='ocrx_word' id='word_1_211' title='bbox 135 3112 238 3186; x_wconf 92' lang='lat' dir='ltr'><strong>opinio</strong></span> <span class='ocrx_word' id='word_1_212' title='bbox 269 3108 306 3166; x_wconf 89' lang='lat' dir='ltr'><strong>de</strong></span> <span class='ocrx_word' id='word_1_213' title='bbox 333 3110 475 3167; x_wconf 89' lang='lat' dir='ltr'><strong>Poloniae</strong></span> <span class='ocrx_word' id='word_1_214' title='bbox 506 3112 563 3167; x_wconf 89' lang='lat' dir='ltr'><strong>ritu</strong></span> <span class='ocrx_word' id='word_1_215' title='bbox 597 3110 708 3167; x_wconf 80' lang='lat' dir='ltr'><strong>alarico</strong></span> <span class='ocrx_word' id='word_1_216' title='bbox 730 3114 800 3167; x_wconf 89' lang='lat' dir='ltr'><strong>oriri</strong></span> <span class='ocrx_word' id='word_1_217' title='bbox 824 3113 958 3188; x_wconf 84' lang='lat' dir='ltr'><strong>potuerit.</strong></span> <span class='ocrx_word' id='word_1_218' title='bbox 983 3110 1079 3187; x_wconf 81' lang='lat' dir='ltr'><strong>Caput</strong></span> <span class='ocrx_word' id='word_1_219' title='bbox 1102 3110 1165 3177; x_wconf 88' lang='lat' dir='ltr'><strong>hoe,</strong></span> <span class='ocrx_word' id='word_1_220' title='bbox 1190 3122 1287 3167; x_wconf 89' lang='lat' dir='ltr'><strong>nostro</strong></span> <span class='ocrx_word' id='word_1_221' title='bbox 1311 3108 1387 3167; x_wconf 88' lang='lat' dir='ltr'><strong>iudi-</strong></span> 
     </span>
     <span class='ocr_line' id='line_1_29' title="bbox 135 3196 1386 3275; baseline 0 -22"><span class='ocrx_word' id='word_1_222' title='bbox 135 3198 191 3260; x_wconf 80' lang='lat' dir='ltr'><strong>eio,</strong></span> <span class='ocrx_word' id='word_1_223' title='bbox 215 3217 267 3274; x_wconf 90' lang='lat' dir='ltr'><strong>pro</strong></span> <span class='ocrx_word' id='word_1_224' title='bbox 290 3196 505 3274; x_wconf 89' lang='lat' dir='ltr'><strong>complemento</strong></span> <span class='ocrx_word' id='word_1_225' title='bbox 529 3199 655 3275; x_wconf 68' lang='lat' dir='ltr'><strong>{resitire</strong></span> <span class='ocrx_word' id='word_1_226' title='bbox 678 3200 767 3255; x_wconf 86' lang='lat' dir='ltr'><strong>totius</strong></span> <span class='ocrx_word' id='word_1_227' title='bbox 790 3200 895 3275; x_wconf 89' lang='lat' dir='ltr'><strong>operis,</strong></span> <span class='ocrx_word' id='word_1_228' title='bbox 919 3196 996 3275; x_wconf 69' lang='lat' dir='ltr'><strong>(pund</strong></span> <span class='ocrx_word' id='word_1_229' title='bbox 1020 3217 1171 3254; x_wconf 81' lang='lat' dir='ltr'><strong>censuram</strong></span> <span class='ocrx_word' id='word_1_230' title='bbox 1189 3196 1303 3253; x_wconf 83' lang='lat' dir='ltr'><strong>alienae</strong></span> <span class='ocrx_word' id='word_1_231' title='bbox 1320 3217 1386 3253; x_wconf 88' lang='lat' dir='ltr'><strong>sen-</strong></span> 
     </span>
     <span class='ocr_line' id='line_1_30' title="bbox 134 3281 1385 3361; baseline -0.003 -21"><span class='ocrx_word' id='word_1_232' title='bbox 134 3285 250 3340; x_wconf 86' lang='lat' dir='ltr'><strong>tentiae</strong></span> <span class='ocrx_word' id='word_1_233' title='bbox 273 3282 403 3343; x_wconf 82' lang='lat' dir='ltr'><strong>exbibet.</strong></span> <span class='ocrx_word' id='word_1_234' title='bbox 428 3282 595 3341; x_wconf 87' lang='lat' dir='ltr'><strong>habendum</strong></span> <span class='ocrx_word' id='word_1_235' title='bbox 619 3298 671 3347; x_wconf 79' lang='lat' dir='ltr'><strong>est,</strong></span> <span class='ocrx_word' id='word_1_236' title='bbox 695 3287 816 3361; x_wconf 78' lang='lat' dir='ltr'><strong>eiusque</strong></span> <span class='ocrx_word' id='word_1_237' title='bbox 835 3285 914 3341; x_wconf 86' lang='lat' dir='ltr'><strong>locus</strong></span> <span class='ocrx_word' id='word_1_238' title='bbox 938 3286 1070 3361; x_wconf 87' lang='lat' dir='ltr'><strong>proprius</strong></span> <span class='ocrx_word' id='word_1_239' title='bbox 1095 3284 1123 3339; x_wconf 90' lang='lat' dir='ltr'><strong>iu</strong></span> <span class='ocrx_word' id='word_1_240' title='bbox 1149 3283 1206 3339; x_wconf 86' lang='lat' dir='ltr'><strong>line</strong></span> <span class='ocrx_word' id='word_1_241' title='bbox 1230 3281 1297 3338; x_wconf 80' lang='lat' dir='ltr'><strong>libri</strong></span> <span class='ocrx_word' id='word_1_242' title='bbox 1322 3303 1385 3337; x_wconf 81' lang='lat' dir='ltr'><strong>esse</strong></span> 
     </span>
     <span class='ocr_line' id='line_1_31' title="bbox 136 3366 1387 3447; baseline 0 -22"><span class='ocrx_word' id='word_1_243' title='bbox 136 3368 275 3427; x_wconf 71' lang='lat' dir='ltr'><strong>delrcbat.</strong></span> <span class='ocrx_word' id='word_1_244' title='bbox 299 3370 370 3447; x_wconf 82' lang='lat' dir='ltr'><strong>Cap.</strong></span> <span class='ocrx_word' id='word_1_245' title='bbox 395 3371 424 3427; x_wconf 92' lang='lat' dir='ltr'><strong>ll</strong></span> <span class='ocrx_word' id='word_1_246' title='bbox 450 3373 480 3447; x_wconf 73' lang='lat' dir='ltr'><strong>(p</strong></span> <span class='ocrx_word' id='word_1_247' title='bbox 522 3371 661 3444; x_wconf 70' lang='lat' dir='ltr'><strong>:tu-54)</strong></span> <span class='ocrx_word' id='word_1_248' title='bbox 692 3373 850 3447; x_wconf 85' lang='lat' dir='ltr'><strong>exponitur</strong></span> <span class='ocrx_word' id='word_1_249' title='bbox 880 3370 1046 3431; x_wconf 81' lang='lat' dir='ltr'><strong>theoretice.</strong></span> <span class='ocrx_word' id='word_1_250' title='bbox 1078 3370 1108 3427; x_wconf 89' lang='lat' dir='ltr'><strong>in</strong></span> <span class='ocrx_word' id='word_1_251' title='bbox 1137 3388 1193 3447; x_wconf 90' lang='lat' dir='ltr'><strong>quo</strong></span> <span class='ocrx_word' id='word_1_252' title='bbox 1221 3366 1387 3426; x_wconf 83' lang='lat' dir='ltr'><strong>substantia</strong></span> 
     </span>
     <span class='ocr_line' id='line_1_32' title="bbox 136 3454 1385 3535; baseline -0.002 -22"><span class='ocrx_word' id='word_1_253' title='bbox 136 3458 211 3513; x_wconf 86' lang='lat' dir='ltr'><strong>ritus</strong></span> <span class='ocrx_word' id='word_1_254' title='bbox 236 3456 340 3514; x_wconf 78' lang='lat' dir='ltr'><strong>slariei</strong></span> <span class='ocrx_word' id='word_1_255' title='bbox 364 3459 514 3515; x_wconf 84' lang='lat' dir='ltr'><strong>consistat.</strong></span> <span class='ocrx_word' id='word_1_256' title='bbox 539 3492 577 3499; x_wconf 84' lang='lat'><em>-</em></span> <span class='ocrx_word' id='word_1_257' title='bbox 603 3457 707 3514; x_wconf 80' lang='lat' dir='ltr'><strong>Liceat</strong></span> <span class='ocrx_word' id='word_1_258' title='bbox 730 3470 933 3533; x_wconf 74' lang='lat' dir='ltr'><strong>argumentum</strong></span> <span class='ocrx_word' id='word_1_259' title='bbox 958 3478 1021 3535; x_wconf 86' lang='lat' dir='ltr'><strong>cap.</strong></span> <span class='ocrx_word' id='word_1_260' title='bbox 1038 3458 1060 3519; x_wconf 90' lang='grc' dir='ltr'><strong>Ι,</strong></span> <span class='ocrx_word' id='word_1_261' title='bbox 1077 3454 1207 3513; x_wconf 85' lang='lat' dir='ltr'><strong>breviter</strong></span> <span class='ocrx_word' id='word_1_262' title='bbox 1230 3476 1385 3532; x_wconf 85' lang='lat' dir='ltr'><strong>exponere.</strong></span> 
     </span>
     <span class='ocr_line' id='line_1_33' title="bbox 134 3540 1385 3622; baseline -0.003 -21"><span class='ocrx_word' id='word_1_263' title='bbox 134 3542 233 3601; x_wconf 85' lang='lat' dir='ltr'><strong>Nemo</strong></span> <span class='ocrx_word' id='word_1_264' title='bbox 256 3564 346 3620; x_wconf 77' lang='lat' dir='ltr'><strong>usque</strong></span> <span class='ocrx_word' id='word_1_265' title='bbox 370 3542 407 3601; x_wconf 88' lang='lat' dir='ltr'><strong>ad</strong></span> <span class='ocrx_word' id='word_1_266' title='bbox 432 3546 548 3601; x_wconf 90' lang='lat' dir='ltr'><strong>initium</strong></span> <span class='ocrx_word' id='word_1_267' title='bbox 571 3564 646 3603; x_wconf 89' lang='lat' dir='ltr'><strong>saec.</strong></span> <span class='ocrx_word' id='word_1_268' title='bbox 670 3544 729 3601; x_wconf 64' lang='grc' dir='ltr'><strong>ΧΥ</strong></span> <span class='ocrx_word' id='word_1_269' title='bbox 758 3543 920 3622; x_wconf 80' lang='lat' dir='ltr'><strong>quidquam</strong></span> <span class='ocrx_word' id='word_1_270' title='bbox 944 3544 980 3601; x_wconf 81' lang='lat' dir='ltr'><strong>(le</strong></span> <span class='ocrx_word' id='word_1_271' title='bbox 1004 3542 1192 3601; x_wconf 87' lang='lat' dir='ltr'><strong>missionibus</strong></span> <span class='ocrx_word' id='word_1_272' title='bbox 1216 3562 1252 3598; x_wconf 87' lang='lat' dir='ltr'><strong>ss.</strong></span> <span class='ocrx_word' id='word_1_273' title='bbox 1277 3540 1385 3619; x_wconf 77' lang='lat' dir='ltr'><strong>Cyrilli</strong></span> 
     </span>
     <span class='ocr_line' id='line_1_34' title="bbox 135 3628 1385 3697; baseline -0.002 -10"><span class='ocrx_word' id='word_1_274' title='bbox 135 3637 167 3687; x_wconf 87' lang='lat' dir='ltr'><strong>et</strong></span> <span class='ocrx_word' id='word_1_275' title='bbox 191 3629 345 3697; x_wconf 74' lang='lat' dir='ltr'><strong>lletlrodii,</strong></span> <span class='ocrx_word' id='word_1_276' title='bbox 375 3633 439 3688; x_wconf 79' lang='lat' dir='ltr'><strong>sive</strong></span> <span class='ocrx_word' id='word_1_277' title='bbox 469 3631 591 3687; x_wconf 84' lang='lat' dir='ltr'><strong>aliorum</strong></span> <span class='ocrx_word' id='word_1_278' title='bbox 624 3633 695 3687; x_wconf 86' lang='lat' dir='ltr'><strong>ritus</strong></span> <span class='ocrx_word' id='word_1_279' title='bbox 728 3631 831 3689; x_wconf 78' lang='lat' dir='ltr'><strong>slaviei</strong></span> <span class='ocrx_word' id='word_1_280' title='bbox 863 3632 1114 3689; x_wconf 84' lang='lat' dir='ltr'><strong>missionuriorum</strong></span> <span class='ocrx_word' id='word_1_281' title='bbox 1145 3632 1175 3687; x_wconf 89' lang='lat' dir='ltr'><strong>in</strong></span> <span class='ocrx_word' id='word_1_282' title='bbox 1206 3628 1385 3686; x_wconf 90' lang='lat' dir='ltr'><strong>Polonorum</strong></span> 
     </span>
     <span class='ocr_line' id='line_1_35' title="bbox 135 3714 1384 3777; baseline -0.001 -4"><span class='ocrx_word' id='word_1_283' title='bbox 135 3715 246 3773; x_wconf 88' lang='lat' dir='ltr'><strong>finibus</strong></span> <span class='ocrx_word' id='word_1_284' title='bbox 269 3717 389 3777; x_wconf 84' lang='lat' dir='ltr'><strong>sciebat.</strong></span> <span class='ocrx_word' id='word_1_285' title='bbox 413 3716 667 3775; x_wconf 48' lang='lat' dir='ltr'><strong>&amp;seculodemum</strong></span> <span class='ocrx_word' id='word_1_286' title='bbox 688 3717 745 3774; x_wconf 65' lang='grc' dir='ltr'><strong>ΧΥ</strong></span> <span class='ocrx_word' id='word_1_287' title='bbox 770 3739 807 3774; x_wconf 82' lang='lat' dir='ltr'><strong>ex</strong></span> <span class='ocrx_word' id='word_1_288' title='bbox 830 3718 965 3775; x_wconf 78' lang='lat' dir='ltr'><strong>bleravia</strong></span> <span class='ocrx_word' id='word_1_289' title='bbox 988 3728 1017 3775; x_wconf 89' lang='lat' dir='ltr'><strong>et</strong></span> <span class='ocrx_word' id='word_1_290' title='bbox 1042 3716 1185 3775; x_wconf 86' lang='lat' dir='ltr'><strong>Behemiu</strong></span> <span class='ocrx_word' id='word_1_291' title='bbox 1208 3714 1294 3773; x_wconf 88' lang='lat' dir='ltr'><strong>simul</strong></span> <span class='ocrx_word' id='word_1_292' title='bbox 1318 3734 1384 3772; x_wconf 90' lang='lat' dir='ltr'><strong>eum</strong></span> 
     </span>
     <span class='ocr_line' id='line_1_36' title="bbox 136 3801 1385 3881; baseline 0.001 -23"><span class='ocrx_word' id='word_1_293' title='bbox 136 3801 221 3860; x_wconf 87' lang='lat' dir='ltr'><strong>libris</strong></span> <span class='ocrx_word' id='word_1_294' title='bbox 253 3804 397 3879; x_wconf 69' lang='lat' dir='ltr'><strong>liturgicis</strong></span> <span class='ocrx_word' id='word_1_295' title='bbox 427 3824 480 3881; x_wconf 87' lang='lat' dir='ltr'><strong>per</strong></span> <span class='ocrx_word' id='word_1_296' title='bbox 506 3804 665 3861; x_wconf 85' lang='lat' dir='ltr'><strong>monachos</strong></span> <span class='ocrx_word' id='word_1_297' title='bbox 695 3803 806 3861; x_wconf 87' lang='lat' dir='ltr'><strong>ordinis</strong></span> <span class='ocrx_word' id='word_1_298' title='bbox 838 3826 860 3860; x_wconf 88' lang='lat' dir='ltr'><strong>s.</strong></span> <span class='ocrx_word' id='word_1_299' title='bbox 889 3804 1041 3861; x_wconf 86' lang='lat' dir='ltr'><strong>Benedicti</strong></span> <span class='ocrx_word' id='word_1_300' title='bbox 1079 3806 1150 3861; x_wconf 86' lang='lat' dir='ltr'><strong>ritus</strong></span> <span class='ocrx_word' id='word_1_301' title='bbox 1175 3804 1207 3859; x_wconf 88' lang='lat' dir='ltr'><strong>sl.</strong></span> <span class='ocrx_word' id='word_1_302' title='bbox 1231 3803 1330 3860; x_wconf 88' lang='lat' dir='ltr'><strong>allatis</strong></span> <span class='ocrx_word' id='word_1_303' title='bbox 1354 3804 1385 3859; x_wconf 93' lang='lat' dir='ltr'><strong>in</strong></span> 
     </span>
     <span class='ocr_line' id='line_1_37' title="bbox 134 3888 1384 3969; baseline -0.002 -22"><span class='ocrx_word' id='word_1_304' title='bbox 134 3888 291 3947; x_wconf 88' lang='lat' dir='ltr'><strong>Poloniam</strong></span> <span class='ocrx_word' id='word_1_305' title='bbox 316 3911 430 3969; x_wconf 89' lang='lat' dir='ltr'><strong>quoque</strong></span> <span class='ocrx_word' id='word_1_306' title='bbox 454 3892 533 3947; x_wconf 79' lang='lat' dir='ltr'><strong>ferun</strong></span> <span class='ocrx_word' id='word_1_307' title='bbox 555 3889 591 3946; x_wconf 75' lang='lat' dir='ltr'><strong>(le</strong></span> <span class='ocrx_word' id='word_1_308' title='bbox 615 3891 661 3946; x_wconf 77' lang='lat' dir='ltr'><strong>liis</strong></span> <span class='ocrx_word' id='word_1_309' title='bbox 686 3890 839 3948; x_wconf 63' lang='lat' dir='ltr'><strong>slavorum</strong></span> <span class='ocrx_word' id='word_1_310' title='bbox 864 3891 1004 3968; x_wconf 85' lang='lat' dir='ltr'><strong>apostolis</strong></span> <span class='ocrx_word' id='word_1_311' title='bbox 1028 3892 1118 3947; x_wconf 84' lang='lat' dir='ltr'><strong>venit.</strong></span> <span class='ocrx_word' id='word_1_312' title='bbox 1157 3890 1261 3947; x_wconf 74' lang='lat' dir='ltr'><strong>Cultus</strong></span> <span class='ocrx_word' id='word_1_313' title='bbox 1284 3909 1384 3947; x_wconf 88' lang='lat' dir='ltr'><strong>eorum</strong></span> 
     </span>
     <span class='ocr_line' id='line_1_38' title="bbox 133 3974 1383 4055; baseline -0.001 -22"><span class='ocrx_word' id='word_1_314' title='bbox 133 3974 255 4033; x_wconf 87' lang='lat' dir='ltr'><strong>labente</strong></span> <span class='ocrx_word' id='word_1_315' title='bbox 286 3986 415 4055; x_wconf 85' lang='lat' dir='ltr'><strong>tempore</strong></span> <span class='ocrx_word' id='word_1_316' title='bbox 447 3980 540 4051; x_wconf 68' lang='lat' dir='ltr'><strong>magis</strong></span> <span class='ocrx_word' id='word_1_317' title='bbox 564 3980 716 4054; x_wconf 74' lang='lat' dir='ltr'><strong>magisque</strong></span> <span class='ocrx_word' id='word_1_318' title='bbox 747 3976 910 4051; x_wconf 70' lang='lat' dir='ltr'><strong>augebatur</strong></span> <span class='ocrx_word' id='word_1_319' title='bbox 939 3979 981 4035; x_wconf 82' lang='lat' dir='ltr'><strong>itu</strong></span> <span class='ocrx_word' id='word_1_320' title='bbox 1011 3991 1040 4035; x_wconf 91' lang='lat' dir='ltr'><strong>ut</strong></span> <span class='ocrx_word' id='word_1_321' title='bbox 1073 3978 1224 4034; x_wconf 75' lang='lat' dir='ltr'><strong>blorariae</strong></span> <span class='ocrx_word' id='word_1_322' title='bbox 1259 3975 1383 4053; x_wconf 90' lang='lat' dir='ltr'><strong>apostoli</strong></span> 
     </span>
     <span class='ocr_line' id='line_1_39' title="bbox 134 4056 1386 4142; baseline 0 -23"><span class='ocrx_word' id='word_1_323' title='bbox 134 4063 225 4120; x_wconf 83' lang='lat' dir='ltr'><strong>ctiam</strong></span> <span class='ocrx_word' id='word_1_324' title='bbox 250 4063 372 4140; x_wconf 87' lang='lat' dir='ltr'><strong>apostoli</strong></span> <span class='ocrx_word' id='word_1_325' title='bbox 397 4064 538 4122; x_wconf 87' lang='lat' dir='ltr'><strong>Poloniae</strong></span> <span class='ocrx_word' id='word_1_326' title='bbox 562 4066 707 4121; x_wconf 80' lang='lat' dir='ltr'><strong>nominari</strong></span> <span class='ocrx_word' id='word_1_327' title='bbox 732 4066 827 4142; x_wconf 85' lang='lat' dir='ltr'><strong>coepti</strong></span> <span class='ocrx_word' id='word_1_328' title='bbox 851 4066 917 4123; x_wconf 89' lang='lat' dir='ltr'><strong>sint.</strong></span> <span class='ocrx_word' id='word_1_329' title='bbox 957 4064 1087 4121; x_wconf 80' lang='lat' dir='ltr'><strong>Maxime</strong></span> <span class='ocrx_word' id='word_1_330' title='bbox 1111 4064 1166 4121; x_wconf 89' lang='lat' dir='ltr'><strong>hoe</strong></span> <span class='ocrx_word' id='word_1_331' title='bbox 1198 4065 1307 4120; x_wconf 77' lang='lat' dir='ltr'><strong>laetum</strong></span> <span class='ocrx_word' id='word_1_332' title='bbox 1331 4056 1386 4133; x_wconf 77' lang='lat' dir='ltr'><strong>est,</strong></span> 
     </span>
     <span class='ocr_line' id='line_1_40' title="bbox 134 4148 1383 4229; baseline 0.002 -23"><span class='ocrx_word' id='word_1_333' title='bbox 134 4168 202 4207; x_wconf 92' lang='lat' dir='ltr'><strong>eum</strong></span> <span class='ocrx_word' id='word_1_334' title='bbox 225 4149 262 4208; x_wconf 85' lang='lat' dir='ltr'><strong>de</strong></span> <span class='ocrx_word' id='word_1_335' title='bbox 285 4154 393 4209; x_wconf 88' lang='lat' dir='ltr'><strong>unione</strong></span> <span class='ocrx_word' id='word_1_336' title='bbox 417 4150 558 4209; x_wconf 84' lang='lat' dir='ltr'><strong>ecelesiae</strong></span> <span class='ocrx_word' id='word_1_337' title='bbox 582 4151 753 4209; x_wconf 88' lang='lat' dir='ltr'><strong>rutbcnieae</strong></span> <span class='ocrx_word' id='word_1_338' title='bbox 777 4162 921 4229; x_wconf 77' lang='lat' dir='ltr'><strong>ageretur.</strong></span> <span class='ocrx_word' id='word_1_339' title='bbox 947 4184 986 4193; x_wconf 81' lang='lat'><em>-</em></span> <span class='ocrx_word' id='word_1_340' title='bbox 1010 4150 1147 4207; x_wconf 85' lang='lat' dir='ltr'><strong>Piusecki</strong></span> <span class='ocrx_word' id='word_1_341' title='bbox 1166 4148 1253 4225; x_wconf 80' lang='lat' dir='ltr'><strong>(saec.</strong></span> <span class='ocrx_word' id='word_1_342' title='bbox 1278 4148 1383 4225; x_wconf 81' lang='lat' dir='ltr'><strong>Xl&#39;ll)</strong></span> 
     </span>
     <span class='ocr_line' id='line_1_41' title="bbox 134 4236 1385 4315; baseline -0.001 -22"><span class='ocrx_word' id='word_1_343' title='bbox 134 4238 247 4313; x_wconf 79' lang='lat' dir='ltr'><strong>primus</strong></span> <span class='ocrx_word' id='word_1_344' title='bbox 270 4240 394 4296; x_wconf 79' lang='lat' dir='ltr'><strong>asseruit</strong></span> <span class='ocrx_word' id='word_1_345' title='bbox 417 4238 545 4295; x_wconf 87' lang='lat' dir='ltr'><strong>Polonos</strong></span> <span class='ocrx_word' id='word_1_346' title='bbox 569 4236 656 4294; x_wconf 81' lang='lat' dir='ltr'><strong>tidem</strong></span> <span class='ocrx_word' id='word_1_347' title='bbox 672 4238 864 4295; x_wconf 87' lang='lat' dir='ltr'><strong>christianam</strong></span> <span class='ocrx_word' id='word_1_348' title='bbox 878 4236 914 4295; x_wconf 87' lang='lat' dir='ltr'><strong>ab</strong></span> <span class='ocrx_word' id='word_1_349' title='bbox 928 4238 1067 4315; x_wconf 85' lang='lat' dir='ltr'><strong>apostolis</strong></span> <span class='ocrx_word' id='word_1_350' title='bbox 1091 4237 1210 4294; x_wconf 79' lang='lat' dir='ltr'><strong>slavicis</strong></span> <span class='ocrx_word' id='word_1_351' title='bbox 1227 4238 1385 4312; x_wconf 83' lang='lat' dir='ltr'><strong>accepisse,</strong></span> 
     </span>
     <span class='ocr_line' id='line_1_42' title="bbox 136 4322 1386 4403; baseline -0.002 -22"><span class='ocrx_word' id='word_1_352' title='bbox 136 4322 283 4387; x_wconf 84' lang='lat' dir='ltr'><strong>seductus,</strong></span> <span class='ocrx_word' id='word_1_353' title='bbox 305 4337 337 4382; x_wconf 90' lang='lat' dir='ltr'><strong>ut</strong></span> <span class='ocrx_word' id='word_1_354' title='bbox 360 4324 484 4392; x_wconf 82' lang='lat' dir='ltr'><strong>videtur,</strong></span> <span class='ocrx_word' id='word_1_355' title='bbox 507 4324 603 4382; x_wconf 83' lang='lat' dir='ltr'><strong>officio</strong></span> <span class='ocrx_word' id='word_1_356' title='bbox 626 4326 658 4382; x_wconf 87' lang='lat' dir='ltr'><strong>in</strong></span> <span class='ocrx_word' id='word_1_357' title='bbox 681 4324 821 4381; x_wconf 91' lang='lat' dir='ltr'><strong>honorem</strong></span> <span class='ocrx_word' id='word_1_358' title='bbox 845 4345 882 4383; x_wconf 83' lang='lat' dir='ltr'><strong>ss,</strong></span> <span class='ocrx_word' id='word_1_359' title='bbox 901 4324 1006 4403; x_wconf 76' lang='lat' dir='ltr'><strong>Cyrilli</strong></span> <span class='ocrx_word' id='word_1_360' title='bbox 1032 4337 1060 4380; x_wconf 88' lang='lat' dir='ltr'><strong>et</strong></span> <span class='ocrx_word' id='word_1_361' title='bbox 1085 4322 1228 4381; x_wconf 83' lang='lat' dir='ltr'><strong>Methodii</strong></span> <span class='ocrx_word' id='word_1_362' title='bbox 1251 4325 1386 4381; x_wconf 86' lang='lat' dir='ltr'><strong>instituto</strong></span> 
     </span>
     <span class='ocr_line' id='line_1_43' title="bbox 134 4408 1384 4489; baseline -0.001 -23"><span class='ocrx_word' id='word_1_363' title='bbox 134 4420 224 4489; x_wconf 82' lang='lat' dir='ltr'><strong>atque</strong></span> <span class='ocrx_word' id='word_1_364' title='bbox 259 4411 338 4469; x_wconf 87' lang='lat' dir='ltr'><strong>fama</strong></span> <span class='ocrx_word' id='word_1_365' title='bbox 364 4410 401 4469; x_wconf 88' lang='lat' dir='ltr'><strong>de</strong></span> <span class='ocrx_word' id='word_1_366' title='bbox 431 4412 542 4469; x_wconf 65' lang='lat' dir='ltr'><strong>slat-ico</strong></span> <span class='ocrx_word' id='word_1_367' title='bbox 566 4413 743 4468; x_wconf 86' lang='lat' dir='ltr'><strong>monasterio</strong></span> <span class='ocrx_word' id='word_1_368' title='bbox 767 4410 955 4468; x_wconf 85' lang='lat' dir='ltr'><strong>benedictino</strong></span> <span class='ocrx_word' id='word_1_369' title='bbox 979 4431 1068 4488; x_wconf 89' lang='lat' dir='ltr'><strong>prope</strong></span> <span class='ocrx_word' id='word_1_370' title='bbox 1092 4410 1275 4479; x_wconf 79' lang='lat' dir='ltr'><strong>Craeovium,</strong></span> <span class='ocrx_word' id='word_1_371' title='bbox 1307 4408 1384 4486; x_wconf 65' lang='lat' dir='ltr'><strong>‹puod</strong></span> 
     </span>
     <span class='ocr_line' id='line_1_44' title="bbox 134 4496 1386 4576; baseline -0.002 -23"><span class='ocrx_word' id='word_1_372' title='bbox 134 4506 236 4554; x_wconf 84' lang='lat' dir='ltr'><strong>tamen</strong></span> <span class='ocrx_word' id='word_1_373' title='bbox 266 4508 381 4555; x_wconf 84' lang='lat' dir='ltr'><strong>tuntum</strong></span> <span class='ocrx_word' id='word_1_374' title='bbox 412 4519 463 4575; x_wconf 89' lang='lat' dir='ltr'><strong>per</strong></span> <span class='ocrx_word' id='word_1_375' title='bbox 493 4496 583 4555; x_wconf 78' lang='lat' dir='ltr'><strong>breve</strong></span> <span class='ocrx_word' id='word_1_376' title='bbox 611 4507 725 4576; x_wconf 89' lang='lat' dir='ltr'><strong>tempus</strong></span> <span class='ocrx_word' id='word_1_377' title='bbox 753 4497 806 4555; x_wconf 90' lang='lat' dir='ltr'><strong>sub</strong></span> <span class='ocrx_word' id='word_1_378' title='bbox 837 4498 926 4555; x_wconf 84' lang='lat' dir='ltr'><strong>tinem</strong></span> <span class='ocrx_word' id='word_1_379' title='bbox 950 4497 1026 4556; x_wconf 77' lang='lat' dir='ltr'><strong>Xll&#39;</strong></span> <span class='ocrx_word' id='word_1_380' title='bbox 1058 4507 1087 4554; x_wconf 86' lang='lat' dir='ltr'><strong>et</strong></span> <span class='ocrx_word' id='word_1_381' title='bbox 1120 4498 1203 4554; x_wconf 89' lang='lat' dir='ltr'><strong>initio</strong></span> <span class='ocrx_word' id='word_1_382' title='bbox 1226 4496 1286 4553; x_wconf 70' lang='grc' dir='ltr'><strong>ΧΥ</strong></span> <span class='ocrx_word' id='word_1_383' title='bbox 1311 4515 1386 4552; x_wconf 86' lang='lat' dir='ltr'><strong>saec.</strong></span> 
     </span>
     <span class='ocr_line' id='line_1_45' title="bbox 133 4582 1386 4661; baseline -0.002 -21"><span class='ocrx_word' id='word_1_384' title='bbox 133 4582 281 4642; x_wconf 86' lang='lat' dir='ltr'><strong>floruerat.</strong></span> <span class='ocrx_word' id='word_1_385' title='bbox 305 4585 446 4661; x_wconf 77' lang='lat' dir='ltr'><strong>l&#39;estigiis</strong></span> <span class='ocrx_word' id='word_1_386' title='bbox 467 4583 607 4643; x_wconf 85' lang='lat' dir='ltr'><strong>Piasecki</strong></span> <span class='ocrx_word' id='word_1_387' title='bbox 631 4584 819 4642; x_wconf 84' lang='lat' dir='ltr'><strong>inhaerentes</strong></span> <span class='ocrx_word' id='word_1_388' title='bbox 842 4584 927 4642; x_wconf 89' lang='lat' dir='ltr'><strong>multi</strong></span> <span class='ocrx_word' id='word_1_389' title='bbox 951 4584 1001 4641; x_wconf 88' lang='lat' dir='ltr'><strong>alii</strong></span> <span class='ocrx_word' id='word_1_390' title='bbox 1027 4604 1121 4641; x_wconf 89' lang='lat' dir='ltr'><strong>rerum</strong></span> <span class='ocrx_word' id='word_1_391' title='bbox 1145 4585 1308 4660; x_wconf 85' lang='lat' dir='ltr'><strong>scriptores,</strong></span> <span class='ocrx_word' id='word_1_392' title='bbox 1332 4584 1386 4639; x_wconf 88' lang='lat' dir='ltr'><strong>irn-</strong></span> 
     </span>
     <span class='ocr_line' id='line_1_46' title="bbox 134 4669 1385 4751; baseline -0.001 -25"><span class='ocrx_word' id='word_1_393' title='bbox 134 4672 239 4751; x_wconf 87' lang='lat' dir='ltr'><strong>primis</strong></span> <span class='ocrx_word' id='word_1_394' title='bbox 263 4681 467 4749; x_wconf 79' lang='lat' dir='ltr'><strong>protestantes,</strong></span> <span class='ocrx_word' id='word_1_395' title='bbox 491 4672 624 4729; x_wconf 89' lang='lat' dir='ltr'><strong>Hussitis</strong></span> <span class='ocrx_word' id='word_1_396' title='bbox 648 4671 801 4750; x_wconf 82' lang='lat' dir='ltr'><strong>(Bohemis</strong></span> <span class='ocrx_word' id='word_1_397' title='bbox 825 4685 854 4728; x_wconf 87' lang='lat' dir='ltr'><strong>et</strong></span> <span class='ocrx_word' id='word_1_398' title='bbox 879 4671 1021 4732; x_wconf 79' lang='lat' dir='ltr'><strong>blorarist</strong></span> <span class='ocrx_word' id='word_1_399' title='bbox 1053 4669 1226 4741; x_wconf 81' lang='lat' dir='ltr'><strong>auctoribus,</strong></span> <span class='ocrx_word' id='word_1_400' title='bbox 1250 4670 1309 4727; x_wconf 88' lang='lat' dir='ltr'><strong>iarn</strong></span> <span class='ocrx_word' id='word_1_401' title='bbox 1334 4688 1385 4745; x_wconf 88' lang='lat' dir='ltr'><strong>pro</strong></span> 
     </span>
    </p>
   </div>
   <div class='ocr_carea' id='block_1_7' title="bbox 0 0 1730 5342">
    <p class='ocr_par' dir='ltr' id='par_1_9' title="bbox 0 0 1730 5342">
     <span class='ocr_line' id='line_1_47' title="bbox 0 0 1730 5342; baseline 0 2"><span class='ocrx_word' id='word_1_402' title='bbox 0 0 1730 5342; x_wconf 95' lang='lat' dir='ltr'><strong> </strong></span> 
     </span>
    </p>
   </div>
  </div>
 </body>
</html>
