3450 5342
830 408 868 419 -
897 376 958 431 litu
981 406 1023 417 .-

299 586 366 625 cnm
400 565 656 624 Graeco-Romani
697 564 818 623 iudaeos
851 573 881 623 et
923 564 1100 623 christianos
1139 562 1273 623 barbaris
1314 562 1559 633 adnumerareut,

302 651 505 731 quadruplicis
528 651 685 710 divisionis
712 650 937 710 fundamentum
960 652 1117 729 ignorare3
1150 650 1184 729 β)
1209 652 1368 729 posteriore
1400 652 1431 708 iu
1454 652 1558 727 capito

298 741 481 797 mentionem
503 738 541 796 de
564 740 733 818 Aegyptiis,
766 737 803 797 de
826 737 933 817 quibus
956 748 1044 796 autea
1068 738 1144 797 nihil
1166 735 1276 796 dictum
1301 746 1353 807 est,
1384 738 1554 809 invenisse,

300 824 332 907 y)
356 837 507 884 auctorum
530 824 621 884 aliam
644 825 822 884 divisionem
845 824 925 904 apud
947 843 1072 883 coaevos
1096 822 1256 897 videntem,
1281 844 1382 883 rocem
1405 822 1558 895 barbari,

300 932 375 991 quae
408 914 557 990 temporis,
592 914 624 970 in
657 933 715 990 quo
743 911 890 971 scribebat
923 914 1130 979 narrationem,
1165 913 1393 970 circumstantiis
1428 912 1556 968 minime

300 998 505 1070 conveniebat,
539 1001 688 1057 omississe
711 1010 740 1056 et
763 1001 814 1068 sic,
851 1008 883 1057 ut
905 999 1054 1077 triplicem
1076 1000 1268 1076 partitionem
1290 997 1469 1063 admitteret,
1505 1017 1557 1055 co·

300 1095 399 1144 actum
422 1105 495 1144 esse.
529 1086 753 1163 Consequentcr
775 1082 813 1143 ad
837 1085 914 1145 banc
937 1087 1126 1163 partitionem
1149 1086 1354 1163 genealogiam
1378 1083 1558 1141 iudaeorum

300 1183 331 1231 et
345 1173 572 1231 christianornm
594 1174 627 1230 in
644 1172 735 1231 alium
757 1172 862 1235 locum,
885 1171 934 1229 ubi
952 1171 988 1230 de
1005 1172 1052 1230 his
1075 1192 1169 1229 sermo
1189 1183 1241 1239 est,
1266 1172 1445 1230 remittit-
1467 1191 1557 1247 grae-

301 1280 399 1318 corum
426 1270 525 1319 autem
546 1257 762 1336 genealogiam,
796 1279 871 1337 quae
896 1258 971 1317 nibil
1002 1256 1083 1317 aliud
1106 1268 1169 1317 erat
1200 1260 1258 1317 nisi
1281 1258 1400 1317 deornm
1431 1275 1558 1316 enume-

301 1348 384 1415 ratio,
414 1345 452 1405 de
476 1365 534 1424 qua
556 1346 694 1424 apologia
715 1345 794 1403 infra
815 1345 945 1425 loquitur
967 1355 997 1403 et
1020 1348 1233 1425 aegyptiorum,
1263 1365 1386 1423 quorum
1409 1344 1556 1422 genealo-

301 1435 381 1511 giam
404 1431 563 1503 nesciebat,
597 1434 716 1491 omittit.
761 1432 843 1490 Bene
867 1430 1060 1503 Krestnilrov,
1095 1452 1147 1490 cur
1168 1430 1317 1491 Aristides
1347 1432 1436 1490 aliam
1461 1451 1557 1509 quam

301 1521 346 1577 sui
369 1520 510 1597 temporis
533 1521 697 1597 scriptores,
730 1520 922 1596 partitionem
952 1517 1098 1591 admittat,
1132 1518 1274 1597 explicat:
1308 1518 1472 1587 christiani,
1507 1520 1557 1575 in·

302 1608 373 1684 quit,
418 1608 463 1664 sui
497 1625 515 1663 a
547 1604 681 1664 barbaris
721 1605 903 1664 discriminis
944 1607 1062 1677 conscii,
1107 1605 1163 1663 hoo
1202 1604 1362 1665 discrimen
1388 1603 1557 1682 gentilibus

302 1691 502 1771 opponebant3
526 1690 557 1750 id
573 1695 669 1771 ipsum
692 1691 852 1751 discrimen
868 1691 1025 1765 Aristides,
1049 1711 1114 1750 cum
1131 1692 1292 1751 humanum
1314 1712 1407 1769 genus
1424 1690 1558 1770 quadru-

301 1779 419 1859 pliciter
441 1778 559 1851 dividit,
580 1799 651 1858 prae
674 1779 767 1837 oculis
789 1778 880 1837 habet
903 1778 942 1857 (p.
968 1780 1007 1837 65
1032 1778 1116 1858 sqq).
1150 1778 1177 1837 Ε
1200 1790 1303 1837 contra
1324 1779 1451 1858 triplicis
1474 1777 1557 1836 divi-

300 1869 392 1925 sionis
426 1868 457 1926 iu
480 1865 702 1945 quadruplicem
736 1869 929 1924 mutationem
954 1868 1005 1923 vix
1041 1886 1074 1924 ac
1094 1887 1137 1929 ¹ne
1171 1868 1223 1923 vix
1247 1864 1367 1944 quidem
1400 1866 1556 1943 explicare

301 1954 433 2011 valemus
458 1952 497 2031 (p.
522 1954 571 2010 65.
594 1962 624 2010 et
648 1951 718 2028 fid).
800 1991 803 1995 -

409 2040 473 2097 Nec
495 2059 634 2116 maguam
665 2038 786 2096 facessit
816 2036 1029 2109 difficultatem,
1053 2036 1131 2117 quod
1155 2040 1176 2097 S
1199 2037 1236 2116 (c
1257 2036 1342 2115 XII.)
1366 2037 1403 2095 de
1428 2040 1558 2117 Aegyp·

300 2128 359 2196 tiis,
393 2124 430 2183 de
464 2124 570 2202 quibus
603 2126 715 2184 nullam
748 2127 829 2203 prius
863 2128 1043 2185 mentionem
1081 2125 1159 2193 fecit,
1196 2124 1344 2203 loquitur;
1379 2125 1435 2183 boc
1470 2128 1555 2183 enim

300 2211 487 2270 Krestnikov
521 2214 641 2271 omnino
674 2222 753 2271 recte
787 2214 940 2273 existimat
974 2212 1040 2271 ideo
1072 2212 1185 2285 fecisse,
1215 2226 1247 2270 ut
1276 2215 1307 2270 in
1337 2212 1384 2269 his
1414 2212 1553 2270 ultimam

301 2318 431 2357 errorum
454 2298 658 2374 religiosorum
680 2296 832 2377 periodum
856 2297 1025 2359 ostenderet
1045 2296 1085 2379 (p.
1104 2298 1173 2375 il).
1197 2297 1284 2375 Quod
1307 2298 1554 2377 pbilosophorum

301 2384 466 2444 doctrinam
493 2383 530 2442 de
560 2384 680 2443 deorum
710 2386 791 2443 cultu
822 2387 937 2457 attinet,
969 2388 990 2445 S
1019 2387 1114 2445 textui
1138 2384 1165 2443 G
1188 2384 1399 2463 praeferendus
1422 2384 1552 2443 videtur.

302 2472 323 2531 S
352 2474 432 2530 enim
462 2473 558 2549 magis
586 2492 683 2530 rernm
713 2474 834 2530 veritati
856 2472 978 2545 accedit,
1002 2472 1120 2553 quando
1149 2470 1328 2531 Graecorum
1359 2471 1556 2551 philosophos

302 2559 438 2630 affirmat,
461 2557 530 2616 dum
554 2570 676 2617 naturae
698 2557 818 2618 deornm
841 2560 986 2617 unitatem
1009 2580 1069 2619 non
1093 2568 1235 2635 negantes
1265 2559 1457 2639 polptheismi
1489 2558 1554 2616 cul·

302 2656 363 2705 tum
388 2644 547 2704 defendere
570 2646 690 2717 vellent,
713 2644 770 2703 sibi
794 2647 867 2725 ipsis
890 2646 1104 2705 contradixisse
1128 2646 1167 2723 (p.
1191 2647 1262 2725 72).

410 2732 457 2789 De
479 2734 582 2809 primis
597 2742 695 2791 antem
718 2730 831 2791 duobus
852 2732 998 2812 capitibus
1016 2734 1238 2812 inquisitionem
1263 2734 1305 2791 sic
1321 2730 1481 2791 concludit:
1508 2730 1552 2804 ,S

300 2815 389 2900 (sicut
411 2828 441 2877 et
462 2814 506 2899 A)
540 2834 731 2899 c-rxpaunua
754 2816 878 2899 odmyro
913 2836 1020 2901 cxeuy
1044 2816 1283 2901 npouaaeneuia
1316 2834 1361 2881 aa
1391 2833 1551 2899 uepaoua-

301 2920 453 2967 ‘ladlfflbl'b
466 2912 552 2971 Bulllt
574 2922 606 2979 ll,
628 2922 663 2965 ³3
680 2920 873 2965 Hetfflol'lttffl
896 2902 1155 2977 ltctttmlelllflttlt
1179 2913 1280 2973 lllll'lsb
1299 2920 1339 2967 lle
1360 2920 1553 2987 bouycttaaffi

301 2988 511 3070 cospauteuia
535 3006 687 3071 moruus
710 3006 939 3065 unumunurm
974 3007 1097 3073 uemiy
1120 3000 1211 3053 rtur»
1233 2988 1262 3050 G
1285 3007 1325 3052 ue
1349 3006 1466 3052 rosseo
1498 3006 1552 3051 co·

298 3092 447 3158 sparum
469 3075 683 3156 conepraauie,
719 3093 759 3137 tio
783 3092 805 3137 u
827 3084 1004 3138 maurannus
1028 3074 1152 3157 o6myro
1175 3093 1283 3161 crouy
1306 3080 1379 3138 ero“
1411 3074 1452 3157 (p.
1476 3076 1550 3153 78.).

409 3161 515 3240 Quoad
538 3165 693 3243 sequentia
714 3164 820 3242 capita,
842 3162 893 3222 nbi
921 3164 950 3222 A
973 3184 1033 3223 non
1054 3162 1187 3236 habetur,
1214 3163 1401 3223 Krestnilrov
1423 3166 1444 3223 S
1467 3174 1497 3223 et
1518 3162 1550 3222 G

301 3248 340 3309 ad
362 3252 493 3309 invicem
515 3260 674 3329 comparat.
706 3249 734 3309 G
757 3269 781 3308 c.
803 3249 898 3321 XIV,
922 3250 1001 3329 quod
1023 3250 1059 3311 de
1082 3249 1202 3314 Iudaeis
1229 3249 1356 3323 disserit,
1388 3286 1427 3294 —
1452 3248 1551 3331 stylus

299 3337 448 3417 verbaque
471 3337 527 3395 hoc
555 3339 707 3415 incapite
737 3338 900 3395 narrationi
930 3340 1018 3409 ,vitae
1042 3339 1075 3397 B.
1099 3348 1128 3397 et
1150 3338 1172 3397 J
1175 3342 1190 3395 .‘
1220 3336 1308 3397 valde
1338 3339 1450 3397 similia
1471 3346 1549 3411 sunt,

300 3458 345 3468 —
367 3425 511 3497 mutavit3
536 3425 557 3482 S
578 3444 650 3482 vero
672 3422 849 3483 Indaeorum
887 3424 997 3483 cultum
1030 3423 1217 3503 reprimendo
1239 3445 1289 3483 eos
1312 3428 1409 3503 potius
1432 3422 1548 3502 augelis

301 3531 390 3589 qnam
413 3511 478 3570 Deo
501 3512 640 3569 serviisse
663 3509 736 3569 dicit
758 3510 798 3588 (p.
822 3512 873 3569 81.
896 3510 981 3589 sqq).

409 3598 445 3655 In
468 3618 493 3655 c.
515 3597 741 3670 xv,-xv1].,
762 3596 814 3655 ubi
837 3596 874 3655 de
898 3597 1125 3658 christianorum
1149 3600 1212 3656 vita
1234 3618 1329 3656 sermo
1353 3608 1405 3667 est,
1430 3597 1450 3655 S
1473 3595 1550 3655 adeo

300 3682 412 3743 vividis
435 3682 580 3743 coloribus
602 3704 668 3743 eam
691 3682 841 3756 describit,
863 3693 896 3742 ut
918 3687 950 3743 iu
970 3706 1006 3744 ea
1020 3687 1112 3743 vitam
1129 3685 1356 3744 christianorum
1372 3684 1480 3743 saeculi
1496 3678 1546 3743 Hi.

300 3768 448 3847 depictam
482 3766 655 3844 videamus3
687 3805 726 3815 -
762 3771 791 3830 G
814 3780 912 3829 autem
943 3774 1002 3830 sui
1029 3774 1170 3851 temporit
1204 3772 1431 3831 christianorum
1455 3773 1546 3829 vitam

300 3854 441 3915 describit
464 3855 503 3934 (p.
527 3858 577 3918 83.
601 3852 686 3936 sqq).
1515 3856 1519 3860 ’

409 3943 446 4000 ln
479 3962 503 4003 c.
533 3943 725 4006 Ill—XIII.
757 3944 786 4003 G
817 3978 856 3986 -
888 3946 990 4023 paucis
1013 3946 1146 4023 exceptis
1170 3978 1209 3988 -
1233 3954 1347 4004 textum
1371 3945 1546 4023 originalem

299 4032 429 4091 retinuit.
453 4028 512 4088 Sed
535 4030 664 4109 speciale
687 4031 737 4089 hic
759 4028 911 4089 observari
944 4043 1048 4110 potest.
1071 4034 1108 4091 ln
1132 4031 1368 4110 aliis-capitibus
1392 4031 1421 4091 t}
1443 4030 1545 4091 abbre-

299 4121 396 4175 viator
418 4128 470 4189 est,
493 4116 542 4175 hic
564 4116 710 4197 quaedam
734 4116 843 4175 adiecit
865 4138 971 4195 nempe
994 4118 1032 4177 de
1055 4118 1178 4178 obiectis
1197 4118 1291 4178 cultus
1314 4120 1445 4196 religiosi
1468 4116 1546 4197 apud

300 4203 476 4266 Chaldaeos.
499 4204 685 4263 Sententiam
707 4213 806 4263 autem
829 4204 947 4263 miram:
970 4204 1007 4264 de
1030 4216 1228 4265 creaturarum
1249 4204 1449 4265 destinatione
1471 4207 1501 4263 iu
1525 4204 1546 4262 S

300 4290 508 4369 interpolatam
532 4311 596 4350 esse
618 4290 805 4349 Krestnikov
835 4302 936 4349 censet
958 4303 988 4351 et
1011 4292 1131 4371 quidem
1154 4294 1272 4372 inipso
1303 4302 1386 4351 textu
1409 4292 1548 4370 originali

301 4378 449 4437 electore
472 4375 599 4455 quodam
623 4377 662 4456 (p.
687 4379 757 4455 91.).

409 4464 561 4524 Breviter:
591 4463 780 4523 Krestnilrov
808 4462 943 4523 defendit
969 4466 1006 4538 A,
1036 4465 1065 4539 S,
1096 4464 1124 4524 G
1147 4486 1211 4525 esso
1240 4464 1278 4525 ab
1311 4466 1441 4525 invicem
1464 4463 1548 4524 iude-

299 4549 482 4631 pandentes,
513 4551 609 4630 quoad
639 4554 737 4631 priora
771 4551 803 4609 Π
837 4554 936 4630 capita
958 4554 987 4611 A
1010 4572 1073 4611 esse
1097 4554 1246 4611 criterium
1268 4573 1321 4632 pro
1345 4552 1365 4612 S
1388 4564 1417 4611 et
1440 4551 1477 4612 G.
1500 4552 1547 4609 Da

300 4638 425 4716 singulis
455 4658 525 4697 vero
548 4638 622 4696 haee
652 4638 758 4698 habet:
781 4640 871 4711 ,vitae
894 4639 928 4700 B.
951 4649 980 4698 et
1002 4640 1041 4701 J.‘
1064 4648 1165 4699 auctor
1187 4640 1266 4713 licet,
1293 4660 1362 4701 suae
1385 4640 1547 4699 narrationi
