3450 5342
864 406 1054 462 -172-

441 594 509 654 Una
532 595 606 653 haec
630 596 758 653 inveniri
789 605 885 673 potest
916 594 1084 664 difficultas,
1106 594 1193 673 qnod,
1215 614 1281 653 cum
1305 594 1427 652 formam
1454 592 1596 651 hominis

335 682 437 740 formis
460 682 633 741 animalium
649 682 818 760 praelucere
834 692 986 741 teneamus
1010 682 1117 757 (Natus
1132 702 1159 740 u.
1176 680 1378 758 Offenbarnng
1396 680 1486 749 VIII,
1506 681 1594 743 teet,

339 770 434 847 ipsum
468 768 619 827 bominem
659 767 820 827 secundum
853 788 1038 827 communem
1074 778 1342 847 congruentemqne
1376 788 1442 825 curn
1481 766 1592 825 bestiis

335 864 439 934 typum
455 856 575 914 fermari
591 876 669 915 nunc
686 854 848 914 concedere
872 854 1025 929 videmnr3
1049 855 1100 915 sed
1117 856 1172 913 hoc
1196 858 1350 913 veritatem
1373 855 1593 933 explicationis

336 943 592 1001 evolutionisticae
616 964 676 1001 non
698 944 856 1015 evinceret
890 945 945 1001 etsi
968 942 1041 1001 haec
1064 942 1281 1021 discrepantiae
1303 944 1417 1020 species
1446 939 1591 1019 expediri

337 1050 396 1087 non
419 1041 517 1108 posset
530 1054 537 1098 ς
551 1050 649 1117 ‘quam
672 1030 822 1108 explicare
844 1030 920 1089 alias
944 1030 1066 1089 fortasse
1090 1029 1270 1089 conabimur.

438 1134 530 1191 Plura
552 1132 589 1191 de
613 1134 668 1192 hoc
691 1146 865 1211 argumento
881 1154 974 1213 eaque
990 1136 1102 1193 eximia
1123 1156 1169 1213 ap.
1186 1134 1243 1191 Wt
1255 1132 1364 1211 gand,
1389 1134 1450 1190 Der
1469 1132 1592 1189 llarwi-

335 1223 456 1278 nismus.
481 1221 511 1292 l.‚
535 1222 720 1293 ass-3173
742 1221 807 1292 111„
832 1224 968 1290 use-7,
993 1224 1054 1280 268
1078 1223 1222 1280 invenies.

445 1328 592 1403 Superest,
616 1335 647 1383 ut
659 1324 885 1404 phaenomcnon
901 1327 1170 1405 metamorphoseos
1190 1326 1372 1403 regressirae
1384 1325 1589 1399 attingamus;

337 1410 387 1469 ubi
411 1410 588 1489 procedente
618 1412 787 1471 evolutione
818 1412 966 1471 individui
996 1412 1153 1491 perfectior
1185 1410 1293 1489 gradum
1326 1413 1384 1467 iam
1415 1410 1587 1487 acquisitus

338 1499 516 1577 relinquitur
537 1508 567 1557 et
590 1500 684 1558 l'orma
707 1500 829 1557 inferior
843 1499 984 1557 induitur.
1007 1498 1092 1576 Quae
1116 1520 1162 1558 res
1185 1501 1257 1577 ipsis
1273 1496 1450 1556 adversariis
1468 1498 1587 1554 incom-

338 1584 453 1643 modior
479 1584 598 1643 videtur
627 1607 691 1644 esse
722 1606 809 1665 quarn
842 1586 946 1659 nobis3
983 1606 1050 1646 nam
1082 1586 1321 1664 degenerationis
1354 1604 1442 1642 cansa
1474 1582 1587 1641 idealis

337 1672 424 1730 facile
447 1675 603 1751 repetitum
627 1673 686 1731 alia
709 1694 799 1731 causa
822 1694 881 1731 non
905 1676 985 1733 item.

443 1776 476 1855 e)
500 1776 598 1835 Pluris
622 1796 710 1855 quam
734 1776 807 1835 haec
830 1776 1052 1857 embryologica
1075 1784 1249 1853 argimrenta
1272 1796 1331 1833 non
1347 1782 1423 1843 sunt,
1445 1794 1526 1852 quae
1546 1796 1584 1831 ex

337 1864 474 1939 geologia
508 1874 537 1921 ct
570 1863 753 1941 geographia
786 1864 954 1923 afferuntur.
989 1865 1109 1921 Etenim
1141 1862 1280 1933 lacunosa
1314 1860 1367 1919 illa
1397 1864 1584 1919 continuatio

336 1951 485 2028 seriesque
516 1951 674 2008 formarum
697 1971 734 2007 oa
764 1969 822 2008 non
853 1963 906 2022 cst,
937 1970 996 2029 (pua
1025 1969 1096 2007 vera
1119 1971 1218 2007 carum
1249 1950 1492 2026 consanguinitas
1517 1969 1583 2026 pro-

334 2036 427 2094 betur.
464 2037 612 2114 Imprimis
642 2039 808 2095 animantia
838 2048 1001 2115 temporum
1032 2039 1160 2116 priorum
1192 2035 1284 2095 multo
1313 2038 1410 2093 minus
1441 2037 1523 2093 inter
1552 2055 1584 2093 se

336 2122 454 2182 diversa
483 2144 547 2181 esse
579 2134 608 2181 et
639 2126 741 2183 omnia
771 2144 922 2203 corporum
954 2126 1197 2202 temperationem
1229 2122 1438 2201 simpliciorem
1470 2121 1583 2180 habere

338 2210 557 2269 necessc'forct
587 2230 676 2289 quam
705 2231 783 2269 nunc
806 2212 949 2269 viventia.
982 2210 1041 2269 sed
1072 2220 1206 2269 neutrum
1234 2212 1357 2267 inventa
1380 2208 1496 2267 docent.
1520 2209 1582 2283 (Cf.

333 2298 473 2355 Romer
516 2286 571 2357 f'b.
600 2297 649 2356 die
679 2298 805 2356 utronea
828 2298 957 2356 Formen
988 2296 1040 2356 des
1071 2296 1267 2375 organiscben
1298 2296 1417 2355 Lebens
1448 2296 1503 2354 auf
1529 2294 1584 2354 der

335 2384 427 2442 Erde:
451 2385 476 2441 P
486 2384 546 2441 tat
553 2385 571 2454 f,
596 2384 970 2462 Schttpfungsgesclrichte3
1006 2386 1159 2443 Kerner
1184 2406 1211 2445 v.
1234 2384 1316 2457 illan,
1347 2382 1581 2443 Pllanaenleben

334 2471 374 2540 ΙΙ,
399 2474 569 2529 sut-602
594 2468 661 2546 etc.)
685 2472 788 2529 I'otius
811 2474 989 2530 contrarium
1013 2472 1110 2530 fulciri
1134 2482 1230 2549 potest
1252 2469 1402 2541 trilobitis,
1425 2471 1581 2535 calamitis,

333 2557 556 2636 lepidodendris
579 2558 782 2618 consideratis.
805 2558 894 2617 Certe
917 2558 1023 2617 nullibi
1047 2560 1205 2635 vestigium
1222 2560 1373 2615 invenitur
1396 2560 1580 2616 evolutorum

333 2645 475 2723 paulatim
500 2665 674 2722 organorum
700 2668 726 2703 v.
750 2667 776 2721 g.
801 2646 958 2717 oculorum,
982 2644 1088 2704 nullibi
1104 2646 1263 2722 vestigium
1280 2647 1418 2723 acquisiti
1437 2645 1578 2723 paulatim

280 2798 288 2807 ,
334 2734 460 2809 impetus
483 2742 512 2789 et
529 2734 676 2810 appetitus
692 2753 787 2790 rerum
805 2732 985 2791 idonearum.
1009 2729 1068 2811 (ef.
1086 2733 1231 2791 Stimmen
1246 2752 1298 2791 aus
1321 2732 1361 2794 Μ.
1378 2733 1412 2793 L.
1429 2731 1578 2801 XXVIIIv

334 2822 395 2876 481
421 2831 493 2891 etc.;
517 2820 639 2891 XXIX,
664 2822 725 2877 248
750 2817 818 2889 οἱα.)
849 2818 968 2878 Deinde
992 2818 1128 2877 laborant
1151 2818 1316 2877 aduersarii
1339 2818 1376 2876 do
1400 2818 1576 2899 explicandi

334 2904 497 2964 stabilitate
514 2906 722 2964 nonnullarum
738 2908 910 2984 specierum,
934 2927 1023 2985 quam
1039 2906 1278 2984 palaoontologia
1294 2917 1371 2963 certe
1388 2906 1577 2965 demonstrat.

335 2991 420 3067 Quae
442 2995 522 3050 enim
546 2992 681 3051 Babalt
704 2994 807 3051 afferre
831 3004 953 3051 conatur
976 2992 1015 3072 (p.
1041 2994 1103 3069 64),
1126 2993 1286 3070 explicatio
1310 3012 1368 3050 non
1391 3002 1468 3051 sunt.
1491 2990 1575 3067 Quod

336 3099 406 3136 vero
441 3081 471 3137 in
502 3082 672 3139 universnm
703 3080 922 3158 imperfectiora
957 3081 1121 3139 animantia
1152 3080 1364 3137 antecesserint
1394 3080 1574 3158 perfectiora

335 3167 398 3223 eins
423 3168 464 3223 rei
488 3169 563 3225 ratio
586 3167 634 3224 vel
667 3166 740 3225 haec
764 3187 828 3225 esse
851 3169 954 3244 potuit,
986 3166 1064 3245 (pund
1092 3167 1166 3225 baec
1196 3166 1297 3224 multis
1320 3178 1408 3242 egent
1431 3166 1517 3225 rebus
1539 3163 1574 3223 ad

335 3252 507 3320 vivendum,
531 3254 583 3311 illa
605 3256 707 3332 paucis
731 3265 799 3312 sunt
822 3264 969 3311 contenta.
1001 3254 1138 3312 Ceterum
1170 3256 1260 3311 etiam
1283 3252 1357 3310 haec
1379 3274 1476 3311 rernm
1498 3272 1574 3311 crea·

334 3352 429 3399 tarum
453 3343 543 3399 series
575 3340 642 3399 idea
672 3340 777 3399 divina
806 3354 851 3399 est
882 3340 1002 3399 directa.
1033 3341 1091 3418 (Of.
1115 3340 1316 3409 Micholis,
1343 3341 1406 3399 Das
1437 3342 1573 3399 Formen-

333 3426 659 3505 entwiclrlungsgcsetn
684 3431 712 3485 ὃ.
729 3427 879 3503 431-2),
904 3429 966 3486 Nec
984 3428 1115 3506 profecto
1132 3427 1184 3484 illa
1199 3447 1317 3504 genera,
1340 3448 1416 3505 quae
1432 3430 1573 3497 interiere,

331 3524 447 3573 tantum
472 3517 572 3593 stirpis
594 3515 749 3574 dissimilis
773 3519 861 3573 causa
885 3526 983 3573 creata
1006 3524 1085 3573 sunt:
1110 3534 1178 3571 nam
1199 3524 1329 3591 tempore
1354 3514 1492 3573 historico
1514 3516 1573 3571 ani-

334 3602 426 3660 malia
448 3599 542 3681 (velut
565 3603 724 3676 Dinornis)
747 3611 939 3673 evanuerunt,
963 3603 1102 3680 progenie
1126 3600 1208 3659 nulla
1230 3600 1342 3658 relicta.

444 3705 558 3781 Quodsi
588 3728 616 3764 r.
639 3729 667 3785 g.
696 3706 884 3774 Paludinam,
918 3727 993 3785 quac
1023 3708 1104 3785 prius
1135 3706 1225 3785 plana
1255 3726 1287 3763 se
1316 3704 1571 3775 circumvolvebat

332 3803 435 3869 postea
462 3796 493 3851 in
524 3793 687 3873 pyramidis
722 3796 851 3872 speciem
880 3802 1051 3852 convertere
1084 3815 1114 3851 se
1144 3794 1275 3870 coepisse
1309 3791 1493 3871 exemplaria
1514 3795 1572 3851 eius

333 3876 543 3950 demonstrent,
577 3891 677 3938 tamen
708 3902 767 3939 non
798 3882 893 3957 magis
925 3900 990 3938 eam
1025 3900 1152 3958 unquam
1187 3881 1217 3937 in
1242 3880 1387 3938 Chamam
1417 3879 1467 3937 vel
1490 3880 1572 3938 aliam

333 3968 462 4043 speciem
486 3966 594 4024 abiisse
618 3970 756 4045 sequitur,
786 3988 873 4045 quam
898 3970 980 4025 canis
1004 3970 1034 4025 in
1058 3968 1172 4025 leonem
1204 3966 1302 4025 futura
1324 3968 1478 4025 conversio
1501 3965 1573 4033 inde,

335 4052 412 4130 quod
437 4074 474 4110 ex
492 4073 564 4111 cane
588 4057 724 4131 aquatico
740 4053 877 4131 diligenti
902 4053 1038 4113 adhibita
1060 4074 1129 4112 cura
1145 4055 1228 4111 canis
1251 4052 1369 4111 fricatur
1392 4054 1455 4110 fieri
1478 4054 1573 4131 possit..

334 4139 442 4214 (Natur
464 4139 525 4198 und
549 4139 665 4201 Offcnb.
688 4142 769 4210 XII,
793 4144 878 4219 428.)

442 4243 597 4320 Quomodo
627 4266 698 4303 vero
729 4246 858 4303 evolutio
894 4244 1049 4323 approbari
1081 4253 1185 4322 potest,
1220 4264 1285 4301 cum
1318 4243 1429 4302 formae
1457 4242 1573 4311 mediae,

331 4350 349 4387 a
373 4330 479 4408 quibus
502 4334 635 4409 proxime
659 4354 686 4389 v.
709 4354 737 4408 g.
761 4335 916 4390 carnivora
939 4334 1082 4408 originem
1107 4330 1254 4395 duruerint,
1278 4330 1354 4387 aliae
1378 4331 1571 4399 inveniantur,

333 4419 359 4475 si
382 4416 494 4481 dentes.
517 4419 594 4476 aliae
618 4421 642 4475 si
665 4417 756 4497 pedes
774 4415 914 4498 (ungulae
937 4431 966 4475 ct
986 4414 1124 4497 ungues),
1148 4418 1233 4485 aliae,
1257 4418 1281 4475 si
1297 4426 1403 4475 venter
1422 4420 1571 4496 praecipue

332 4504 500 4583 spectetur?
523 4506 583 4575 (De
600 4506 705 4573 Beer,
729 4504 855 4563 Studien
870 4526 922 4563 aus
943 4504 1008 4563 dem
1026 4504 1152 4563 (lebietc
1168 4503 1221 4562 der
1237 4504 1570 4564 Naturwissenscbaften

331 4590 373 4663 ΙΙ,
396 4593 468 4649 419.
494 4592 638 4664 vlrici,
670 4591 743 4650 Gott
765 4591 826 4650 und
856 4590 905 4649 die
929 4589 1044 4649 Natur3
1074 4613 1101 4670 p.
1126 4594 1206 4666 :tttn
1236 4590 1381 4649 Stimmen
1404 4612 1457 4651 aus
1481 4592 1517 4649 M.
1541 4589 1570 4647 Ii.

331 4678 450 4751 XXIV,
475 4681 537 4736 :356
561 4678 638 4754 ete).
662 4679 870 4755 lramnunguia
894 4678 972 4736 idem
996 4678 1110 4741 (locent.
