3450 5342
701 356 895 411 -163-

277 542 388 600 Contra
418 541 500 612 llaec,
531 564 596 601 cum
628 565 674 601 res
704 545 836 601 maxima
866 555 977 621 agatur,
1009 545 1096 603 liceat
1129 544 1213 603 nobis
1244 547 1334 605 semel
1368 567 1421 625 pro

166 649 287 706 semper
316 631 516 707 imprimis
547 633 711 689 accuratius
741 631 904 689 doctrinam
936 652 1084 709 exponere
1114 642 1143 691 et
1175 633 1299 700 lirmare,
1331 654 1419 712 quam

166 716 261 773 solam
286 714 408 793 dignam
439 738 504 777 esse
535 720 748 786 existimamus,
778 738 854 797 quae
886 718 1059 799 hypothesis
1090 719 1138 777 rel
1169 720 1284 779 theoria
1309 719 1345 779 nd
1370 742 1423 779 ex·

167 800 324 881 plicandas
340 824 386 861 res
405 803 462 862 huc
484 807 666 883 pertinentes
679 815 812 878 vocetur,
835 826 908 884 quo
931 805 946 861 f
951 816 1039 864 actu
1062 804 1233 865 docebimus
1256 826 1352 885 neque
1376 809 1423 865 in·

166 888 360 966 digererem
384 892 524 969 opinione
558 890 595 949 de
618 892 743 971 physica
776 892 946 951 evolutione
970 892 1127 953 formamm
1159 892 1256 969 legem
1285 892 1419 952 divinam

166 976 411 1035 conformationis
433 988 543 1041 secuta.

277 1067 447 1140 Queruntur
476 1078 593 1123 nostrae
624 1068 730 1124 aetatis
761 1066 887 1145 physici,
918 1065 995 1143 quod
1027 1066 1216 1145 philosophia
1245 1066 1421 1125 scholastica

173 1171 269 1209 rerum
293 1151 470 1209 naturalium
493 1155 714 1231 inquisitionem
739 1152 826 1211 modo
849 1154 1035 1231 iniquissimo
1058 1154 1232 1231 neglexerit.
1268 1152 1327 1212 b'ed
1346 1152 1420 1211 illud

171 1247 255 1295 certo
286 1240 387 1313 negari
420 1258 479 1297 non
511 1250 615 1316 potest,
650 1238 777 1298 idealem
810 1250 932 1297 naturae
964 1240 1264 1318 comprehensionem,
1299 1242 1419 1299 omnino

171 1325 304 1382 alienam
328 1324 366 1381 ab
388 1344 432 1394 ea,
462 1346 550 1403 quam
574 1326 697 1384 Darwin
720 1324 950 1405 oppugnandam
974 1326 1029 1385 sibi
1054 1327 1188 1397 tinxerat,
1221 1331 1279 1385 iam
1302 1326 1417 1405 pridem

166 1410 248 1489 apud
272 1432 322 1469 eos
344 1410 485 1479 floruisse,
508 1432 567 1490 qua
583 1416 607 1472 si
623 1414 668 1471 usi
691 1425 791 1472 essent
814 1413 940 1492 physici,
964 1413 1085 1471 ulterius
1109 1434 1179 1473 sane
1203 1416 1418 1492 pervenissent,

168 1518 259 1575 quam
282 1500 347 1556 sine
370 1519 405 1557 ea
428 1513 632 1577 pervenerunt.
661 1502 810 1559 Nimirum
833 1501 958 1559 llarwiu
981 1500 1092 1559 nullam
1115 1503 1147 1559 in
1170 1499 1256 1559 rebus
1280 1500 1418 1559 creandis

169 1582 311 1643 mutuam'
333 1585 572 1663 dependentium,
606 1588 719 1646 nullum
750 1608 858 1645 nexum
890 1586 1089 1666 concipiebat,
1123 1590 1223 1667 itaque
1254 1586 1419 1667 quamlibet

167 1674 298 1750 speciem
328 1675 445 1752 proprie
468 1693 503 1731 ac
525 1675 699 1733 miraculoso
724 1674 780 1732 llei
804 1676 973 1732 interventu
996 1676 1089 1733 creari
1112 1684 1242 1733 nostram
1265 1694 1329 1733 esse
1352 1676 1416 1753 opi·

168 1762 290 1817 nionem
320 1760 458 1837 tingebat.
494 1762 536 1818 At
559 1770 659 1819 nostra
681 1764 830 1819 sententia
852 1773 936 1820 vetus
960 1774 1012 1828 est,
1044 1763 1180 1839 quemvis
1203 1782 1264 1819 rem
1287 1772 1417 1821 creatam

173 1856 205 1903 ut
228 1847 407 1923 singularem
430 1868 464 1905 ac
486 1850 633 1926 propriam
657 1849 750 1906 solum
774 1848 1041 1925 fragmentum
1072 1846 1273 1926 quoddam,
1305 1858 1418 1926 partem

175 1933 307 2011 aliquam
330 1932 541 1993 absolutae
571 1936 839 2013 perfectionis
871 1935 943 1993 Dei
974 1938 1286 2013 repraesentare,
1319 1936 1420 1993 eius-

174 2040 249 2097 que
279 2023 477 2079 netionem
508 2035 597 2100 atque
627 2036 659 2081 ut
691 2025 733 2080 ita
762 2022 860 2080 dicam
886 2024 932 2081 ius
961 2020 1124 2080 exsistendi
1154 2042 1198 2079 ex
1232 2021 1302 2080 hae
1334 2022 1420 2079 sola

174 2105 379 2165 relatione
402 2106 447 2166 ad
471 2108 587 2167 Deum
613 2110 810 2168 inlinitum
834 2128 1000 2167 manare.
1024 2107 1083 2167 Ubi
1096 2107 1258 2167 similitudo
1272 2106 1417 2186 quaedam

171 2206 295 2272 apparet
311 2214 376 2252 cum
393 2194 538 2253 Ilarwinii
557 2208 726 2275 praecepte:
750 2208 834 2255 notas
850 2195 1019 2255 differentes
1042 2198 1194 2254 notionum
1217 2194 1418 2273 specificamm

171 2281 327 2341 collisione
349 2281 477 2359 quadam
501 2294 530 2340 et
552 2295 653 2341 mutua
676 2285 883 2342 terminatione
906 2282 1077 2342 tendentiae
1100 2280 1138 2341 ad
1162 2282 1319 2354 infinitum,
1342 2302 1418 2360 quae

172 2370 206 2426 in
230 2370 335 2447 quavis
359 2371 445 2439 inest,
467 2371 545 2427 oriri.

279 2454 337 2513 seu
368 2476 427 2513 nou
457 2458 500 2514 ita
529 2478 575 2515 res
606 2470 650 2514 est
682 2454 885 2533 intelligenda,
921 2458 980 2515 sesi
1013 2456 1179 2533 fragmenta
1213 2455 1266 2513 illa
1297 2454 1419 2513 divinae

173 2541 362 2620 perfectionis
395 2543 648 2602 manifestationes
678 2556 776 2601 essent
807 2553 960 2621 separatae
991 2554 1020 2601 et
1043 2546 1107 2601 sine
1138 2562 1286 2615 connexu3
1319 2550 1421 2601 contra

173 2650 270 2706 opus
301 2630 373 2687 Dei
405 2642 465 2689 est
495 2629 659 2709 aliquod
688 2641 820 2700 totum,
850 2632 889 2689 in
918 2650 989 2708 qno
1020 2630 1147 2689 omnia
1178 2627 1347 2689 membra
1374 2626 1419 2686 ad

174 2738 215 2773 se
238 2726 372 2775 mutue
395 2718 637 2776 referuntur.
660 2718 719 2792 (cf.
742 2716 911 2775 Thomas
934 2718 991 2795 Aq.
1016 2720 1044 2775 S.
1067 2716 1124 2780 Th.
1145 2718 1176 2789 l.,
1199 2736 1247 2795 qu.
1264 2717 1313 2783 61,
1337 2736 1361 2776 a.
1380 2715 1419 2791 3.)

174 2802 218 2861 L't
234 2802 340 2861 herbas
360 2815 533 2881 spectemus,
556 2802 624 2862 idea
646 2802 813 2875 herbarum,
835 2814 936 2883 utpote
959 2806 1051 2883 partis
1074 2804 1198 2863 alieuius
1222 2824 1317 2862 rerum
1341 2822 1421 2861 erea-

175 2901 280 2955 tarum,
311 2890 392 2949 hisce
423 2912 582 2971 earumque
612 2890 805 2949 relationibus
836 2890 1034 2949 determinata
1056 2902 1108 2951 est.
1143 2889 1203 2949 Sed
1226 2890 1294 2949 idea
1316 2890 1420 2948 diviua

177 2975 287 3035 herbae
311 2998 365 3035 neo
388 2979 420 3036 iu
442 2998 500 3035 une
524 2977 686 3046 individuo,
719 2998 774 3036 nec
797 2979 828 3036 in
850 2999 911 3037 una
934 2978 1035 3049 forma,
1066 2976 1118 3035 sed
1141 2978 1173 3035 in
1195 2980 1339 3035 varietate
1363 2977 1420 3035 for-

176 3084 289 3121 marum
313 3063 511 3123 differentium
534 3063 571 3123 ad
595 3066 729 3123 etl'ectum
753 3062 916 3131 adducitur,
948 3084 1071 3142 quarum
1102 3064 1236 3141 singulae
1269 3066 1300 3121 in
1323 3064 1421 3122 multi-

174 3151 278 3209 tudine
309 3150 528 3210 individuorum
560 3163 710 3230 apparent.
744 3150 881 3227 Quodvis
910 3152 1000 3227 igitur
1030 3149 1217 3209 individuum
1248 3163 1279 3209 ut
1310 3150 1420 3208 formae

172 3237 353 3297 substratum
383 3260 451 3317 pars
480 3252 525 3297 est
555 3238 640 3297 ideae
671 3240 801 3297 effectae.
836 3238 900 3297 Nee
922 3248 1023 3297 tamen
1046 3236 1211 3316 complexio
1233 3237 1282 3295 vel
1306 3256 1420 3295 summa

170 3324 330 3383 formarum
353 3326 536 3403 singularum
551 3325 649 3384 ideam
665 3328 754 3384 totius
772 3346 900 3403 aequare
916 3334 1024 3403 potest,
1048 3322 1154 3383 idealis
1178 3326 1267 3401 igitur
1290 3324 1419 3399 cognitio

170 3410 282 3469 herbae
305 3432 364 3469 non
387 3412 420 3470 tit
443 3416 607 3472 coniunctis
638 3412 795 3471 herbarum
827 3413 930 3470 formis
961 3410 1164 3469 differentibus
1195 3412 1227 3468 in
1257 3422 1418 3468 monstrum

170 3496 302 3577 aliquod,
324 3498 393 3557 licet
417 3498 454 3557 ad
474 3500 556 3558 illam
580 3521 598 3558 a
615 3501 769 3578 posteriori
787 3497 985 3577 colligendam
1010 3518 1108 3557 earum
1133 3498 1262 3575 cognitio
1286 3516 1357 3575 opus
1373 3498 1419 3553 sit.

283 3586 386 3663 ltaque
408 3586 479 3645 lieet
502 3587 611 3645 multae
634 3588 693 3645 sint
716 3607 771 3658 res,
802 3607 862 3645 nou
892 3588 962 3644 item
992 3584 1101 3643 multae
1124 3585 1155 3641 in
1178 3584 1243 3641 Deo
1265 3580 1420 3661 ponendae

174 3682 244 3730 sunt
265 3670 359 3739 ideae,
383 3672 434 3731 sed
457 3674 540 3731 Deus
558 3676 621 3751 ipse
640 3684 684 3731 est
700 3672 768 3731 idea
790 3693 887 3732 rerum
910 3681 1083 3732 creatarum.
1105 3669 1192 3748 Quod
1209 3678 1240 3729 ut
1255 3690 1272 3728 a
1288 3668 1420 3749 physicis

175 3757 450 3836 comprehendatur,
481 3781 553 3838 opus
576 3763 631 3818 erit
654 3760 707 3818 illa
728 3760 918 3819 Platonis
941 3764 1122 3839 περιαγωγῇ
1146 3754 1207 3837 (De
1229 3777 1260 3815 re
1283 3756 1362 3835 publ.
1385 3756 1420 3817 P.

177 3848 249 3911 518,
272 3844 322 3921 D),
346 3847 410 3904 sine
433 3846 544 3925 quaed
561 3849 696 3905 intimam
720 3868 817 3905 rerum
840 3848 1040 3923 cognitionem
1063 3854 1182 3903 nonest
1199 3842 1305 3902 aditus.
1329 3842 1420 3903 Cuius

174 3931 341 3990 doctrinam
364 3932 402 3992 de
424 3933 500 3992 ideis
523 3932 700 3992 realisandis
731 3932 843 3992 videsis
872 3934 918 3991 De
942 3954 972 3991 re
995 3930 1073 4011 publ.
1098 3932 1130 3993 P.
1156 3933 1226 4002 597,
1250 3931 1278 3987 D
1302 3931 1351 3989 vel
1375 3952 1421 4010 ap.

175 4021 450 4096 augustinum,
482 4021 519 4079 In
542 4021 583 4092 Ie,
608 4031 643 4079 tr.
668 4025 694 4087 1,
718 4042 742 4079 c.
769 4024 820 4095 173
853 4020 1074 4097 Origenem,
1105 4018 1141 4076 ln
1165 4018 1197 4076 lo
1224 4021 1249 4085 1,
1276 4022 1305 4091 13
1337 4018 1421 4077 Pal-

175 4108 300 4173 mieri,
323 4106 370 4163 De
393 4106 457 4166 lleo
481 4119 599 4165 creante
625 4110 717 4177 1878,
740 4108 782 4165 th.
807 4110 834 4178 9,
858 4129 886 4165 n.
910 4108 957 4165 ΠΙ
981 4116 1036 4164 etc.

278 4194 342 4250 lam
374 4190 409 4251 1⁰
438 4194 579 4253 historica
609 4195 778 4253 evolutione
809 4214 868 4252 non
900 4192 1043 4273 explicari
1075 4194 1175 4250 omnia
1206 4191 1421 4269 phaenomena,

172 4299 250 4357 cquae
273 4278 364 4337 ideali
387 4293 488 4340 nestra
510 4302 607 4340 rerum
630 4282 893 4359 comprehensione
917 4280 1111 4359 explicantur,
1134 4277 1300 4340 doceamus,

277 4366 517 4440 Phaenomeneu,
548 4368 626 4447 quod
649 4369 788 4432 theoriae.
820 4388 908 4445 quam
931 4386 1142 4445 oppugnamus,
1177 4364 1277 4422 favere
1301 4365 1421 4441 eiusque

175 4451 377 4529 probabilitati
408 4455 633 4515 fundamentum
664 4454 785 4534 aliquod
808 4452 949 4533 praebere
974 4453 1097 4523 ridetur,
1128 4462 1172 4511 est
1195 4451 1421 4529 phaenomeuon

175 4538 348 4598 harmoniae
381 4541 532 4600 cuiusdam
565 4563 616 4601 seu
648 4544 833 4601 constantiae
867 4542 1084 4621 proportionum
1117 4542 1149 4597 in
1180 4558 1277 4597 rerum
1309 4546 1421 4607 natura,

173 4624 254 4703 qued
270 4625 380 4685 idcireo
395 4649 466 4687 sane
481 4631 666 4708 potissimum
682 4634 718 4688 eh
740 4626 951 4708 explicandum
974 4638 1026 4685 est.
1051 4624 1109 4685 Sed
1132 4646 1192 4683 uon
1216 4622 1420 4703 explicabitur.
