3450 5342
217 638 369 713 acciperet.
412 634 497 711 Quae
520 638 678 695 auctoritas
703 656 837 695 successu
860 638 1000 714 temporis
1024 658 1040 694 e
1064 636 1209 713 spirituali
1232 634 1359 695 iuridica
1381 637 1462 695 lacta

215 732 260 780 est
284 743 324 800 tp.
350 726 408 780 tart
433 719 519 803 sqq).

324 808 437 867 Eodem
461 810 546 867 modo
566 830 611 867 res
635 830 665 867 se
689 806 816 867 habebar
847 808 884 867 de
905 809 1092 868 Antiocheno
1118 811 1264 887 episcopo,
1294 811 1343 887 qui
1361 808 1458 867 medio

215 896 288 953 lus
313 896 429 953 sacculo
460 896 613 957 iuridicam
644 908 818 975 potestatam
843 896 967 973 adeptus
996 907 1042 955 eat
1077 901 1119 973 (p.
1143 897 1205 953 223
1229 896 1314 973 sqq).
1360 896 1458 955 Simili

215 984 329 1041 ratione
359 983 482 1041 alierum
506 985 706 1061 episcoporum
730 1004 782 1062 pcr
806 985 910 1043 Asiam
933 982 1131 1061 dispersorum
1160 984 1318 1042 auctoritas
1340 983 1458 1041 evoluta

215 1084 257 1127 cat
283 1072 321 1147 ip.
347 1072 408 1127 225
433 1068 518 1147 sqq).

325 1157 371 1213 llli
404 1165 498 1215 autem
531 1158 660 1233 episcopi
691 1158 721 1215 iu
751 1156 1009 1233 principalioribus
1039 1159 1131 1215 Asiae
1166 1154 1286 1215 urbibus
1322 1156 1457 1214 viventes

215 1244 300 1301 initio
331 1243 368 1300 ab
400 1244 525 1301 inuicem
558 1242 791 1321 independenter
821 1256 913 1308 erant,
947 1242 1041 1301 dtrnec
1072 1244 1276 1301 auctoritatem
1307 1242 1456 1320 quandum

214 1333 367 1409 episeopus
392 1330 595 1389 Antiochenus
619 1331 764 1407 acceperit
788 1336 826 1407 tp.
852 1330 937 1406 227).
983 1330 1075 1388 Cuius
1109 1331 1149 1387 rei
1173 1339 1330 1407 sequentes
1354 1348 1457 1388 musas

215 1416 335 1475 adducit
358 1426 470 1475 auctor:
494 1419 533 1497 a)
558 1417 747 1493 apostolicam
772 1420 916 1489 originem
941 1427 991 1480 tss.
1014 1418 1094 1474 Petri
1120 1428 1148 1473 et
1169 1416 1254 1473 Pauli
1278 1416 1456 1474 Antiochiae

213 1506 427 1578 commoratio);
453 1498 489 1584 b)
514 1506 600 1561 tertio
623 1502 739 1561 saeculo
763 1507 922 1563 accessisse
945 1503 1046 1561 hasce:
1070 1525 1116 1561 res
1139 1502 1275 1581 politicas
1297 1505 1376 1561 tertii
1393 1524 1457 1561 sae

215 1590 281 1656 enli,
305 1590 435 1649 scholam
460 1594 652 1666 exegeticam.
676 1590 827 1667 religionis
851 1591 1031 1649 christianae
1055 1590 1149 1649 zelum
1173 1586 1217 1669 (p.
1242 1591 1304 1647 aso
1326 1593 1412 1670 sqql.

317 1678 351 1734 ln
376 1688 479 1757 quarto
510 1680 606 1755 capite
637 1677 677 1755 (p.
701 1680 885 1752 ‘libb-378)
917 1676 953 1734 dc
977 1677 1230 1754 metropolitarum
1254 1678 1388 1735 instituto
1411 1697 1456 1732 se-

212 1763 339 1821 cundum
363 1784 491 1822 canones
514 1766 661 1821 Nicaeuos
684 1776 814 1841 spectato
837 1764 963 1823 ‹lisserit

316 1853 465 1928 Imprimis
488 1861 585 1909 autern
609 1850 785 1909 divisionem
810 1853 1025 1928 provinciarum
1050 1873 1068 1908 a
1087 1850 1275 1907 Diocletiano
1305 1861 1454 1927 peractam

211 1936 360 1999 describit.
406 1938 490 2012 Quae
513 1937 622 1995 divisio
645 1936 803 1995 secundum
827 1947 973 1997 auctorem
1005 1961 1021 1993 e
1044 1936 1156 2014 duplici
1180 1937 1260 1994 fonte
1283 1935 1372 2014 idque
1395 1957 1453 1993 non

211 2025 333 2082 seorsim
366 2034 504 2103 spectato,
539 2024 651 2081 scilieet
680 2023 779 2082 indice
816 2026 1033 2101 provinciarum
1058 2025 1220 2082 Veronensi
1253 2033 1280 2080 ct
1311 2023 1454 2099 metalogis

209 2108 332 2169 Petrum
354 2112 552 2169 Nicaenorum
577 2109 719 2169 discenda
741 2124 785 2168 est
810 2112 858 2178 (cf,
881 2114 1053 2191 praesertim
1077 2132 1105 2189 p.
1129 2112 1212 2185 246).

319 2199 375 2257 Per
400 2198 475 2255 hunc
501 2198 678 2255 Diocletiani
705 2200 943 2255 reformationem
967 2198 1102 2268 effectum
1126 2211 1178 2268 est,
1202 2212 1232 2255 ut
1255 2196 1363 2254 divisio
1385 2218 1452 2275 pru-

211 2287 373 2343 vinciamm
390 2285 523 2343 civilium
546 2304 611 2343 cum
628 2282 836 2363 metropolibus
857 2285 1066 2342 ecclesiasticis
1089 2304 1197 2361 magna
1220 2295 1355 2361 exparte
1374 2286 1453 2341 coin-

210 2370 321 2430 cideret
344 2373 353 2445 t'
377 2417 383 2428 .
408 2375 468 2429 241
494 2392 558 2450 sqq.
580 2386 608 2429 et
633 2372 716 2447 261).
753 2371 810 2428 llic
834 2382 926 2429 status
950 2393 1001 2449 per
1024 2370 1151 2429 edictum
1175 2369 1399 2429 Mediolanense
1424 2384 1452 2427 et

210 2479 261 2535 per
295 2456 441 2536 synodum
475 2460 637 2517 Nicaenam
670 2458 801 2531 legitime
833 2458 1009 2535 approbatos
1040 2471 1093 2517 est.
1141 2459 1259 2515 Etenim
1290 2455 1449 2515 secundum

210 2556 356 2603 auctorem
380 2545 452 2603 hacc
476 2544 512 2603 de
536 2566 574 2605 ce.
600 2548 702 2606 t.-7.
726 2544 855 2605 tenenda
878 2558 958 2603 sunt:
975 2578 1016 2586 -
1033 2546 1091 2602 Per
1114 2548 1190 2602 cel
1214 2555 1243 2601 et
1268 2544 1452 2602 t'rNicaenae

209 2630 316 2709 synodi
339 2632 450 2689 nullam
475 2652 581 2690 nevam
604 2630 756 2689 inductam
778 2652 843 2689 esse
866 2634 990 2710 praxim,
1025 2630 1077 2689 sed
1105 2641 1236 2689 veterem
1258 2629 1450 2708 approbatam

209 2738 281 2780 esse.
305 2717 472 2777 &nundum
496 2719 549 2777 hos
572 2738 699 2777 canones
715 2730 812 2777 autem
838 2720 930 2795 primo
953 2720 1090 2796 episcopo
1113 2720 1157 2776 ius
1181 2716 1328 2796 synodum
1344 2737 1451 2775 convo·

209 2804 304 2864 candi.
326 2804 517 2882 praesidendi
542 2826 595 2863 nec
615 2826 674 2863 non
699 2807 768 2863 novi
784 2808 914 2883 episcopi
937 2805 1111 2863 electionem
1135 2802 1319 2882 approbandi
1335 2824 1451 2881 compc-

208 2890 289 2949 tebat
311 2888 391 2972 (cnm
414 2890 535 2949 Ltibeek
560 2902 662 2950 eontra
685 2892 805 2960 Solam).
840 2892 925 2949 Prior
948 2900 1045 2949 autom
1068 2893 1169 2969 pranis
1192 2891 1265 2949 haec
1288 2899 1360 2950 crat:
1385 2910 1450 2969 pro·

209 2980 307 3035 vincia
338 2978 436 3035 civilis
459 2981 579 3057 eiusque
613 2978 681 3037 urbs
704 2979 877 3057 principalis
908 2976 1103 3056 respondebat
1127 2976 1336 3056 metropolibus
1358 2978 1450 3035 ecclc-

208 3066 335 3123 siastieis
358 3067 504 3143 primique
519 3068 650 3144 episcopi
674 3064 863 3124 residentiae:
886 3100 923 3109 -
942 3068 1077 3143 exceptio
1101 3086 1170 3121 vero
1193 3084 1211 3121 a
1233 3065 1367 3123 Nicaena
1384 3085 1449 3142 syn.

207 3150 369 3229 approbata
393 3154 423 3209 in
439 3174 473 3210 eo
497 3160 579 3213 erat'
590 3152 667 3230 quod
685 3152 853 3229 metropolis
867 3153 1009 3223 Romana,
1029 3150 1244 3220 Alexandrina,
1260 3151 1449 3208 Antiocheno

205 3239 303 3315 plures
327 3240 495 3315 provincias
526 3240 630 3297 civiles
653 3237 943 3317 comprehendebant
965 3238 1108 3317 sedesque
1132 3240 1217 3315 primi
1242 3238 1370 3315 episcopi
1395 3238 1448 3296 ali-

206 3324 312 3402 quibus
335 3326 368 3383 in
392 3326 464 3383 locis
489 3347 547 3383 non
570 3328 601 3383 in
625 3326 695 3383 urbe
719 3327 891 3403 provinciae
914 3325 1071 3402 principali
1094 3325 1155 3383 lixa
1178 3336 1249 3381 erat.

310 3415 420 3471 Contra
452 3413 614 3490 complures
645 3414 814 3471 canonistas
845 3412 999 3489 disputans
1022 3411 1123 3470 multis
1146 3412 1326 3487 argumentis
1349 3425 1447 3469 osten·

204 3498 273 3555 dere
304 3501 406 3556 nititur
436 3510 504 3556 ante
528 3500 691 3557 Nicaeuam
723 3520 787 3577 syn.
811 3520 870 3557 non
894 3500 984 3556 fuisse
1013 3498 1239 3575 patriarchalem
1271 3496 1445 3573 dignitatem
1507 3506 1511 3513 “

204 3584 329 3663 ideoque
355 3606 407 3643 nec
431 3607 449 3643 a
471 3606 536 3665 syn.
559 3587 693 3645 Nicaeae
715 3607 779 3643 tasse
802 3585 1001 3663 approbatam.
1027 3584 1101 3660 (275
1125 3604 1189 3662 sqq.
1212 3598 1241 3641 et
1265 3585 1349 3651 341).

309 3670 476 3729 Secundum
507 3682 653 3731 atrctorcm
683 3676 808 3733 ,canonis
833 3668 859 3725 tii
884 3693 987 3731 sensus
1019 3691 1078 3729 non
1102 3694 1118 3729 e
1141 3680 1223 3729 textu
1246 3690 1359 3747 graeco,
1395 3674 1445 3749 qni

203 3758 340 3817 corifusns
363 3770 415 3829 ost,
440 3757 491 3816 sed
514 3780 551 3817 ex
575 3759 760 3817 versionibus
783 3761 846 3817 eius
870 3762 992 3817 canonis
1015 3760 1186 3837 praesertim
1211 3757 1249 3815 ab
1266 3760 1311 3828 iis,
1323 3762 1374 3836 qui
1398 3782 1446 3836 sy-

204 3844 279 3901 nodo
304 3846 506 3909 interl'uertmt,
530 3847 659 3904 exaratis
683 3846 841 3904 sumendus
865 3859 917 3904 cst.
956 3848 1066 3903 Sensus
1088 3854 1187 3903 antem
1211 3844 1259 3901 hic
1283 3855 1339 3903 est:
1364 3849 1445 3903 Sicut

203 3933 353 3989 llomanus
386 3934 539 4010 episcopus
570 3953 656 4009 super
685 3932 803 3991 Italiam
834 3942 863 3989 et
892 3932 1115 3990 Alexandrinus
1149 3952 1235 4009 super
1264 3932 1444 4011 Aegyptum.

202 4017 329 4096 Lybiam
355 4027 384 4075 et
406 4020 602 4097 Pentapolim.
636 4023 676 4076 ita
698 4019 905 4078 Antiochenus
928 4040 1014 4096 super
1033 4019 1260 4097 ,Coele-Syriam
1291 4029 1321 4075 ct
1343 4020 1445 4096 Augu-

201 4105 528 4182 stam-Euphratensem
559 4109 623 4163 iura
663 4106 889 4183 nretropolitana
929 4116 1067 4163 exerceat
1117 4106 1187 4181 (non
1222 4106 1443 4182 patriarchalia]

201 4192 243 4268 (p.
269 4192 329 4248 351
355 4191 450 4270 sqq.];
485 4202 639 4270 practerea
661 4193 783 4250 aliarum
809 4212 924 4270 quoquc
948 4193 1137 4250 ecclesiamm
1160 4191 1371 4269 praecellentia
1393 4213 1443 4270 ap-

200 4276 348 4355 probatur,
372 4280 441 4357 quia
472 4278 640 4342 nonnullae.
671 4279 741 4337 licet
764 4278 903 4337 civilibus
926 4280 1086 4356 provinciis
1110 4300 1168 4336 non
1184 4278 1440 4356 correspondeant.

200 4367 259 4422 iam
275 4372 364 4422 antea
387 4364 532 4440 dignitate
555 4366 780 4443 metropolitana
801 4375 921 4424 ornatae
937 4375 1029 4424 erant.
1052 4364 1123 4423 Ideo
1148 4386 1171 4428 c.
1193 4366 1220 4422 ti.
1237 4368 1440 4442 exceptionem

200 4472 217 4509 a
240 4452 342 4521 recula
364 4453 396 4509 in
419 4472 442 4509 c.
467 4456 495 4509 t.
518 4462 627 4511 statuta
650 4454 822 4511 auctoritate
846 4472 899 4511 sua
921 4454 1026 4510 sancit.

303 4538 336 4595 C.
357 4540 524 4617 [episcopi
549 4540 750 4597 Caesariensis
774 4559 860 4616 super
883 4539 1084 4597 Palaestinam
1108 4540 1312 4596 auctoritatem
1334 4556 1439 4615 appro-

199 4621 281 4685 bans,
299 4626 419 4683 minime
436 4625 611 4701 dignitatern
628 4628 758 4703 episcopi
775 4626 921 4683 Hierosol.
933 4646 987 4683 usu
1003 4634 1119 4683 undam
1135 4624 1212 4681 tollit
1226 4621 1267 4704 (p.
1280 4624 1342 4680 364
1355 4632 1441 4701 sqq).

302 4709 389 4786 erod
413 4710 519 4769 libmm
543 4715 636 4789 ipsum
662 4715 782 4790 eiusque
803 4710 932 4769 indolem
957 4712 1070 4770 attinet.
1094 4710 1167 4768 haec
1191 4708 1361 4768 annotanda
1376 4730 1440 4767 esse
