3450 5342
694 455 861 510 --25-

149 654 251 723 eaptus
280 642 317 701 ad
346 665 475 703 summos
509 643 674 702 sacerdotes
698 641 832 723 (munere
862 644 986 716 functos,
1018 644 1066 720 qui
1092 645 1122 700 in
1146 642 1286 721 synedrio
1310 641 1394 702 sede-

149 732 235 793 hantr
265 731 419 789 docturum
449 752 513 790 essse
544 728 625 810 (Act.
649 733 676 800 9,
701 735 762 803 21).
787 746 917 808 apparet.
941 751 1029 808 ‹prmn
1054 729 1186 806 legitime
1210 729 1305 807 quoad
1332 750 1392 787 ma-

149 822 291 896 gistratus
314 817 445 876 iudaicos
468 837 531 876 sese
554 820 687 895 gesserit.
710 819 816 896 Neque
828 819 1043 894 argumentatio
1059 815 1242 895 quorundam
1267 815 1392 894 (trenas,

153 905 317 963 Hansrathr
341 927 378 961 ox
403 907 558 962 contrariis
592 907 721 964 invicem
757 907 885 982 ingeniis
919 904 1005 962 Pauli
1033 912 1063 961 et
1094 903 1270 962 Gamalielis
1304 905 1397 982 petita

133 993 260 1050 ‘melius
292 989 432 1069 procedit.
477 993 508 1050 ei
539 993 619 1049 enim
649 994 776 1050 Aetnam
808 995 931 1070 scriptor
958 991 1083 1048 Paulum
1119 1012 1170 1068 per
1200 990 1397 1048 (ismahelem

151 1082 325 1155 magistrum
356 1081 438 1134 ratio
470 1078 677 1137 commendare
705 1080 854 1142 voluisset.
887 1079 940 1135 hee
973 1089 1051 1136 certe
1087 1097 1145 1136 non
1169 1078 1259 1135 sernel
1283 1087 1397 1136 tantum

151 1167 279 1223 fecisset.
314 1165 561 1223 Commemoratio
592 1165 767 1223 tiamalielis
792 1168 913 1224 minime
937 1163 975 1223 ad
998 1163 1199 1222 conciliandos
1223 1163 1397 1223 Iudaeorum

153 1255 308 1310 animosa
333 1251 424 1309 Paulo
455 1254 533 1310 tacta
564 1262 615 1312 est.
650 1273 743 1330 neque
767 1272 819 1330 per
840 1251 1072 1310 moderationem
1104 1250 1155 1308 sed
1188 1253 1313 1309 t'urorem
1345 1271 1396 1309 ex·
1439 1311 1444 1326 ,

151 1350 240 1416 cepta
262 1348 314 1396 est.
337 1339 483 1416 Denique,
518 1355 546 1398 et
571 1340 625 1396 hec
647 1355 733 1418 eaput
757 1353 809 1407 est,
844 1337 1062 1412 (iluholrorskij
1089 1359 1184 1415 neque
1208 1357 1307 1395 cerunt
1331 1357 1397 1394 sen·

153 1429 277 1484 tentiam
308 1446 391 1483 suam
421 1427 502 1491 facit,
533 1428 581 1504 qni
614 1426 811 1484 llamalieleru
843 1425 931 1484 aliter
953 1427 984 1482 in
1007 1424 1108 1482 schola
1138 1423 1279 1484 docuisse.
1311 1423 1397 1482 aliter

155 1514 185 1570 in
209 1511 349 1591 synedrio
379 1512 559 1589 prolocutum
590 1534 654 1570 esse
683 1513 794 1579 dicunt,
829 1533 924 1591 neque
948 1533 1056 1574 eorum,
1088 1513 1137 1589 qui
1162 1511 1396 1570 Cluistianorum

155 1601 297 1656 fautorem
320 1599 411 1656 luisse
433 1599 566 1670 eredunt,
589 1600 641 1658 sed
664 1599 804 1658 callidam
828 1599 1054 1658 christianorum
1080 1600 1240 1666 inimicum,
1264 1601 1313 1675 qui
1339 1617 1398 1656 nen

155 1688 195 1743 ita
218 1685 351 1764 synedrii
375 1686 506 1744 membra
529 1708 662 1744 sermone
685 1689 783 1765 specie
801 1695 887 1744 tenus
904 1684 1197 1763 ambiguodecipere,
1221 1705 1308 1761 apuam
1332 1705 1399 1762 pru·
1463 1733 1465 1738 .

153 1772 233 1830 denti
266 1770 466 1831 moderatione
497 1795 596 1832 cerum
628 1776 727 1850 impiis
757 1774 910 1831 conatibus
941 1773 1103 1832 etlieaoiam
1138 1771 1247 1830 addere
1277 1769 1397 1841 studuit,

154 1875 239 1938 prout
262 1880 356 1918 sermo
386 1862 449 1917 eius
471 1862 503 1917 in
526 1859 667 1940 synedrio
696 1861 826 1939 prolatus
855 1869 933 1918 recte
964 1860 1129 1937 explieatus
1161 1857 1254 1915 deret..
1299 1859 1394 1932 (tuem

155 1949 297 2003 orationis
319 1967 436 2004 serrsurn
471 1948 611 2005 resultare
635 1946 769 2006 defendit
793 1950 852 2006 iam
875 1946 992 2013 exinde,
1017 1946 1093 2024 quod
1123 1947 1196 2004 siri
1221 1944 1393 2002 israelita&

155 2044 282 2091 mentem
307 2031 482 2090 llanralielis
513 2034 712 2112 approbarunt
733 2035 774 2112 (r.
798 2036 861 2112 39),
892 2032 1000 2092 deinde
1036 2033 1228 2090 nihilominus
1253 2029 1399 2109 apostolos

155 2120 350 2196 flagellarunt,
374 2141 469 2197 aeque
492 2142 590 2178 eorum
614 2121 812 2180 verberatieni
837 2121 986 2180 (lamuhel
1011 2119 1173 2196 refragatus
1197 2133 1253 2180 est:
1277 2117 1400 2176 caedem

153 2227 224 2264 rere
247 2207 444 2284 apostoloram
474 2220 625 2285 tamquam
649 2207 778 2266 medium
801 2207 1050 2267 inconsideratum
1082 2219 1111 2264 et
1143 2205 1322 2283 superfluum
1346 2205 1401 2261 rei-

156 2296 246 2355 ciens,
269 2293 482 2352 revolutionem
505 2294 595 2355 illam.
612 2314 701 2372 «paam
718 2295 828 2353 Christi
854 2315 931 2354 mers
954 2294 1145 2364 excitaverat,
1164 2301 1262 2350 mente
1279 2289 1398 2369 quidem

157 2380 305 2441 rolrehat.
329 2381 434 2438 misere
457 2393 555 2438 tamen
581 2384 697 2440 reticuit
722 2382 869 2460 ducesque
900 2383 1005 2440 erroris
1037 2399 1188 2440 recensere
1221 2378 1332 2438 maluit.
1368 2387 1398 2435 ut

155 2469 300 2536 innueret,
323 2467 447 2524 multum
471 2466 582 2540 abesse,
605 2480 636 2526 ut
662 2470 868 2546 Apostolorum
892 2489 964 2546 opus
980 2467 1033 2526 llei
1051 2489 1123 2545 opius
1142 2487 1207 2525 esse
1218 2477 1403 2542 agnosceret.

157 2554 213 2610 l'r.
237 2557 364 2610 rte-:te
388 2575 440 2630 per
463 2556 655 2632 expositionis
677 2553 834 2614 decursum
857 2557 1043 2634 aliquatenus
1066 2552 1185 2634 quidem
1208 2552 1401 2610 illustrantur.

156 2641 369 2698 lliliienltatem
410 2661 488 2707 rere,
529 2661 604 2718 «puae
645 2663 682 2700 ex
718 2643 778 2700 illis
812 2645 841 2700 iu
883 2642 1041 2722 hypothesi
1079 2637 1298 2698 (linbohmskii
1337 2659 1401 2696 sese

154 2730 276 2804 etegerit.
300 2730 434 2805 sequenti
458 2732 668 2787 commentario
702 2729 843 2808 expedit:
880 2729 1074 2806 ,Impugnare
1105 2749 1154 2786 eos
1181 2747 1246 2784 eum
1266 2726 1400 2804 propriae

155 2816 395 2892 ar=qrranimitatis
425 2813 581 2891 dispendio
615 2817 792 2894 superfluum
827 2828 871 2873 est
905 2827 933 2872 et
969 2813 1147 2892 imprudens.
1186 2813 1250 2870 Hae
1287 2814 1400 2870 ratione

155 2903 235 2958 enirn
258 2900 473 2971 concederetur,
510 2903 539 2958 in
573 2923 673 2961 eornm
707 2903 926 2981 praedicatione
962 2903 1107 2959 contineri
1142 2901 1289 2958 elementa
1319 2917 1400 2968 sana,

156 2987 268 3045 vitalia.
292 2990 392 3044 ruinae
417 3007 475 3045 non
506 2987 643 3046 obnoxia.
669 2991 734 3048 Hac
758 2988 866 3066 agendi
890 2991 1004 3046 rationo
1028 2991 1073 3044 ris
1097 2986 1241 3064 quaedam
1267 2988 1398 3062 superior

156 3074 252 3131 eidem
285 3075 381 3132 inesse
411 3088 626 3151 agnosceretur,
650 3097 708 3154 apua
727 3075 1204 3151 concessadilenrma(!)exsurgit
1218 3071 1400 3130 ineritahilc.

156 3165 187 3218 si
211 3183 229 3218 a
253 3162 316 3218 tuo
338 3163 437 3218 omnia
459 3182 558 3219 eorum
582 3184 671 3240 opera
693 3173 768 3230 sunt,
793 3162 914 3241 perdere
939 3161 1128 3238 impossihile.
1166 3159 1280 3216 ludices
1304 3169 1399 3216 trutom

156 3247 347 3306 eboedierunt
373 3247 448 3305 hono
471 3249 595 3308 consilio
618 3250 841 3330 tinaiodpooul.
864 3269 966 3306 rernm
983 3251 1104 3306 omnino
1127 3267 1184 3304 non
1200 3252 1400 3323 (apparenter)

156 3335 193 3392 ad
218 3348 345 3392 mentem
369 3337 604 3395 eliis-menoses
629 3336 785 3414 Apostolos
808 3335 1021 3414 prohibuerunt
1046 3335 1093 3392 rel
1117 3335 1195 3412 loqui
1220 3331 1257 3390 de
1282 3334 1400 3389 nomine

155 3424 223 3480 Iesu
247 3423 327 3498 (Aet.
352 3421 395 3485 V..
419 3424 473 3500 te)
498 3467 503 3480 .
528 3472 533 3482 .
559 3438 582 3479 .·
610 3425 678 3500 Qua
700 3426 814 3482 ratione
837 3423 920 3482 Sauli
943 3441 1008 3480 eum
1033 3420 1198 3482 Gamaliele
1222 3419 1401 3476 consortium

156 3507 224 3566 odia
254 3510 317 3566 eius
348 3509 379 3566 in
410 3508 596 3566 Christianos
626 3512 748 3568 nrinime
779 3510 909 3588 implexa
940 3507 1037 3566 reddit
1068 3507 1119 3566 sed
1144 3507 1239 3584 potius
1262 3504 1402 3582 explieat.

156 3596 261 3653 Satrius
284 3597 364 3652 enim
387 3594 557 3654 notabiliter
588 3607 656 3654 ante
679 3598 824 3676 Stephani
850 3595 970 3654 caedem
998 3595 1238 3672 Hierosolymam
1271 3601 1402 3660 venerat,

156 3680 329 3740 traditiones
352 3691 498 3760 paternas,
522 3704 597 3760 quae
619 3683 805 3762 pharisaicae
837 3692 930 3752 erant,
961 3683 1130 3740 excoluerat
1161 3679 1304 3758 (Philipp¹
1330 3681 1357 3750 3,
1371 3683 1402 3756 5)

156 3779 185 3826 et
202 3773 204 3777 ’
220 3771 282 3826 vita
312 3790 364 3826 sua
394 3771 559 3846 exprimere
590 3772 809 3829 aecnratissime
840 3769 977 3830 studebat
1008 3768 1089 3850 (isat.
1123 3771 1148 3835 l,
1183 3765 1242 3844 13),
1275 3777 1304 3824 et
1334 3769 1404 3844 qnia

156 3857 253 3928 legem
275 3855 457 3914 scholasticis
482 3856 701 3933 pharisaeorum
725 3858 842 3937 placitis
858 3857 997 3916 infectam
1015 3865 1165 3934 tamquam
1179 3855 1259 3910 vitae
1271 3873 1403 3912 normam

156 3941 268 4009 hahuit,
284 4015 288 4022 ἢ
305 3952 519 4019 consequenter
553 3943 751 4009 existimabat.
794 3966 825 4002 se
863 3953 965 4002 eontra
1003 3964 1110 4001 nomen
1152 3943 1218 3998 lesu
1257 3940 1403 3998 Nazareni

156 4027 306 4086 debere
330 4029 421 4086 multa
447 4031 555 4088 inl'esta
580 4052 667 4107 agere
692 4031 773 4108 (het.
798 4033 847 4101 26,
871 4031 911 4108 9).

261 4117 442 4191 Quaestione
466 4120 507 4174 sie
531 4119 679 4176 illustrata
701 4120 821 4179 ulterior
843 4118 963 4197 quidem
987 4119 1156 4175 criticorum
1179 4116 1325 4192 oppositio
1357 4115 1405 4184 ,in

153 4203 268 4260 liuilern
293 4202 448 4263 verborum
471 4225 600 4281 pugnarn
622 4209 703 4264 omni
726 4208 757 4264 vi
780 4206 944 4264 scientifica
967 4210 1133 4262 carentom“
1162 4201 1273 4272 recidit,
1317 4220 1405 4279 quae-

155 4289 223 4346 dam
242 4300 342 4347 tamen
365 4289 548 4349 diversorum
571 4291 686 4350 obiecta
714 4288 754 4355 G,
776 4295 858 4352 tenui
882 4292 996 4350 calamo
1020 4291 1200 4368 perstringit.
1232 4285 1405 4346 Cuiusmodi

154 4389 221 4433 sunt
253 4379 408 4434 citationes
439 4380 522 4436 iaxta
546 4379 635 4435 Lxx
659 4399 677 4436 a
695 4381 787 4437 Paulo
817 4380 1011 4437 communitor
1049 4377 1152 4446 factae,
1184 4375 1334 4432 silentium
1368 4371 1405 4430 de

80 4465 88 4478 ⁰
156 4455 322 4520 (iamaliele
345 4463 532 4522 observatum
556 4465 672 4542 (relatio
695 4467 780 4524 Pauli
806 4465 844 4523 ad
868 4465 903 4524 G.
928 4473 998 4522 nota
1021 4473 1092 4534 erat,
1116 4463 1228 4520 mentio
1253 4481 1322 4517 rere
1340 4461 1405 4521 Aet.

158 4551 206 4620 22,
224 4554 242 4607 3
261 4551 338 4608 faeta
355 4550 549 4609 adorationis
572 4573 690 4630 scopum
715 4560 848 4632 spectat),
874 4555 942 4609 item
967 4551 1176 4618 controversia,
1199 4568 1269 4606 num
1292 4546 1405 4606 Paulus

157 4635 308 4695 (hristum
332 4639 470 4695 interris
494 4637 651 4712 degentem
676 4641 782 4698 riderit
806 4653 856 4697 ant
880 4639 995 4696 noverit
1026 4637 1178 4716 (negative
1212 4633 1408 4712 respondetur

155 4723 348 4801 expluribus
379 4725 548 4797 rationibus,
578 4727 685 4804 quihus
716 4749 774 4785 non
804 4735 872 4785 sunt
902 4724 1028 4784 adversa
1052 4726 1069 4780 a
1096 4722 1161 4781 Cor.
1188 4723 1214 4790 e,
1244 4723 1291 4784 lli.
1317 4732 1347 4778 ut
1371 4719 1406 4776 e.
