3450 5342
641 399 836 456 -213-

110 589 234 664 generis
257 587 388 646 hnmani.
411 589 533 666 eiusque
556 589 689 648 unitatis.
711 589 828 666 Religio
851 589 1016 647 christiana
1037 592 1135 668 prima
1157 590 1230 648 haec
1253 590 1362 651 docuit.

111 671 164 731 Ad
183 673 440 753 historiosophiam
457 676 576 753 insuper
592 695 663 753 opus
678 685 723 734 ast
739 675 867 754 quadam
879 677 1094 756 scenographia
1106 678 1117 747 (
1124 674 1361 757 „perspectivffl

111 760 266 830 historici,
299 763 437 820 nimirum
460 771 492 820 ut
516 782 599 820 meus
632 769 724 821 totam
759 762 890 842 aliquam
925 765 1068 841 epocham
1102 785 1160 822 uno
1190 766 1300 824 intuitu
1322 786 1360 824 ex

111 847 243 926 quadam
267 847 410 908 distantia
444 847 665 928 apprehendere
688 851 796 908 valeat.
820 851 849 909 S.
873 852 1058 927 Augustinus
1081 853 1113 909 in
1137 852 1266 910 confinio
1288 851 1361 914 dua-

111 955 179 993 rum
203 935 379 1014 epocharum
403 937 541 994 nimirum
570 936 665 995 cultus
687 937 798 996 ethuici
828 939 888 996 iam
911 937 1040 997 labentis
1062 949 1093 996 at
1115 938 1279 1010 christiani,
1310 942 1360 1017 qui

111 1035 185 1080 tunc
209 1021 363 1092 otiabatur,
387 1025 504 1082 invenit
525 1022 714 1082 condiciones
731 1025 922 1091 necessarias,
946 1033 977 1083 ut
993 1027 1104 1105 primus
1126 1025 1360 1104 historioaophus

112 1129 181 1167 esse
209 1119 315 1188 posset.
340 1145 381 1153 —
404 1109 556 1169 Laudatur
578 1109 734 1170 methodus
756 1111 898 1170 historica
925 1122 955 1170 et
982 1114 1230 1191 apostarioristica
1253 1134 1276 1172 a.
1299 1114 1360 1172 Au-

111 1198 236 1272 gustini,
273 1207 302 1254 et
340 1199 498 1276 opponitur
538 1197 622 1256 falsis
658 1200 849 1276 aprioriaticis
889 1198 1037 1259 methodis
1076 1199 1207 1276 flagelli,
1241 1199 1361 1271 contii,

111 1283 234 1340 Marxii.
259 1283 426 1342 Instituitur
448 1284 581 1363 analysis
604 1287 700 1362 operis
722 1284 766 1343 de
798 1285 981 1345 Ciuitate
1014 1286 1094 1344 Dei.
1117 1287 1230 1345 Auctor
1260 1286 1358 1345 obser·

112 1383 167 1427 vat
191 1391 212 1426 s.
236 1371 433 1448 Augustinum
465 1392 523 1430 non
547 1391 664 1450 sperare
694 1371 764 1443 fore,
794 1381 826 1430 ut
849 1393 973 1450 regnum
1004 1373 1062 1432 Dei
1085 1371 1172 1450 plena
1195 1373 1233 1431 ad
1257 1394 1358 1432 verum

112 1459 146 1514 in
170 1456 226 1515 hac
250 1469 327 1516 terra
356 1457 539 1536 perducatur.
571 1459 704 1536 Septima
733 1459 845 1537 apocha
874 1462 957 1537 pacis
984 1480 1044 1518 nou
1071 1461 1184 1536 incipit,
1212 1461 1270 1518 nisi
1294 1465 1358 1538 post

113 1543 258 1602 iudicium
280 1546 467 1619 universale3
499 1544 691 1604 nihilominus
722 1566 810 1625 opera
836 1545 937 1604 danda
959 1556 1011 1616 est,
1034 1556 1065 1604 ut
1088 1546 1213 1604 historia
1243 1549 1360 1624 generis

112 1631 237 1690 humani
261 1651 349 1709 quam
371 1634 505 1711 proxime
521 1630 559 1690 ad
575 1633 735 1710 imaginem
752 1636 835 1712 regni
852 1635 909 1692 Dei
926 1635 958 1691 in
974 1633 1029 1692 hoc
1045 1632 1155 1692 mundo
1171 1633 1301 1693 accedat.
1318 1669 1360 1676 —

111 1717 281 1776 Praelectio
304 1718 408 1777 ultima
431 1717 553 1778 exhibet
576 1721 781 1798 repetitionem
805 1719 954 1798 quandam
970 1730 1001 1778 et
1014 1719 1133 1779 ultimas
1155 1721 1357 1780 conclusiones

113 1825 152 1863 ex
177 1803 362 1884 supradictis.
392 1807 500 1882 Agitur
531 1808 601 1864 itam
625 1805 662 1866 de
694 1809 733 1877 vi,
757 1827 844 1885 qnam
877 1807 1066 1885 philosophia
1096 1829 1118 1868 s.
1142 1809 1301 1884 Augustini
1327 1811 1359 1866 in

113 1895 290 1970 posteriores
312 1896 519 1969 generationes
542 1892 686 1952 habuerit.

222 1979 315 2038 'l'otus
346 1979 420 2038 liber
449 1980 670 2056 elegantissimo
700 2001 835 2039 sermone
865 1983 990 2060 scriptus
1021 1980 1124 2057 probat
1155 1981 1194 2052 id,
1226 1980 1304 2059 quod
1328 1984 1359 2040 in

111 2065 235 2144 prologo
258 2067 292 2126 cl.
315 2076 416 2125 auctor
438 2067 608 2126 observavit
632 2067 671 2145 (p.
688 2069 732 2143 ‘lh
755 2067 955 2144 Niejednemu
978 2069 1021 2140 sia
1037 2067 1130 2145 adaja,
1149 2070 1183 2126 z'e
1199 2071 1359 2148 Augustyn

114 2161 146 2211 to
172 2153 255 2228 jakis
286 2153 423 2233 naatygly
454 2175 480 2210 w
503 2157 671 2212 martwocie
698 2155 804 2232 teolog,
835 2155 958 2232 ktdrego
989 2155 1119 2234 poglady
1148 2154 1290 2235 przeiyly
1317 2158 1361 2229 sie

113 2239 295 2312 calkewicie,
319 2241 369 2298 tuh
394 2242 427 2299 ie
451 2261 506 2299 one
528 2240 578 2300 dla
601 2261 653 2300 nas
670 2241 747 2300 ludzi
777 2242 995 2321 nowoiytnych
1017 2241 1123 2320 iudnej
1138 2244 1191 2318 juz'
1208 2244 1256 2301 nie
1273 2263 1360 2320 moga

117 2326 256 2405 posiedai·
281 2329 422 2389 wartoiai.
447 2329 522 2386 (itti
538 2338 601 2407 tym
625 2327 805 2408 wsaysthim
829 2329 935 2407 ktdray
957 2328 1009 2386 tah
1025 2328 1132 2408 mysia,
1160 2349 1276 2388 raucam
1299 2351 1360 2408 wy-

112 2417 226 2472 zwanie
251 2417 258 2470 i
283 2415 457 2492 powiadam,
480 2417 514 2472 'ia
537 2418 696 2495 Auguatyn
719 2425 749 2475 to
765 2414 953 2494 nafschylhn
976 2416 1192 2496 ataroiytnorici
1214 2419 1361 2495 pierwsay

112 2500 254 2558 cnloiviek
277 2505 463 2582 nou-‘rizytny.
486 2502 531 2560 Το
554 2501 660 2582 umyel‚
684 2502 771 2582 ktdry
795 2523 821 2558 w
837 2503 946 2569 ehwih,
969 2501 1063 2582 kiedy
1085 2503 1170 2561 riwiat
1193 2502 1358 2582 klasyezny

114 2589 163 2662 jut
185 2588 276 2665 ginul,
299 2587 412 2649 strzelil
435 2609 461 2644 w
484 2591 553 2666 gdre
572 2589 629 2664 jak
660 2602 758 2668 szczyt
789 2589 932 2668 olbmymi
958 2591 967 2644 i
991 2603 1096 2668 patray
1119 2611 1155 2666 po
1179 2611 1263 2668 przez
1296 2589 1359 2647 cale

115 2675 203 2732 wieki
227 2675 343 2734 sirednie
367 2676 405 2735 aa
428 2697 453 2731 w
478 2695 566 2734 nasae
589 2679 704 2755 cuasy.“
1286 2678 1314 2755 sl

225 2843 272 2912 Sl.
298 2844 448 2933 Zalpsltt'
470 2849 506 2910 Τ.
528 2850 559 2910 J.
583 2846 701 2915 10211101
726 2865 756 2915 W
773 2845 901 2915 Poisca.
924 2851 999 2907 'l'om
1017 2851 1052 2906 i'.
1075 2850 1192 2909 Jezuioi
1209 2871 1235 2905 w
1256 2849 1360 2908 l'olsce

116 2936 340 3016 potoabiorowej
357 2939 578 2995 1773-1905.
595 2933 755 3017 (inanitae
779 2933 811 3000 ln
825 2932 961 3002 Paionia
977 2933 1173 3018 discerpta.)
1197 2939 1360 2994 Graeculae

119 3027 208 3082 111116.
231 3025 305 3082 Pars
329 3025 351 3082 l.
376 3027 436 3082 517
456 3023 495 3100 1-
513 3023 610 3096 xx1;
635 3045 701 3102 pars
726 3024 764 3081 ΙΙ.
790 3026 882 3082 1300.

226 3112 290 3170 Hoc
313 3122 391 3170 tomo
415 3111 515 3169 linitur
537 3113 643 3188 ingens
667 3131 746 3189 opus.
770 3109 848 3189 quod
872 3121 941 3168 ante
964 3109 1065 3167 decem
1097 3130 1190 3168 annos
1215 3109 1358 3186 publicari

117 3209 250 3276 coeptum
281 3210 333 3256 est.
368 3199 443 3256 Eius
466 3209 644 3256 momentum
677 3197 715 3256 ad
746 3199 898 3256 historiam
930 3197 1073 3255 ecclesiae
1104 3199 1134 3254 in
1165 3197 1290 3254 l'olonia
1316 3207 1360 3254 est

116 3305 268 3354 summum,
285 3295 417 3364 spectata
429 3285 612 3362 amplissima
629 3288 667 3354 vi,
691 3306 777 3362 quam
792 3287 924 3344 Societas
937 3285 1004 3342 lesu
1027 3286 1058 3341 in
1075 3286 1167 3341 vitam
1191 3283 1359 3360 religiosam

116 3374 232 3450 pristini
257 3375 339 3449 regni
360 3372 502 3430 Poloniaa
526 3372 690 3432 exercebat.
713 3373 824 3431 'l'omus
848 3374 976 3450 quintus,
1000 3371 1198 3448 complectens
1222 3370 1360 3428 volumen

117 3460 155 3520 X.
179 3469 208 3517 et
231 3460 286 3518 xi.
310 3463 398 3519 totius
421 3461 525 3536 operis,
550 3472 649 3518 narrat
673 3467 779 3518 sortem
805 3460 962 3517 Societatis
987 3468 1052 3536 post
1071 3459 1167 3516 Breve
1190 3456 1360 3515 abolitionis

118 3547 345 3617 Clementinum,
368 3547 519 3605 historiam
537 3556 671 3604 servatae
694 3549 724 3604 in
740 3545 820 3604 Alba
842 3547 1118 3623 liussiab'ocietatis
1140 3554 1170 3602 et
1192 3565 1239 3602 res
1261 3553 1360 3622 gestas

117 3636 148 3691 in
171 3632 288 3692 (ialicia
310 3655 401 3712 usque
425 3633 462 3691 ad
486 3645 586 3692 nostra
609 3645 748 3710 tempora.
771 3633 824 3696 Ea„
841 3653 917 3710 quae
932 3632 970 3691 dc
985 3631 1065 3691 Alba
1086 3633 1193 3690 linesia
1215 3629 1360 3701 dicuntur,

118 3740 294 3800 magnopere
317 3721 466 3780 illustrant
487 3720 673 3791 documenta,
696 3740 771 3798 quae
791 3719 878 3778 edere
895 3723 992 3797 coepit
1010 3739 1088 3777 anno
1107 3721 1188 3776 19116
1202 3721 1360 3776 canonicus

119 3805 277 3866 (iodawski
301 3811 435 3886 inopere
463 3809 674 3880 „Monumeuta
696 3809 910 3866 Ecclesiastica
933 3806 1172 3884 l'ctrupolitana“
1200 3805 1359 3883 Petropoli.

118 3894 281 3954 Elenchnm
304 3915 399 3953 rerum
424 3905 627 3952 center-turum
651 3894 698 3952 his
722 3897 852 3972 quinque
875 3896 963 3952 tomis
986 3892 1152 3951 elaboravit
1172 3895 1235 3972 ipsa
1260 3905 1360 3951 auctor

120 3983 148 4038 in
171 3981 270 4040 libello
294 3983 400 4040 listina
424 3985 597 4059 conscripto,
621 3983 671 4058 qni
697 3985 736 4038 :it
761 3984 885 4060 paginas
908 3980 1121 4059 complectitur.
1153 3979 1285 4038 Libellus
1308 3979 1357 4038 hic

118 4077 214 4126 tamen
238 4090 295 4126 000
319 4089 426 4126 vanum
451 4071 482 4126 it.

224 4235 400 4322 iizisiajazo
416 4237 555 4307 setania
579 4237 797 4322 taroucyzmu
819 4256 850 4306 w
866 4236 994 4305 Poiaca.
1018 4241 1151 4299 Ankieta
1178 4239 1361 4316 „enegisdu

120 4327 373 4404 powszeehnego.“
394 4324 546 4408 (Publica
563 4322 1362 4409 10001011101000000)10110,0000001101101000

121 4410 149 4478 in
173 4409 308 4479 Paionia
330 4413 535 4496 praestanda
558 4411 639 4490 sint)
663 4415 794 4474 Kiakis
821 4417 911 4472 laea.
935 4415 1004 4489 maj.
1028 4411 1065 4469 s⁰
1087 4413 1177 4493 (xvi
1191 4413 1232 4490 ΔΓ
1247 4409 1305 4469 ao*
1321 4413 1361 4488 4-

123 4481 365 4666 513P3812p1um
397 4588 451 4646 hoc
483 4608 554 4666 opius
585 4587 789 4664 complectitur
820 4590 859 4644 at
891 4606 1040 4664 responsa,
1071 4607 1146 4663 (punc
1177 4606 1236 4643 000
1267 4585 1361 4642 solnm

124 4673 157 4731 ab
180 4677 326 4753 episcopis
349 4685 378 4734 et
397 4675 482 4740 clero,
506 4673 557 4732 scd
581 4677 669 4731 0ῑί000
695 4695 712 4730 0
735 4675 818 4731 laicis
842 4695 857 4730 e
882 4681 958 4731 statu
983 4672 1125 4730 nobilium
1149 4693 1241 4750 aeque
1265 4692 1299 4728 ac
1322 4674 1363 4729 ci-
