3450 5342
846 397 1020 451 *8⁸-

309 575 507 631 adiutoribus
526 574 723 631 commisisse
742 575 810 631 sive
829 575 1114 646 peregrinantibus,
1127 575 1267 631 diaconis
1286 574 1359 638 (Fit.
1378 578 1401 638 l,
1420 578 1467 642 5.),
1489 573 1560 628 sire

308 646 414 701 sedem
435 644 578 699 stabilem
599 651 630 701 et
648 644 838 701 domicilium
860 645 1049 701 habentibus
1069 646 1099 701 in
1118 645 1298 701 civitatibus
1327 644 1445 711 (Gelos.
1464 647 1488 709 l,
1510 644 1562 723 7.),

308 713 401 771 etiam
430 713 578 784 collegiis,
608 730 743 784 quorum
777 723 844 770 erat
872 714 1045 771 doctrinam
1075 730 1273 781 conservare,
1297 720 1494 769 sacramenta
1515 714 1559 767 dr·

307 798 466 854 sponsare,
500 784 643 839 moribus
675 783 875 840 subditorum
908 784 1073 855 invigilare
1106 784 1231 855 (Philip.
1262 787 1284 853 l,
1313 786 1357 851 l.).
1386 782 1493 839 Praeci
1522 794 1557 837 us

304 859 592 909 commemorantur
611 852 682 907 talia
700 854 829 923 collegia
848 855 909 910 sub
928 854 1017 911 titulo
1040 854 1230 911 ›seniorum‹
1252 855 1282 909 in
1302 854 1432 924 epistola
1453 868 1478 907 a.
1522 853 1557 905 le·

307 922 421 978 mentis
439 922 479 977 ad
494 921 683 978 Corinthios.
703 924 835 979 Frustra
848 931 1000 993 provocat
1015 924 1161 981 Har-nack
1175 924 1214 979 ad
1231 924 1392 979 Pastorem
1411 922 1557 983 liernue,

306 1006 401 1061 quem
430 991 504 1047 dicit
533 1006 604 1047 esse
628 992 790 1060 epistolam
819 992 1000 1062 polemicam
1031 1010 1088 1064 pro
1116 994 1298 1049 auctoritate
1329 992 1556 1115 prophetarum⁸

308 1065 416 1117 contra
441 1061 656 1131 presbyteros.
688 1061 765 1117 Nam
794 1063 965 1133 prophetae
993 1062 1051 1118 etsi
1083 1063 1122 1118 ad
1148 1068 1244 1119 totam
1276 1062 1435 1117 eccesiam
1468 1058 1557 1113 missi

240 1181 244 1190 .
308 1129 524 1255 atlrlcwrgmtem
550 1132 775 1201 magistrorum
805 1147 868 1187 uon
898 1132 1068 1196 habehant;
1098 1147 1169 1187 nam
1200 1131 1289 1186 etiam
1322 1129 1470 1185 mulieres
1486 1143 1558 1198 pro·

353 1205 402 1255 eta
426 1205 488 1256 ant.

309 1215 330 1269 p
414 1268 451 1335 C)
472 1268 710 1339 Episcoporum,
740 1271 1013 1341 prosbyterorum,
1041 1269 1242 1325 diaconorum
1263 1270 1426 1335 (sae-830)
1448 1266 1558 1337 triplex

308 1343 449 1419 potestas
477 1337 684 1393 ecclesiastica
708 1339 790 1393 clare
815 1339 847 1395 iu
874 1338 903 1393 S.
931 1339 1092 1409 Scriptura
1119 1339 1202 1409 apud
1224 1354 1248 1393 s.
1269 1338 1381 1394 Lucam
1403 1340 1444 1403 21,
1464 1338 1507 1391 25.
1527 1340 1559 1389 et

308 1424 340 1463 ιιι
361 1422 384 1462 s.
404 1408 491 1462 Pauli
512 1406 631 1462 ratione
650 1408 764 1477 agendi
784 1408 878 1463 modo
897 1408 1122 1478 praecipientis,
1152 1409 1246 1463 modo
1277 1408 1439 1471 monentis,
1461 1406 1557 1460 modo

309 1477 471 1532 sentientis
490 1492 560 1531 cum
581 1476 718 1532 subditis
737 1492 888 1547 expresse
907 1484 962 1533 est.
988 1478 1025 1532 In
1045 1477 1183 1549 collegiis
1203 1478 1361 1533 seniorum
1383 1491 1444 1532 non
1465 1482 1558 1530 crant

307 1561 418 1602 omnes
438 1560 539 1615 pares.
559 1546 734 1601 Defueruut
753 1546 811 1601 soli
833 1546 972 1603 »termini
993 1546 1147 1603 teclmici‹.
1181 1546 1268 1612 Quos
1287 1562 1371 1602 nuuc
1389 1545 1557 1615 episcopos

307 1630 347 1683 ap
388 1613 510 1681 llamns,
537 1630 647 1671 eorum
668 1623 874 1672 muuusante
893 1617 1001 1671 antii.
1020 1616 1162 1683 apostoli,
1191 1618 1388 1687 poetandi.
1408 1612 1558 1683 discipuli

307 1699 343 1740 co
367 1683 446 1753 egiis
474 1684 657 1740 circumdati
676 1686 837 1755 gerebant.
874 1685 1030 1741 Constans
1050 1686 1273 1742 vocabulorum
1304 1684 1409 1741 varios
1434 1683 1557 1753 gradus

306 1753 545 1823 exprimentium
573 1770 651 1809 usus
676 1754 813 1809 occurrit
833 1755 924 1809 nobis
951 1752 1087 1824 primum
1114 1755 1209 1825 idque
1234 1754 1376 1811 vocabuli
1404 1758 1555 1818 »ὁωὶκονοςι

305 1822 338 1877 ἰιι
359 1823 383 1877 Ι,
402 1823 479 1877 Τίιιι.
498 1826 522 1891 3,
541 1824 567 1891 8;
598 1826 637 1890 10,
659 1825 698 1887 12,
726 1823 839 1881 deiude
858 1840 969 1879 vocum
994 1824 1212 1894 episcoporum
1245 1830 1275 1879 et
1294 1824 1557 1894 presbyterorum

305 1892 337 1948 iu
357 1892 498 1963 epistolis
518 1910 541 1948 s.
561 1892 685 1963 Ignatii.

412 1962 470 2017 Dr.
491 1963 524 2017 R.
545 1950 709 2031 Spadek:
740 1963 858 2018 Rozunr
883 1978 901 2018 a
924 1963 1016 2019 uceni
1035 1979 1053 2015 0
1073 1963 1173 2033 nejsv.
1193 1962 1314 2033 'Frojici
1344 1962 1403 2027 (De
1423 1959 1556 2016 rationis

305 2032 345 2086 ad
365 2031 539 2086 doctrinam
560 2032 598 2087 de
618 2047 659 2086 ss.
680 2032 831 2087 Trinitate
851 2033 1018 2091 relationel

412 2100 503 2155 Nulla
528 2108 576 2155 est
601 2102 680 2155 ratio
705 2102 851 2157 reiciendi
872 2102 1056 2173 mysterium
1084 2116 1126 2156 sa.
1147 2100 1306 2159 Trinitatis
1331 2100 1372 2155 ob
1392 2100 1423 2155 id
1444 2099 1557 2163 solum,

204 2166 208 2172 ’
305 2169 388 2249 quod
417 2168 506 2224 unice
531 2169 686 2225 obiectum
718 2170 792 2226 fidei
823 2177 887 2235 est;
920 2172 946 2226 si
978 2171 1060 2226 enim
1086 2171 1134 2225 vel
1162 2170 1243 2226 tides
1263 2170 1399 2225 humana
1425 2186 1488 2223 non
1507 2173 1557 2223 est

307 2237 541 2305 irrationabilis,
561 2239 659 2294 multo
679 2240 781 2295 nrinus
795 2240 876 2295 lides
895 2240 1000 2295 divina
1015 2241 1081 2297 sive
1101 2240 1291 2310 imperfecta,
1310 2240 1434 2295 erebus
1448 2238 1558 2293 creatis

308 2313 419 2431 ffi‘lrputm
440 2307 559 2431 ffilsssm’
588 2308 654 2363 sive
673 2309 840 2379 perfectior
864 2310 895 2364 in
914 2310 947 2363 Α.
968 2310 1009 2369 Τ..
1035 2311 1101 2365 sive
1120 2309 1358 2379 perfectissima,
1383 2324 1479 2379 quam
1500 2322 1559 2377 per

504 2392 603 2432 entus.

349 2512 355 2525 Ι
412 2445 521 2500 Fidem
549 2446 588 2501 de
616 2462 657 2502 ss.
684 2446 835 2503 Trinitate
859 2449 998 2503 divinam
1025 2464 1095 2503 esse
1120 2448 1339 2504 demonstrant
1371 2448 1469 2502 verba
1497 2446 1556 2501 Ga-

307 2513 415 2569 hrrelis
433 2515 473 2569 ad
494 2515 633 2583 Mariam,
652 2516 830 2586 baptismus
848 2519 880 2572 in
900 2517 1039 2584 Iordane,
1062 2518 1277 2587 apostolorum
1298 2522 1438 2587 potestas
1458 2516 1557 2584 bapti·

307 2582 406 2646 zaudi,
425 2584 595 2653 promissio
615 2585 666 2655 Sp.
686 2602 719 2653 s,
738 2586 910 2656 aequalitas
931 2586 1000 2641 Filii
1019 2602 1089 2641 cum
1106 2587 1198 2642 Patre
1212 2592 1345 2642 testante
1360 2585 1446 2651 Filio,
1460 2598 1555 2655 quam

306 2651 480 2708 doctrinam
507 2654 629 2721 Petrus,
656 2655 780 2719 Paulus,
805 2656 943 2726 quodam
970 2655 1064 2711 modo
1083 2662 1113 2711 et
1132 2656 1267 2712 Ioannes
1293 2657 1335 2725 (in
1359 2656 1556 2720 wemmam«)

308 2722 484 2777 docuerunt
502 2729 533 2777 et
552 2729 658 2793 patres
677 2723 843 2793 incipiente
862 2740 887 2781 s.
908 2726 1082 2795 Polycarpo
1101 2726 1267 2781 tradebant

411 2789 609 2847 Credendum
626 2799 682 2859 est,
702 2809 772 2848 cum
791 2810 809 2849 a
829 2795 967 2849 limitetis
987 2793 1138 2850 illimltata
1158 2794 1229 2849 sciri
1250 2810 1311 2851 non
1331 2793 1463 2863 possint,
1484 2807 1555 2846 cum

308 2860 395 2941 solus
416 2859 513 2916 Filius
530 2863 656 2943 nouerit
670 2864 794 2918 Patrem
814 2869 845 2919 et
864 2864 951 2919 solus
966 2865 1058 2919 Pater
1072 2863 1194 2930 Filium,
1209 2879 1278 2919 curn
1294 2864 1351 2919 hoc
1369 2862 1555 2932 mysterium

309 2935 393 2984 mter
410 2945 449 2986 au
475 2936 645 2997 ustrssrma
665 2941 848 3001 quaesunt,
868 2940 1052 2989 numeretur
1072 2934 1229 3002 mysteria.

401 2946 472 3080 'Sefi
492 3006 596 3081 tamen
615 3001 779 3082 inprimis
798 3001 978 3057 scholastici
994 3000 1111 3057 ratione
1125 3002 1183 3057 hoc
1197 3002 1382 3072 mysterium
1397 2999 1557 3079 illustrare

306 3073 407 3147 conati
428 3078 509 3124 sunt.
536 3069 633 3125 Frlrus
652 3070 808 3126 intellectu
827 3072 975 3142 gignitur,
996 3070 1133 3140 Spiritus
1153 3071 1258 3137 halitu,
1285 3075 1354 3125 actu
1375 3070 1557 3135 voluntatis,

307 3137 457 3192 charnate
475 3153 513 3193 ex
534 3139 626 3193 Patre
645 3146 676 3195 et
696 3138 774 3195 Filio
792 3140 934 3209 procedit
953 3140 1124 3195 secundum
1146 3141 1243 3196 verba
1262 3156 1287 3196 s.
1307 3139 1491 3209 scripturae.

413 3207 479 3262 Hac
508 3208 571 3263 lide
596 3209 675 3263 ratio
700 3208 855 3265 illustrata
884 3208 1034 3279 progredi
1085 3214 1173 3275 otest,
1199 3209 1353 3279 imagines
1372 3214 1404 3264 et
1423 3206 1558 3277 vestigia

306 3275 475 3331 adducens,
489 3308 521 3316 —
536 3277 765 3333 Illustrandum
784 3284 833 3333 est
852 3294 948 3348 porro
967 3294 1005 3333 ex
1021 3226 1217 3334 coh'aerentia
1236 3279 1462 3349 mysteriorum
1476 3278 1558 3331 inter

307 3360 341 3400 se
361 3360 498 3401 necnon
527 3362 597 3401 eum
617 3346 680 3402 line
700 3347 836 3402 hominis
866 3349 976 3403 ultimo
996 3380 1028 3388 -
1049 3347 1231 3417 Completur
1250 3348 1386 3418 cognitio
1406 3348 1482 3402 haec
1501 3360 1558 3415 per

308 3415 650 3540 ffittigrrnognltlellegtum
670 3416 913 3542 igilumtiznsmlnent..t
928 3418 1018 3541 hiatio
1038 3418 1178 3541 elfevtatur
1196 3418 1319 3541 interrae
1335 3416 1390 3472 Dei
1410 3416 1469 3541 effi
1488 3430 1558 3539 ρὲζ·

307 3552 396 3608 aaa.
416 3501 637 3633 scidisti
652 3500 1355 3635 habitunt.annuuntiabant
1369 3500 1558 3635 tntu..

309 3620 425 3701 bullus,
455 3623 607 3704 Guuther,
635 3640 718 3681 nova
736 3624 890 3694 quaedam
921 3623 1022 3680 Schell
1044 3624 1156 3679 tntuht.
1194 3624 1261 3679 Etsi
1283 3631 1470 3694 mysterium
1499 3624 1557 3677 hoc

308 3695 349 3743 stt
368 3704 465 3760 supra
484 3699 647 3760 rationem,
666 3710 728 3749 non
748 3699 796 3749 est
809 3700 918 3750 contra
937 3694 1097 3759 rationem,
1116 3694 1201 3763 quod
1222 3693 1365 3749 moderni
1379 3694 1559 3761 Schoppen·

308 3756 412 3824 hauer,
433 3760 469 3817 D.
489 3761 521 3814 F.
541 3762 679 3824 Strauss
700 3763 853 3831 llarnack,
874 3764 976 3834 Hegel
993 3762 1108 3817 dicunt.

767 3906 1089 3998 BULGARICA.

413 4054 576 4117 Garbaton
595 4056 721 4116 tertul
739 4072 785 4111 nr.
804 4058 909 4111 50-52
927 4072 954 4110 a.
973 4057 1050 4121 1905;
1072 4070 1118 4110 nr.
1139 4056 1213 4121 1-6,
1234 4070 1252 4108 a
1281 4055 1358 4109 1906.

412 4126 451 4182 In
470 4124 533 4179 line
552 4140 577 4181 a.
598 4128 665 4182 1905
683 4132 714 4181 et
732 4124 818 4180 initio
837 4140 863 4179 a.
884 4128 959 4181 1906.
979 4124 1117 4179 inventio
1131 4122 1289 4193 sepulchri
1309 4129 1339 4178 et
1353 4123 1554 4194 reliquiarum

308 4193 408 4249 ultimi
430 4194 593 4265 Balgariae
613 4194 807 4265 patriarchae
834 4192 995 4263 Euthymii
1015 4193 1078 4261 (qui
1097 4208 1114 4247 a
1136 4192 1280 4262 Bulgaris
1300 4198 1334 4247 ut
1360 4199 1488 4247 sanctus
1509 4208 1557 4247 co·

308 4263 383 4318 litur
401 4296 433 4306 -
453 4265 490 4320 cl.
511 4263 551 4319 Sl.
570 4266 587 4320 l.
608 4265 651 4320 th.
670 4264 702 4331 I.,
723 4265 784 4330 170)
803 4264 944 4319 omniurn
965 4262 1087 4317 animos
1107 4262 1278 4331 occupavit.
1305 4260 1343 4316 ln
1363 4261 1556 4317 monasterio

309 4334 351 4387 hu
386 4335 470 4389 arico
491 4334 616 4389 Badko
627 4348 670 4388 vo
690 4333 884 4400 hegumeuos
899 4332 919 4397 (i
947 4336 1051 4391 ament
1067 4332 1099 4385 P.
1120 4331 1243 4385 Peisius
1257 4332 1461 4400 sepulchrum
1477 4339 1557 4401 patr.

310 4402 372 4456 Eut
394 4404 472 4473 ymii
485 4403 612 4471 invenit,
632 4401 663 4457 id
677 4401 760 4471 quod
780 4401 885 4455 statim
901 4348 943 4456 aff
964 4416 1003 4454 »s
1023 4398 1201 4467 Synodum«
1218 4398 1415 4469 bulgaricum
1432 4400 1561 4457 rettulit

413 4474 467 4528 Νι.
492 4474 534 4528 50.
571 4505 602 4511 -
624 4472 780 4553 Relatio
805 4471 852 4525 de
873 4468 1158 4548 sepulchrum}
1183 4468 1369 4551 reliquiis
1395 4484 1419 4525 s.
1440 4470 1561 4594 fiatri·

301 4542 448 4598 archae
475 4542 690 4611 Euthymir,
716 4556 767 4610 pg.
793 4540 931 4594 ssa-594
978 4537 1126 4660 SRecmhs
1148 4551 1358 4593 »commissio«
1379 4542 1441 4605 (arc
1465 4540 1561 4595 iman-

302 4609 392 4665 drlla
420 4612 447 4666 N
455 4612 562 4677 eolit,
591 4610 682 4665 theol.
712 4607 863 4678 magister
889 4620 998 4663 monac
1023 4621 1060 4660 us
1089 4604 1268 4675 Grigori'
1299 4612 1329 4661 et
1355 4608 1436 4677 prof.
1462 4608 1496 4663 V.
1525 4609 1559 4663 N.

309 4680 466 4737 Ziatars
475 4682 522 4749 ki)
542 4695 560 4735 a
573 4696 610 4735 ns.
624 4679 761 4748 synodo«
776 4676 882 4741 missa,
895 4690 1000 4731 mense.
1011 4672 1169 4730 decembri
1180 4689 1205 4728 a.
1218 4676 1230 4728 1
1266 4678 1285 4757 Υ5
1297 4676 1328 4731 in
1338 4678 1557 4733 monasterium
