3450 5342
689 447 862 504 ..37-

257 631 280 682 i.
300 629 423 684 Accedit
449 630 618 685 auctoritas
645 635 769 700 patrum
795 631 898 686 mcum
924 632 1008 688 bunc
1032 631 1315 702 interpretantium.
1350 633 1400 688 lta

144 698 360 770 Augustinus,
391 698 483 754 Horu.
507 701 549 756 23.
568 715 604 758 ex
624 701 671 756 50:
701 699 747 758 »Si
765 700 814 756 cui
833 700 1017 756 dimiseritis
1035 707 1160 771 peccata
1194 701 1399 761 dimittuntur

148 768 192 822 ei:
215 769 272 823 hoc
292 774 340 823 est
359 767 495 837 Spiritus
515 769 650 836 dimittit,
671 784 733 826 uon
756 785 821 825 vos.
842 769 958 825 Auctor
977 774 1128 826 tractatus
1147 742 1186 826 de
1204 771 1397 826 aleatoribus

147 853 176 892 u
191 839 213 892 1.
228 837 386 907 explicans
397 837 447 892 illa
459 839 556 893 rerba
570 839 626 893 ait:
642 854 695 894 =ne
708 837 783 894 dum
795 839 1049 909 delinquentibus
1062 839 1190 894 assidue
1202 839 1398 910 ignoscimus

146 905 223 1031 ipsitit
238 922 323 1030 ciam
349 909 395 1031 etis
408 908 779 1032 thimezbt'oiqufflm
802 909 885 978 Ergo
904 925 967 964 aon
986 908 1204 965 intellexerunt
1224 925 1331 966 veram
1352 926 1398 964 re·

243 1025 244 1028 ,
287 994 296 1029 ι
338 993 356 1030 o
391 991 406 1030 s
599 993 633 1031 ra
809 1022 811 1028 .

147 991 194 1031 ml
224 992 279 1101 enti.
327 993 442 1102 hriiitus
453 992 530 1100 eiiiis¹
543 993 644 1102 thebis
658 993 804 1102 ¹tranilitiii³
813 1047 977 1118 discipulis
1000 1051 1186 1118 potestatem
1207 1047 1301 1103 anilis
1320 1047 1398 1104 limi·

140 1115 234 1170 tibus
263 1114 548 1184 circumscriptam
578 1131 633 1170 nec
658 1116 740 1172 enim
761 1115 976 1172 limitationem
996 1116 1109 1172 adiecit
1126 1122 1157 1172 et
1176 1132 1266 1174 suam
1286 1116 1397 1188 ipsius,

146 1199 224 1239 sans
245 1183 438 1250 illimitatam‚
459 1189 643 1254 potestatem
664 1186 709 1242 eis
728 1186 866 1241 contulit.

264 1313 417 1370 Asseitum
442 1323 570 1370 nostrum
602 1312 741 1390 probatur
775 1309 830 1372 1⁰5
858 1318 977 1385 Sensus,
1007 1333 1094 1391 «luem
1125 1333 1178 1370 nos
1209 1311 1308 1370 verbis
1338 1313 1399 1371 illis
1438 1304 1441 1310 ¹

147 1397 317 1466 subicimus,
349 1419 419 1457 sarire
449 1414 492 1456 ost
517 1398 621 1458 obvius
644 1409 673 1456 et
696 1411 867 1480 proruptus:
898 1401 935 1458 cf.
958 1401 1009 1458 Lc.
1034 1403 1061 1471 5,
1085 1401 1127 1456 20
1149 1420 1171 1457 s.
1202 1397 1302 1475 Quare
1332 1400 1399 1457 Ri-

147 1484 323 1544 chardus
348 1487 433 1552 liet,
457 1487 502 1544 lie
526 1499 584 1564 pot.
608 1486 658 1564 lig.
682 1498 711 1545 et
734 1487 806 1546 solv.
829 1507 853 1544 e.
872 1491 910 1545 12
925 1510 932 1545 z
950 1488 1067 1558 Exstat,
1084 1487 1188 1564 iuquit,
1204 1486 1396 1564 quorumdam

147 1573 298 1630 sententia
322 1587 381 1630 tarn
417 1573 531 1641 frivolo,
567 1586 596 1630 ut
628 1572 752 1632 ridenda
786 1574 922 1632 videatur
956 1575 1061 1652 potius,
1096 1593 1183 1651 iliram
1215 1573 1397 1634 refellenda:

148 1667 253 1736 putant
277 1661 356 1717 onim
388 1671 414 1716 ot
445 1660 618 1737 praedicant
649 1661 815 1720 sacerdotes
847 1681 906 1720 non
938 1660 1047 1719 babere
1076 1669 1252 1738 potestatam
1282 1659 1396 1738 ligendi

146 1753 235 1824 atque
260 1746 404 1809 solvendi,
437 1747 489 1804 scd
513 1746 687 1806 ostendendi
713 1747 847 1806 homines
871 1768 936 1805 esse
959 1748 1068 1806 solutos
1099 1749 1163 1806 sive
1185 1747 1313 1824 ligatos:
1345 1747 1397 1806 sed

147 1831 291 1910 numquid
318 1834 461 1892 lloruiuus
484 1833 563 1895 dicit.
593 1833 795 1913 quodcumque
823 1836 945 1911 ligatum
977 1833 1149 1903 ostenderis,
1181 1835 1237 1891 erit
1264 1834 1398 1910 ligatum,

148 1931 178 1976 et
202 1919 407 1997 quodcumque
438 1921 564 1979 solutum
594 1921 766 1992 ostenderis,
801 1923 856 1980 erit
891 1921 1040 1979 solutum?
1076 1921 1187 1978 Dicunt
1220 1921 1396 1998 apostolicos

147 2007 226 2064 viros
263 2019 382 2084 insecuta
414 2007 582 2066 uunittendi
615 2007 661 2065 vel
696 2009 842 2067 retinendi
876 2017 1051 2087 potestatem
1086 2027 1144 2066 aon
1179 2006 1296 2080 habere,
1330 2027 1396 2066 cum

148 2093 295 2151 Dominus
328 2095 380 2150 hoc
405 2115 463 2153 riou
487 2094 592 2153 dicat.“
630 2129 668 2136 --
702 2095 789 2154 Aliae
823 2097 1060 2154 circumstantiae
1084 2093 1206 2152 aderant
1230 2094 1287 2165 hio,
1318 2095 1396 2154 aliae

146 2179 198 2237 Lc.
223 2184 250 2240 ῖ,
278 2183 326 2238 iu,
361 2179 409 2237 ubi
433 2181 541 2239 dimitti
578 2181 655 2239 idem
680 2181 767 2240 hierit
790 2203 824 2240 ac
857 2181 1007 2240 declarare
1030 2181 1194 2240 dimissum.
1219 2216 1257 2224 -κ
1280 2181 1395 2240 Tamen

147 2265 228 2324 illam
255 2280 430 2344 potestatem
449 2291 506 2326 riou
530 2290 613 2346 possi·
633 2288 697 2327 esse
721 2269 901 2328 illimitatam
917 2279 1007 2346 patet.
1029 2289 1094 2327 cnm
1118 2290 1155 2326 no
1172 2269 1253 2326 liena
1276 2269 1395 2346 quidem

147 2357 296 2411 remittere
321 2365 440 2431 pomata
464 2358 553 2432 possit
579 2357 699 2416 uiolenti.

256 2438 295 2498 2⁰
319 2443 363 2498 iix
388 2443 438 2506 eis,
463 2463 537 2520 ritino
561 2443 607 2501 his
630 2442 729 2501 verbis
751 2445 914 2520 praemissa
937 2452 1012 2512 sunl,
1041 2441 1119 2499 idem
1136 2442 1291 2518 colligitur.
1314 2443 1392 2500 Nam

148 2525 294 2585 Dominus
318 2548 375 2586 nou
399 2543 520 2586 verterat
544 2529 580 2586 ad
606 2550 684 2588 mere
707 2527 942 2587 arrnuutiandam
966 2528 1053 2605 (sicut
1077 2527 1197 2586 Nathan
1217 2527 1393 2590 dcclaravitl

147 2613 197 2671 sed
221 2614 257 2672 ad
286 2635 353 2672 vore
376 2615 564 2674 et'tirirudam
589 2618 790 2676 remissionem
813 2620 1009 2694 peccatorum.

255 2699 292 2756 :3⁰
315 2702 350 2758 Iu
374 2722 462 2760 seusu
484 2701 719 2762 adversariorum
742 2701 901 2760 dicendum
925 2714 1008 2760 orat:
1039 2707 1171 2777 Quorum
1201 2714 1322 2780 peccata
1349 2723 1394 2759 re-

147 2788 295 2854 miseritis,
318 2809 416 2846 eorum
441 2793 563 2848 reiriissu
586 2800 677 2862 erant,
708 2809 767 2847 uon
798 2791 921 2847 remissa
951 2801 1019 2846 sunt
1043 2789 1091 2846 rel
1122 2791 1317 2851 remittuntur.
1348 2789 1395 2847 of.

147 2872 324 2934 Bernartius.
349 2879 440 2934 derisi.
468 2881 492 2934 1.
518 2879 546 2935 iu
571 2885 629 2936 nat.
653 2897 719 2954 app.
735 2877 816 2934 Petri
839 2885 869 2933 et
884 2876 984 2934 Pauli:
1012 2877 1184 2943 „dirimentis
1202 2877 1281 2933 Petri
1297 2897 1396 2954 prar-

145 2959 223 3018 cedit
248 2965 426 3020 sententiam
450 2965 561 3022 crudi:
593 2968 663 3022 item
687 2965 728 3020 Io.
752 2963 914 3042 Gh1·ysost.‚
950 2963 1036 3020 llum.
1062 2967 1086 3018 ir.
1112 2961 1149 3019 dr
1176 2963 1274 3020 veritis
1297 2965 1395 3021 isaiae

146 3045 223 3116 ‚Vidi
250 3049 420 3108 Dominum‘
445 3073 471 3108 u.
499 3057 523 3108 l.
553 3087 586 3092 ·-
611 3049 699 3127 Quod
722 3053 752 3108 in
776 3069 883 3127 graeco
905 3060 988 3107 textu
1020 3049 1143 3107 habetur
1167 3052 1288 3107 reuiisaa
1318 3061 1395 3115 sant,

147 3145 277 3212 tompore
302 3137 430 3214 perfectu
454 3137 610 3196 ‹inllibetur
633 3147 725 3196 status
748 3136 914 3214 productus,
943 3139 984 3194 ita
1007 3147 1037 3194 ut
1060 3138 1137 3192 notio
1160 3158 1197 3192 ux
1230 3146 1312 3214 parte
1336 3137 1393 3194 liei

147 3221 293 3280 coincidet
317 3243 381 3280 cum
406 3227 520 3282 uotiouo
545 3225 713 3302 apostolica.
747 3259 784 3266 n*
817 3225 892 3281 Item
917 3225 947 3280 iu
970 3222 1128 3302 hypothesi
1158 3222 1392 3281 adversariorum

147 3307 248 3366 eadem
274 3309 364 3368 rotha
388 3314 418 3368 in
441 3311 544 3368 rudem
568 3313 717 3370 sententia
739 3310 857 3368 diverso
880 3329 997 3387 prorsus
1013 3329 1100 3366 sensu
1116 3319 1214 3366 esseut
1230 3307 1390 3371 soluenda:

148 3411 185 3450 so.
210 3399 380 3454 remiseritis
403 3431 446 3440 —
468 3397 690 3456 ‹loolaraveritis
715 3397 893 3456 condonata:
917 3399 1039 3454 remissa
1063 3430 1104 3437 -
1127 3395 1300 3454 condonata.

253 3506 291 3566 4⁰
316 3509 371 3568 liin
393 3511 552 3568 declaratio
575 3524 625 3570 aut.
647 3511 730 3568 tieret
753 3510 818 3568 Deo
842 3524 892 3568 aut
916 3510 1067 3568 ecclesiae.
1091 3507 1168 3566 illud
1187 3524 1232 3566 est
1251 3510 1393 3586 ineptum,

148 3591 201 3650 hoc
224 3609 267 3650 est
292 3597 404 3656 inutile.
429 3597 519 3656 atiud
543 3611 587 3656 est
610 3601 688 3656 euim
713 3597 867 3656 ostendere
883 3617 914 3655 sc
930 3596 1077 3655 sacerdoti
1092 3616 1109 3652 a
1125 3596 1206 3672 lopra
1226 3594 1392 3661 liberatum,

149 3678 227 3737 aliud
251 3693 370 3758 percute
395 3685 525 3742 rorrfitcri
550 3705 584 3742 uc
607 3684 714 3742 dolere.
739 3685 784 3742 Of.
808 3685 950 3742 listins
975 3685 1011 3741 lu
1034 3683 1053 3743 l.
1076 3685 1104 3749 t,
1128 3681 1195 3742 dist,
1212 3704 1239 3740 u.
1258 3685 1305 3740 18.
1322 3702 1348 3758 p.
1363 3685 1390 3738 3.

149 3765 209 3822 Nec
241 3773 402 3844 lioerritcuti
435 3772 501 3830 tuiis
536 3771 696 3829 declaratio
730 3792 795 3830 cum
830 3773 924 3829 fructu
960 3771 1050 3833 ficret„
1079 3769 1130 3827 sed
1161 3771 1226 3846 ipsa
1258 3769 1392 3826 tortrissio

149 3871 218 3910 saue
242 3875 305 3914 cum
331 3859 424 3914 fructu
448 3859 488 3916 iit.
516 3861 564 3930 „si
589 3861 676 3929 cuim,
701 3861 751 3936 (siri
774 3858 911 3927 obsolvit,
938 3859 1002 3935 ipso
1025 3870 1078 3927 (ist,
1102 3859 1150 3933 qui
1175 3857 1266 3913 officit
1291 3857 1393 3913 remis—

150 3940 269 4007 sionem,
294 3957 322 4000 ut
347 3956 443 4002 acttuu
469 3945 546 4003 hunc
570 3944 738 4004 iudicialem
764 3944 917 4020 {iudicium
941 3943 1162 4018 iurisdictionis]
1198 3963 1233 3999 ox
1266 3963 1297 4000 se
1327 3943 1393 3999 eiii-

148 4042 242 4084 aacenr
267 4039 363 4106 incrtat,
391 4035 462 4090 sutis
485 4041 537 4102 est,
570 4031 646 4110 tittod
670 4035 696 4089 oi
722 4032 872 4090 moraliter
895 4042 974 4088 certa
998 4033 1035 4088 sit
1060 4029 1180 4108 [iudicio
1203 4028 1388 4108 prudentiae]

148 4108 298 4190 dispositio
316 4119 512 4194 poenitentis3
532 4122 653 4197 eiusque
670 4117 862 4176 absolutionis
879 4119 998 4175 effoetus
1015 4130 1057 4175 ost
1075 4115 1273 4175 infallibiliter
1288 4125 1392 4183 cortus,

150 4197 175 4253 ai
198 4220 297 4278 reapse·
328 4203 481 4284 dispositio
513 4208 691 4284 poenitentis
726 4206 813 4263 tuerit
848 4205 1006 4264 sufficiens.
1036 4205 1073 4262 Et
1107 4203 1214 4261 idcirco
1245 4201 1391 4260 absolutio

149 4303 215 4342 vere
244 4303 286 4346 est
319 4292 399 4348 utilis
430 4295 592 4369 poenitenti
626 4293 776 4370 disposito,
799 4296 854 4350 etsi
879 4291 1056 4350 cordiudiue
1079 4290 1229 4349 infallibili
1256 4301 1390 4346 coristare

148 4387 271 4449 nequeat
307 4377 441 4436 effectum
480 4399 543 4437 essu
582 4390 722 4437 secutum.
763 4379 880 4449 Varum,
912 4400 976 4436 terrm
1010 4381 1106 4454 agitur
1139 4376 1176 4434 de
1210 4375 1393 4433 declaranda

149 4463 258 4518 tautum
294 4468 464 4524 remissione
496 4468 554 4524 ium
586 4465 714 4538 obtenta,
744 4466 816 4522 haec
840 4457 1011 4523 ‘declaratio
1040 4465 1086 4521 vol
1119 4479 1162 4520 ost
1194 4466 1306 4520 incerta
1342 4462 1389 4520 rel

149 4557 193 4600 est
214 4564 307 4620 corta3
331 4553 356 4608 si
379 4553 499 4623 incerta,
523 4573 660 4631 quorsum
683 4553 736 4610 fit?
760 4555 784 4610 si
808 4565 896 4613 cortu.
923 4551 1073 4628 quodnam
1096 4565 1138 4607 est
1164 4548 1389 4607 hindamoutum

146 4633 368 4695 certitudinis?“
403 4639 584 4708 Palmati,
618 4639 663 4696 lle
693 4659 777 4717 [roeu.
801 4639 842 4696 th.
869 4644 916 4696 12.
959 4639 1147 4696 .Nononi1u
1173 4637 1254 4694 licus
1278 4635 1392 4694 revolat

151 4715 279 4778 ministro
311 4745 341 4781 se
371 4725 553 4784 condonasse
587 4735 718 4803 peccata.
751 4727 829 4802 Ergo
853 4725 883 4782 id
907 4724 1106 4802 colligendum
1129 4736 1205 4781 esset
1231 4745 1267 4779 rx
1294 4723 1392 4799 dispo-
