3450 5342
743 330 924 382 -51-·

207 509 372 578 sostojanii
401 509 572 578 dulpovnyh
600 510 757 580 seminarii
787 511 796 564 i
825 510 932 566 udilied
962 526 995 566 za
1024 513 1193 568 1903--1904
1211 511 1357 583 ,ucebnyj
1378 513 1450 578 god.

160 611 164 619 ·
209 579 387 634 Secundum
409 578 574 633 relationes
596 581 814 660 episcoporum
839 580 879 634 ad
906 596 929 634 s.
957 580 1119 650 synodum
1145 582 1183 636 de
1208 587 1291 636 statu
1320 583 1451 638 semina-

208 649 327 702 riorum
362 654 392 702 et
420 647 606 716 spiritalium
634 647 850 704 institutorum
880 665 935 719 pro
962 665 1044 705 anno
1073 651 1244 706 tect-1904
1272 651 1391 722 degunt
1419 651 1449 706 in

206 721 241 772 57
270 716 445 772 seminariis
470 717 603 772 Russiae
626 719 721 773 latua
744 718 861 773 alumni
889 719 1057 784 (maximus
1082 735 1233 775 numerus
1268 722 1319 775 702
1346 725 1393 774 est
1418 707 1450 774 in

206 785 377 842 seminario
397 786 536 855 Rjazani)
555 788 693 842 etatem
712 788 932 857 participantes
952 787 983 842 in
1002 789 1154 845 institutis
1174 789 1398 858 spiritualibus,
1418 821 1450 828 -

207 857 242 911 P.
268 856 416 910 Necaev
437 855 645 924 Drumodnoe
663 855 673 910 i
693 857 881 927 treprodnoe
907 858 1060 928 evojstvo,
1086 859 1147 914 kak
1172 857 1379 928 prepjatstvie
1408 859 1448 912 lro

207 925 403 995 vstnplenlju
422 942 443 978 v
462 925 541 979 brak
568 925 728 994 (affinitas
754 927 882 982 secundi
901 933 931 982 et
951 927 1032 983 tertii
1056 927 1176 1008 gradus
1202 935 1363 998 tamquam
1395 930 1450 982 im-

207 997 421 1065 pedimentum
452 994 640 1050 matrimonii
659 995 808 1063 ineundi).
835 996 872 1050 In
899 996 1107 1054 matrimoniis
1132 997 1276 1052 ineundis
1296 997 1328 1052 iu
1348 1003 1449 1066 poste
1535 1008 1539 1016 '

207 1079 279 1120 rum
298 1063 579 1189 abdimpedimento
603 1064 766 1120 affinitatis
792 1065 921 1121 secundi
945 1072 975 1121 et
994 1066 1077 1121 tertii
1096 1067 1215 1136 gradus
1235 1066 1356 1122 facilius
1388 1063 1449 1120 dis·

180 1167 183 1171 f
230 1149 328 1190 ensan
353 1133 534 1188 umerit.-

207 1151 228 1204 p
311 1204 347 1258 A.
376 1204 403 1257 D
416 1203 546 1266 'akov,
572 1202 797 1273 Sovremennyj
819 1203 992 1259 lratolicizm
1008 1219 1023 1256 e
1039 1203 1131 1273 todky
1153 1204 1270 1260 areni'a
1283 1204 1447 1274 principov

208 1220 503 1341 meldunarocinago
525 1287 631 1342 prava.
651 1273 819 1337 tPraesens
833 1273 1066 1328 catholicismus
1085 1273 1217 1344 quoadp
1248 1275 1349 1343 ncipia
1367 1273 1446 1329 iuris

205 1341 475 1409 internetionalis).
488 1342 678 1397 Referuntur
689 1342 874 1410 principales
889 1343 975 1398 ideae
993 1343 1076 1397 illius
1089 1342 1187 1412 partis
1203 1343 1308 1412 operis
1323 1343 1450 1400 Ernesti

207 1413 275 1492 Nys
305 1411 480 1494 »Principes
499 1412 539 1467 de
557 1411 641 1493 droit
668 1411 830 1492 rational«,
849 1429 911 1538 Ἆυθ
937 1413 1106 1481 problema,
1126 1427 1165 1468 an
1186 1428 1266 1482 papa
1287 1418 1445 1482 tamquam

206 1481 362 1537 obiectum
382 1496 460 1535 ruris
488 1481 736 1536 internatrouabs
764 1481 849 1536 consi
875 1481 955 1537 erari
985 1483 1093 1550 possit,
1113 1486 1289 1550 pertractat.
1311 1481 1448 1551 Respon-

203 1551 298 1606 detur
316 1550 469 1620 negative.
496 1551 587 1618 Papa,
613 1549 668 1620 qni
692 1549 765 1605 inde
789 1551 829 1606 ab
856 1566 939 1606 anno
964 1553 1033 1606 tuto
1057 1567 1119 1606 non
1145 1555 1193 1605 est
1218 1550 1352 1620 amplius
1387 1567 1448 1606 mri-

204 1621 329 1683 narcba,
355 1635 411 1674 nec
424 1619 518 1674 ullam
532 1619 748 1675 condicionum
762 1621 879 1690 implet,
892 1635 972 1690 quac
985 1621 1068 1689 apud
1088 1621 1258 1690 quemlibet
1275 1620 1446 1690 principem

204 1689 370 1745 relationes
389 1688 605 1758 diplomaticae
623 1705 693 1744 cum
713 1688 782 1744 aliis
802 1691 936 1745 statibus
957 1694 1193 1755 sustentantem,
1213 1695 1446 1760 supponuntur.

207 1759 290 1828 Papa
307 1758 439 1839 proprio
458 1758 625 1824 territorio,
645 1757 761 1826 militia,
779 1760 915 1814 subditis
932 1757 1086 1826 civilibus,
1101 1759 1245 1814 civilibus
1265 1759 1389 1827 legibus
1412 1775 1446 1814 ac

204 1829 343 1898 propnis
374 1843 482 1883 earum
513 1827 735 1883 defensoribus
762 1844 881 1896 carens,
910 1843 998 1910 papa,
1024 1827 1077 1908 qui
1107 1828 1224 1882 nuntiis
1255 1828 1443 1898 regiminum

205 1897 404 1952 securitatem
431 1913 495 1953 non
519 1902 623 1965 potest
652 1903 820 1965 praestare.
852 1905 956 1966 prouti
976 1898 1007 1952 id
1028 1914 1095 1951 rure
1114 1897 1344 1952 internetionali
1364 1899 1445 1954 desi-

203 1967 341 2030 deratur,
362 1982 425 2021 non
445 1972 549 2036 potest
566 1967 696 2021 huiusce
714 1967 793 2022 iuris
812 1983 882 2022 esse
901 1968 1066 2022 obiectum.
1087 1967 1148 2022 Nec
1163 1969 1254 2022 sedes
1274 1967 1444 2036 apostolica

201 2051 260 2091 nec
278 2037 404 2091 ecclesia
420 2037 560 2091 Romana
572 2037 603 2090 id
623 2051 693 2090 esse
713 2042 824 2100 potest.
845 2037 922 2092 Ourn
944 2037 1071 2090 ecclesia
1084 2052 1145 2090 non
1158 2036 1199 2091 sit
1218 2037 1350 2092 societas
1371 2037 1446 2106 poli·

202 2105 270 2170 tica.
301 2105 402 2175 ipsius
435 2105 536 2160 nuntii
556 2107 603 2160 vel
635 2105 728 2174 legati
760 2107 857 2161 solius
877 2115 1007 2162 naturae
1027 2105 1176 2175 spiritalis
1196 2107 1442 2165 emolumentum

204 2175 319 2230 habere
339 2181 481 2244 possunt.
502 2175 696 2231 concordata
715 2191 778 2230 non
798 2183 872 2232 sunt
890 2175 1140 2232 internationalia
1159 2176 1285 2230 foedera
1306 2175 1371 2230 veri
1391 2191 1446 2230 no·

203 2244 305 2300 minis.
325 2245 502 2300 Recensens
528 2260 584 2314 spe
609 2245 749 2312 laetatur,
774 2245 911 2300 theorias
946 2246 1036 2299 haece
1063 2245 1094 2298 in
1123 2245 1233 2314 praxin
1261 2245 1354 2300 modo
1374 2259 1444 2300 esse

201 2315 400 2378 transituras,
419 2329 553 2384 eumque
571 2315 643 2369 inde
662 2314 801 2368 faustum
826 2321 974 2370 eventum
995 2313 1055 2369 sibi
1088 2314 1249 2384 promittit.
1285 2316 1370 2384 quod
1402 2330 1446 2370 ec-

200 2385 295 2438 clesia
322 2385 469 2438 catholica
507 2384 648 2438 terrestri
679 2385 823 2453 potestati
856 2399 930 2438 suae
973 2384 1135 2438 consulere
1165 2384 1312 2440 desinens
1347 2384 1442 2438 vitam

200 2453 355 2507 internam
383 2453 538 2508 intensius
558 2453 756 2523 promovebit
775 2461 804 2507 et
824 2454 868 2508 sic
887 2454 955 2520 ipsa
975 2453 1199 2522 gravissimum
1221 2453 1296 2507 illud
1312 2453 1441 2522 impedi-

202 2527 341 2577 mentum
377 2524 504 2588 auferet,
532 2540 596 2594 quo
623 2525 663 2578 ab
690 2523 817 2577 ecclesia
842 2524 1017 2577 orthodoxa
1052 2527 1225 2583 separatur.
1255 2553 1288 2562 -

307 2593 347 2653 tl.
367 2593 599 2656 Krasnoien,
619 2593 753 2661 Granicy
781 2591 1043 2662 veroterpimoeti.
1068 2591 1209 2658 (Limites
1240 2592 1441 2652 tolerantiae).

201 2660 378 2716 'l'olerantia
396 2663 428 2716 in
449 2664 544 2718 rebus
562 2663 636 2717 fidei
661 2667 743 2717 ccrtc
768 2677 867 2732 aequa
886 2667 916 2717 et
935 2662 1015 2716 iusta
1035 2666 1090 2716 est.
1111 2662 1155 2716 Ea
1174 2668 1278 2716 tamen
1304 2661 1442 2716 admissa

201 2747 264 2785 non
290 2731 360 2785 ideo
388 2732 552 2788 relationes
581 2731 743 2800 regiminis
763 2731 877 2798 politici
901 2731 939 2784 ad
965 2747 1120 2800 quamcun
1147 2747 1183 2785 ue
1212 2729 1439 2784 confessionem

199 2801 347 2870 aequales
373 2802 436 2854 sint
463 2807 594 2870 oportet.
614 2801 789 2855 Tolerantia
815 2799 985 2856 christiana
1010 2801 1088 2854 bene
1115 2816 1133 2854 a
1179 2799 1443 2854 indifferentismo

200 2870 356 2925 adversus
376 2870 538 2926 veritatem
558 2875 589 2925 et
607 2885 745 2925 errorem
766 2869 989 2939 distinguenda
1008 2875 1063 2924 est.
1085 2869 1234 2936 Regimen
1251 2869 1442 2924 nullomodo

198 2955 271 2994 cum
308 2939 451 2994 absoluta
480 2956 517 2994 ae
541 2940 665 2995 ualitate
693 2947 793 2996 sectas
827 2946 960 2994 tractare
993 2945 1103 3007 potest,
1135 2953 1269 3007 quarum
1299 2937 1440 2993 doctrina

200 3025 271 3064 cum
297 3009 396 3065 ethica
416 3009 460 3064 rei
480 2957 621 3078 publicae
641 3026 703 3064 non
723 3015 826 3078 potest
844 3007 1002 3064 conciliari
1022 3008 1157 3077 (skopci,
1179 3007 1370 3076 Mormones)
1392 3009 1440 3062 vel

199 3095 335 3148 quarum
351 3079 503 3148 principia
522 3079 621 3148 princi
645 3078 684 3133 iis
696 3077 817 3132 ordinis
837 3077 961 3133 moralis
975 3093 1010 3131 ac
1030 3077 1160 3142 socialis,
1175 3093 1252 3146 quae
1268 3076 1441 3146 respublica

200 3153 315 3214 tuetur,
334 3149 491 3204 contraria
510 3153 584 3203 sunt
617 3095 655 3202 fn
680 3149 750 3202 loro
775 3145 950 3216 personalis
976 3147 1191 3216 persuasionis
1218 3146 1381 3215 religiosae
1409 3147 1442 3200 li·

203 3219 307 3273 bertas
332 3219 537 3272 conscientiae
555 3225 637 3272 certe
661 3224 710 3272 est
728 3216 906 3278 asserenda,
935 3218 974 3271 ab
1000 3231 1035 3270 ea
1055 3222 1157 3270 tamen
1178 3215 1306 3270 libertas
1326 3215 1442 3284 publici

200 3289 303 3343 cultus
316 3294 347 3342 et
360 3289 487 3342 libertae
508 3287 688 3342 societatum
710 3286 929 3409 religiosarum
955 3285 1070 3340 debent
1100 3285 1243 3339 discerni.
1278 3285 1441 3340 Eiusmodi

200 3357 364 3412 societates
383 3364 471 3412 extra
491 3356 652 3480 regiminis
671 3361 759 3411 custo
784 3355 844 3410 iam
864 3355 956 3409 condi
980 3369 1043 3409 non
1063 3361 1206 3424 possunt.
1226 3355 1287 3408 Nec
1315 3354 1443 3408 ecclesia

200 3427 375 3481 orthodoxa
403 3425 557 3481 eiusmoi
591 3424 889 3480 indifferentismum
923 3423 1087 3478 admittere
1119 3423 1241 3493 poterit,
1272 3439 1308 3478 eo
1338 3421 1442 3478 minus

199 3495 374 3551 libertatem
394 3501 482 3551 trans
506 3495 645 3552 rediendi
664 3511 703 3551 ex
716 3510 778 3550 una
797 3493 993 3548 confessione
1011 3493 1043 3547 in
1061 3493 1199 3548 alteram.
1220 3493 1256 3546 In
1277 3491 1442 3548 Occidente

201 3571 303 3620 status
330 3565 457 3635 quidem
483 3512 569 3620 {unc
595 3565 762 3620 transitum
788 3564 966 3629 admittunt,
991 3563 1076 3617 nullo
1103 3563 1195 3616 modo
1222 3569 1324 3617 tamen
1350 3562 1443 3616 eccle-

201 3636 274 3690 siae.
304 3635 406 3691 Huius
433 3636 558 3704 generis
590 3633 873 3690 indifferentismns
911 3648 972 3688 non
1001 3639 1049 3686 est
1080 3631 1139 3686 nisi
1175 3631 1440 3701 periculosissima

201 3705 304 3758 forma
329 3709 508 3760 mutuarum
534 3705 616 3758 inter
634 3703 801 3772 religiones
820 3701 1062 3758 inimicitiarum.

305 3774 330 3828 1.
362 3775 403 3840 Β.,
432 3774 610 3828 lnkerman.
645 3772 818 3842 Descriptio
853 3771 956 3838 magni
997 3770 1177 3826 monasterii
1209 3786 1232 3824 s.
1272 3768 1440 3826 Clementis

202 3845 351 3913 martyris
361 3844 394 3897 in
405 3843 602 3898 Chersoneso
613 3858 710 3911 prope
721 3841 938 3910 Sebastopoliu
955 3840 1013 3896 siti.
1026 3871 1057 3880 -
1068 3841 1094 3896 Ο
1104 3839 1328 3908 hristianskom
1343 3840 1439 3894 brake

201 3915 210 3966 i
230 3914 399 3982 semejstve
417 3928 446 3982 p.
467 3915 644 3968 1513--1519,
665 3913 722 3978 (De
737 3912 906 3966 christiano
928 3911 1124 3966 matrimonio
1147 3915 1177 3964 et
1202 3908 1341 3989 familia).
1361 3907 1438 3964 Cum

203 3983 436 4037 matrimonium
453 3990 483 4036 et
496 3983 613 4036 familia
632 3983 786 4036 societatis
805 3980 1010 4036 fundamenta
1031 3981 1229 4042 constituant,
1249 3979 1292 4034 ml
1319 3977 1441 4045 mirum,

201 4052 229 4106 si
256 4053 370 4107 damna
399 4053 520 4106 delectu
548 4051 622 4106 fidei
651 4056 812 4120 procreata
845 4049 878 4104 in
906 4049 990 4104 bisce
1015 4048 1227 4104 fundamentis
1255 4063 1330 4118 prae
1354 4046 1442 4103 rimis

200 4121 630 4246 itt³ltlt.l⁰lillitlt¹l
643 4117 1252 4256 iltieittlllttlttdtlittet
1272 4121 1303 4250 ii
1326 4063 1443 4240 batt

201 4261 323 4328 origine
346 4263 371 4327 5)
392 4262 423 4315 in
444 4276 500 4315 sua
529 4261 719 4314 auctoritate.
742 4291 773 4297 —
795 4258 927 4327 Predely
957 4257 1126 4326 kananskoj
1147 4254 1274 4326 eparbii,
1294 4271 1322 4324 p.
1343 4255 1443 4310 1523-

203 4330 278 4385 1528.
293 4331 433 4396 (Limites
447 4331 624 4384 dioeceseos
645 4327 844 4384 Kazaniensis
858 4344 876 4382 a
889 4333 1030 4395 tempore
1049 4325 1213 4380 erectionis
1229 4327 1321 4395 (1555)
1343 4339 1443 4406 usque

200 4401 241 4454 ad
261 4415 337 4455 saec.
364 4400 441 4468 xlc)
460 4399 667 4454 adumbratio
681 4397 829 4454 historica
852 4396 892 4450 ad
918 4398 977 4452 350.
1002 4395 1253 4450 anniversarium
1273 4393 1443 4462 eparchrae,

201 4469 289 4524 cuius
309 4469 500 4524 territorium
522 4485 547 4523 a.
563 4471 631 4523 1552
643 4467 740 4522 armis
754 4467 930 4520 Russorum
946 4471 1163 4534 recuperatum
1178 4469 1234 4518 est.
1256 4494 1284 4500 --
1306 4464 1339 4516 Α.
1354 4461 1394 4529 (l,
1409 4461 1442 4516 Iz

201 4538 350 4608 Gelidiny,
365 4556 394 4608 p.
407 4540 584 4593 1549-1552.
611 4537 651 4605 (Ε
671 4535 805 4600 Galicia).
827 4535 871 4589 De
890 4534 1095 4589 ecclesiastico
1115 4539 1197 4588 statu
1217 4531 1439 4586 catholicorum

200 4614 231 4663 et
251 4610 410 4663 unitorum
433 4608 565 4676 Leopoli.
590 4637 623 4648 -
642 4605 677 4662 Ε.
698 4605 942 4674 Poseljanim
962 4603 1044 4659 Odiu
1063 4603 1089 4657 iz
1110 4602 1263 4672 proektov
1282 4601 1444 4670 dubovuo-
