3450 5342
860 348 897 357 -
927 316 987 373 lto
1012 348 1050 358 -

438 498 638 567 Experientia
658 499 781 553 interni
800 500 895 568 igitur
914 504 993 554 teste
1012 514 1074 553 non
1094 503 1198 569 potest
1217 498 1288 567 plus
1307 498 1338 553 in
1359 506 1469 553 natura
1490 496 1584 551 intel-

329 566 430 623 lectus
451 568 551 623 nostri
570 568 700 631 admitti,
727 584 821 638 quam
849 568 999 637 spiritalis
1025 568 1162 624 eiusdem
1191 568 1339 637 perfectio
1367 566 1580 636 cognoscendi

330 638 461 699 obiecta,
480 653 560 707 quae
580 638 628 692 vel
648 637 827 693 immediate
840 638 887 692 vel
904 638 1036 693 mediate
1055 638 1242 693 intellectum
1258 638 1296 691 ad
1311 653 1344 691 se
1357 636 1582 707 cognoscenda

268 759 276 775 ,
329 708 549 762 determinant.
569 707 600 761 Si
619 706 787 761 adhibetur
806 722 863 776 pro
882 708 1039 762 intellectu
1060 707 1246 763 vocabulum
1270 707 1378 761 »ratio«
1395 722 1456 761 non
1471 711 1582 775 potest

328 774 387 899 froc
408 776 561 856 vocabulo
580 776 709 845 intelligi
727 777 859 832 facultas
879 778 918 831 ab
938 777 1092 833 intellectu
1113 776 1257 845 specifice
1270 776 1404 841 diversa,
1419 776 1473 830 sed
1488 775 1581 831 intel·

340 852 427 900 ectus
448 846 645 900 ratrocinaus.

436 940 522 995 Sient
548 947 690 1009 respectu
717 940 886 995 sensitivae
911 941 1106 1011 cognitionis,
1133 941 1176 995 sic
1194 940 1286 996 etiam
1308 956 1358 995 res
1383 950 1451 995 ectu
1472 944 1584 1010 cogni-

331 1010 426 1064 tionis
450 1008 655 1065 intellectivae
684 1010 798 1065 nauitas
827 1011 989 1081 bonasque
1013 1010 1107 1065 affert
1133 1010 1252 1081 Lipskij
1280 957 1406 1081 regussts
1430 1010 1469 1065 ad
1500 1011 1584 1065 bene

331 1079 538 1134 educandum.
558 1079 595 1133 ln
609 1080 790 1134 educatione
809 1079 982 1135 intellectus
1002 1079 1171 1135 curandum
1192 1080 1342 1149 imprimis
1362 1087 1419 1146 est,
1438 1088 1474 1135 nt
1493 1080 1584 1134 liberi

331 1164 375 1215 ea,
403 1164 484 1219 quae
504 1148 629 1203 discunt
648 1150 727 1203 bene
745 1148 841 1203 intelli
865 1156 927 1204 ant.
957 1150 1023 1204 Non
1045 1154 1119 1203 sunt
1135 1149 1179 1204 eis
1200 1150 1403 1219 proponenda
1423 1164 1469 1217 ea,
1524 1164 1585 1204 uae

333 1218 472 1273 noudum
486 1218 655 1287 intelligere
670 1225 812 1288 possunt.
851 1234 870 1273 n
885 1218 1079 1289 exponendis
1097 1218 1277 1274 veritatibus
1292 1217 1446 1289 religiosis
1462 1218 1501 1273 de
1528 1224 1583 1272 ent

332 1287 441 1343 attenti
462 1287 559 1346 reddi.
580 1287 763 1359 religionem
784 1288 985 1343 christianam
1007 1288 1122 1343 babere
1136 1288 1304 1343 nonnullas
1320 1288 1478 1347 veritates.
1524 1302 1584 1342 uae

331 1372 391 1439 pro
416 1363 464 1411 ter
489 1356 703 1412 infirmitatem
729 1358 904 1413 intellectus
930 1358 1028 1413 nostri
1054 1358 1085 1411 in
1114 1360 1170 1413 bac
1195 1358 1257 1413 vita
1283 1373 1299 1413 a
1323 1358 1415 1413 nobis
1440 1304 1584 1427 perfecte

330 1372 461 1497 mtefligi
481 1434 649 1507 nequeunt.
670 1427 790 1482 Debent
810 1436 913 1482 arinen
933 1427 1025 1482 etiam
1047 1428 1102 1481 liae
1123 1427 1271 1483 veritates
1290 1428 1491 1499 inquantum
1515 1426 1583 1507 fieri

333 1504 567 1619 petiistdxarns
587 1496 739 1566 analogiis
765 1496 915 1551 illustrari
935 1504 964 1551 et
984 1497 1120 1551 rationes
1147 1496 1259 1552 adduci
1284 1497 1323 1552 ad
1350 1496 1583 1551 rationabiliter

331 1580 382 1619 cre
407 1581 444 1619 en
471 1581 532 1619 um

438 1659 611 1716 Secundam
632 1659 703 1715 libri
718 1667 837 1727 partem
848 1667 958 1714 auctor
981 1660 1215 1729 ·²iyacra0sa11ia
1235 1676 1290 1713 um
1310 1660 1436 1723 rincum«
1451 1660 1583 1714 :affec-

333 1730 434 1785 tiones
463 1729 613 1794 inscribit,
644 1744 724 1799 quas
751 1729 791 1783 ab
819 1728 986 1784 affectibus
1015 1729 1142 1798 proprie
1170 1728 1261 1784 dictis
1290 1744 1351 1784 non
1382 1730 1583 1785 sufficienter

334 1799 500 1864 distinguit
529 1808 567 1869 (p⁴
595 1800 666 1855 110».
700 1797 841 1867 Explicat
867 1799 922 1853 lias
947 1798 1129 1853 affectiones
1155 1799 1210 1853 ita:
1243 1798 1326 1867 Erga
1352 1798 1584 1867 impressiones

334 1868 530 1923 extrinsecus
555 1868 740 1922 inanimam
768 1867 928 1923 venientes
955 1883 1016 1922 non
1043 1875 1146 1923 ntarxet
1170 1868 1274 1923 anima
1303 1868 1495 1933 indifferens,
1528 1867 1585 1922 sed

334 1954 442 1993 aarum
465 1938 600 2006 pretium
626 1937 778 2000 aestimat,
804 1937 878 1991 dum
902 1938 949 1991 vel
969 1937 1102 1992 iucunde
1122 1938 1171 1991 vel
1190 1938 1359 1993 iniucunda
1378 1937 1416 1991 iis
1436 1938 1585 1992 afficitur.

337 2008 422 2063 Haec
435 2008 609 2061 aestimatio
622 2006 743 2061 animae
756 2007 895 2061 oninium
911 2008 977 2061 eius
989 2014 1112 2063 actuum
1130 2014 1170 2067 (ct
1181 2022 1343 2075 sensuum,
1357 2014 1387 2061 et
1397 2007 1587 2073 intellectus

335 2076 528 2143 strationis)
559 2083 688 2130 vocatur
713 2076 837 2130 affectio
862 2082 892 2131 et
917 2077 1050 2131 indolem
1079 2076 1207 2131 omnino
1234 2078 1437 2132 subiectivam
1467 2077 1587 2131 babere

337 2145 451 2200 dicitur
463 2154 494 2201 et
507 2161 698 2215 quamquam
714 2146 779 2199 fere
795 2146 939 2215 sequitur
958 2146 1175 2215 cognitionem,
1198 2161 1259 2201 non
1275 2153 1323 2201 est
1340 2151 1445 2201 tamon
1459 2160 1584 2201 merum

250 2281 253 2290 ¹
335 2216 475 2271 eiusdem
497 2214 758 2284 complementum
774 2217 908 2270 ctetiam
923 2223 995 2270 ante
1008 2215 1216 2285 cognitionem
1237 2216 1305 2271 fieri
1327 2221 1437 2285 potest.
1459 2215 1585 2270 Funda-

336 2292 441 2340 mento
467 2284 685 2339 affectionibus
712 2292 786 2339 sunt
806 2285 910 2339 variae
934 2286 1055 2339 animae
1083 2285 1257 2354 exigentiae
1276 2292 1306 2339 et
1324 2285 1482 2354 appetitus
1506 2298 1535 2339 e.
1556 2300 1585 2353 g.

334 2355 419 2420 ratio,
437 2369 494 2408 cur
507 2354 576 2407 viso
589 2353 799 2408 instrumento
812 2354 972 2409 mortifero
987 2355 1121 2409 affectus
1136 2354 1258 2409 timmis
1271 2355 1302 2409 in
1315 2354 1440 2409 homine
1453 2353 1586 2420 oriatur,

329 2433 383 2500 est
401 2424 592 2478 desiderium
614 2429 644 2477 et
663 2423 821 2492 appetitus
841 2424 922 2477 ritae
941 2424 1183 2479 conservandae.

440 2520 554 2574 Verum
575 2525 631 2584 est,
657 2518 808 2573 rationem
843 2532 985 2589 reamque
1010 2520 1260 2589 inadaequatam)
1291 2518 1430 2574 omnium
1462 2518 1588 2573 animae

333 2597 460 2644 actuum
490 2603 560 2643 esse
588 2588 619 2642 in
639 2588 742 2642 anima
770 2588 926 2658 simulque
955 2588 1141 2659 exigentiam
1169 2594 1199 2643 ct
1223 2590 1393 2669 appetitum
1425 2589 1583 2643 cononum

336 2658 655 2739 proportionatarum.
676 2657 787 2712 Omnis
806 2659 888 2713 enim
908 2658 1021 2713 entitas
1041 2674 1138 2727 capax
1152 2666 1200 2712 est
1213 2658 1343 2712 actronis
1358 2665 1388 2712 et
1401 2656 1583 2712 naturaliter

337 2728 419 2782 illam
440 2728 601 2788 actionem,
621 2726 710 2781 cuius
729 2736 777 2781 est
795 2744 900 2796 capax,
922 2728 1019 2796 exigit
1038 2734 1067 2782 et
1086 2728 1122 2783 ad
1144 2744 1211 2783 eam
1233 2727 1339 2782 tendit.
1370 2727 1467 2781 Simul
1487 2726 1582 2779 etiam

337 2797 434 2865 exigit
454 2813 497 2855 ea.
517 2797 633 2866 ouibus
648 2797 687 2851 ad
703 2797 839 2851 actiones
860 2812 934 2851 suas
954 2798 1137 2866 complenda
1157 2804 1213 2852 est.
1237 2796 1269 2851 E.
1283 2814 1312 2865 g.
1325 2796 1429 2851 antima
1445 2798 1583 2850 bumana

337 2875 386 2920 est
404 2881 502 2934 capax
522 2865 690 2920 sensitivae
714 2866 910 2935 cognitionis,
940 2882 1015 2935 ergo
1035 2882 1101 2923 enin
1123 2867 1307 2921 naturaliter
1326 2866 1419 2935 exigit
1438 2872 1467 2920 et
1486 2864 1580 2919 etiam

338 2951 383 3000 ea,
406 2950 483 3002 qttae
504 2950 573 2989 cum
594 2951 630 2989 ea
648 2935 687 2989 ad
708 2935 787 2989 banc
805 2935 1014 3004 cognitionem
1036 2936 1231 2991 efficiendam
1253 2951 1437 2991 concurrere
1456 2948 1586 2989 necesse

339 3014 388 3059 est
419 3005 577 3070 tunionem
610 3020 680 3059 cnm
701 3020 832 3074 corpore
851 3006 890 3059 ad
915 3021 1008 3061 unam
1040 3005 1224 3087 completam
1260 3006 1476 3071 substantiam,
1508 3017 1586 3059 sana

343 3089 470 3143 organa.
495 3074 692 3128 condiciones
726 3076 928 3141 necessarias,
957 3082 991 3131 ut
1009 3076 1048 3129 ab
1068 3076 1188 3129 obtecto
1214 3074 1447 3141 determinetur,
1481 3073 1584 3140 ipsam

343 3143 632 3199 determinationem
654 3144 693 3198 ab
713 3144 841 3210 obiecto,
860 3148 926 3213 etc)

448 3238 563 3293 Verum
583 3238 657 3308 qnid
678 3248 725 3293 est
744 3239 794 3293 illa
811 3240 969 3309 exigentia
989 3240 1110 3295 animae
1126 3239 1296 3295 secundum
1315 3254 1347 3293 se
1363 3244 1499 3307 spectata
1513 3242 1585 3291 ante

343 3308 465 3363 animae
484 3308 594 3362 actus?
629 3307 725 3363 Estne
744 3309 896 3378 quaedam
919 3309 1053 3377 positiva
1072 3309 1193 3364 animae
1213 3308 1358 3363 affectio?
1388 3308 1456 3363 Non
1476 3338 1507 3345 -
1529 3305 1584 3361 sed

343 3384 391 3433 est
417 3384 536 3432 tantum
563 3383 692 3432 externa
722 3379 933 3433 denominatio
965 3378 1165 3447 perfectionis
1198 3378 1319 3432 animae
1344 3392 1413 3431 cum
1441 3382 1585 3445 respectu

343 3448 381 3502 ad
402 3448 546 3510 actiones,
574 3463 709 3517 quarum
736 3456 785 3501 est
809 3464 903 3517 capax
923 3454 953 3503 et
973 3448 1039 3502 sine
1058 3448 1173 3517 quibus
1199 3447 1302 3503 anima
1322 3461 1430 3501 manca
1450 3452 1535 3500 esset
1555 3444 1586 3499 in

344 3532 401 3572 sua
419 3516 563 3584 integrali
583 3517 779 3586 perfectione.
843 3540 846 3544 ²

447 3612 562 3666 Verum
588 3612 679 3666 etiam
706 3611 737 3666 id
763 3620 818 3676 est,
844 3613 978 3667 animam
1006 3612 1036 3667 in
1063 3613 1245 3679 actionibus,
1270 3627 1350 3681 qitae
1376 3611 1402 3666 ei
1426 3610 1584 3665 naturales

344 3686 426 3746 suut,
453 3682 628 3735 facilitatem
655 3696 729 3751 prae
755 3698 788 3736 se
807 3682 898 3749 ferre,
942 3698 998 3737 uae
1017 3682 1147 3737 facilitas
1167 3682 1257 3737 etiam
1278 3682 1398 3736 activus
1427 3680 1585 3749 appetitus

344 3750 449 3803 vocari
468 3757 579 3818 potest.
600 3750 718 3815 Qutidsi
738 3752 808 3821 quis
829 3699 1113 3817 hancffacilitatetm
1133 3768 1226 3821 quam
1242 3750 1345 3805 anima
1359 3750 1390 3805 in
1404 3749 1585 3812 actionibus,

344 3834 478 3887 quarum
506 3821 677 3874 naturalem
705 3822 903 3889 capacitatem
930 3827 960 3875 et
985 3820 1171 3889 exigentiam
1208 3821 1301 3875 habet
1326 3826 1355 3873 et
1383 3818 1527 3883 ostendit,
1557 3825 1586 3872 et

344 3902 477 3956 quacum
513 3888 603 3943 etiam
647 3891 798 3945 naturalis
823 3890 1000 3945 iucunditas
1037 3890 1244 3959 coniungitur,
1273 3889 1467 3943 affectionem
1489 3892 1585 3949 vocat,

345 3988 377 3994 -
397 3956 435 4010 lis
455 3964 502 4011 est
522 3958 560 4012 de
580 3960 686 4018 verbo,
712 3960 764 4013 Sin
786 3961 844 4014 hoc
863 3960 989 4014 nomine
1008 3960 1140 4015 affectus
1160 3959 1288 4029 proprie
1307 3960 1407 4013 dictos
1427 3959 1585 4024 (amorem,

344 4025 545 4090 desiderium,
565 4029 724 4096 gaudium,
739 4029 855 4093 odium,
872 4030 988 4097 tiaram,
1004 4029 1169 4095 tristitiam,
1186 4044 1283 4097 spem,
1297 4027 1467 4094 audaciam,
1481 4025 1587 4095 despe-

346 4094 507 4162 rationem,
534 4095 686 4163 timorem,
713 4099 805 4166 iram)
830 4074 983 4167 intelligit,
1010 4103 1204 4168 protestatur
1230 4098 1353 4152 interna
1377 4097 1587 4166 cuiuscunque

292 4224 298 4236 ,
346 4164 482 4219 hominis
502 4165 698 4234 experientia,
717 4167 801 4221 iuxta
820 4184 914 4237 quam
937 4170 1013 4223 tales
1033 4174 1120 4223 actus
1140 4167 1199 4222 nisi
1221 4172 1292 4235 post
1311 4166 1467 4222 obiectum
1487 4164 1587 4234 cogni·

347 4241 413 4288 tum
433 4234 500 4289 fieri
521 4250 583 4288 non
605 4243 746 4304 possunt.
780 4237 860 4292 Dicit
879 4238 1005 4307 quidem
1026 4238 1075 4292 hic
1095 4254 1123 4307 p.
1144 4240 1193 4292 110
1212 4236 1302 4304 infra,
1328 4251 1386 4290 nos
1406 4250 1499 4305 saepe
1518 4250 1588 4305 gau·

347 4303 422 4357 dere
447 4302 497 4357 vel
523 4303 642 4359 tristari
667 4306 705 4360 de
732 4307 917 4375 sensatione,
949 4323 1028 4377 quae
1054 4306 1147 4361 desiit
1171 4310 1201 4360 et
1227 4306 1300 4430 guia
1325 4304 1418 4360 desiit
1445 4308 1534 4374 (ergo
1559 4304 1587 4357 in

347 4380 449 4427 mente
469 4388 531 4427 non
551 4374 658 4440 adest).
679 4375 740 4429 Sed
759 4392 885 4445 quaeso,
904 4378 1060 4446 quomodo
1081 4392 1206 4446 possem
1249 4391 1320 4430 eea
1333 4382 1367 4429 ut
1381 4374 1465 4445 prius
1485 4372 1587 4428 habita

346 4447 376 4496 et
395 4442 529 4496 extincta
549 4444 686 4565 gaudere
706 4445 755 4499 vel
775 4445 902 4511 tristari,
923 4446 982 4501 nisi
1003 4462 1085 4501 novo
1105 4452 1174 4501 actu
1194 4444 1407 4515 cognoscitivo
1426 4442 1475 4498 vel
1496 4442 1587 4497 sensi·

348 4511 428 4565 tivae
448 4511 496 4566 vel
517 4521 626 4566 satem
647 4513 862 4569 intellectualis
883 4515 1051 4570 memoriae
1071 4515 1141 4583 (etsi
1162 4516 1260 4569 multo
1279 4513 1454 4568 infirmiore
1473 4517 1503 4567 et
1521 4526 1586 4566 con-

346 4580 431 4647 fuso)
457 4586 491 4635 ut
515 4583 714 4650 praeteritam
741 4591 771 4637 et
798 4584 961 4638 extinctam
993 4584 1080 4655 prius
1109 4598 1330 4653 cognoscerem
1358 4589 1389 4638 et
1413 4581 1473 4637 nisi
1499 4580 1585 4651 prius
