3450 5342
818 421 1012 478 -281-

291 608 390 669 doceri
418 629 472 667 nos
494 618 642 686 oporteat3
677 612 700 667 si
726 630 784 668 nou
807 607 928 667 aliunde
950 606 1102 687 probanda
1126 627 1195 665 vera
1217 606 1364 684 dogmata,
1400 606 1538 665 haereses

291 694 498 767 confutandae,
532 698 627 753 omnis
650 696 778 775 danique
801 698 1001 755 controversia
1017 694 1150 753 finienda
1172 696 1222 752 sit:
1257 697 1355 771 agitur
1376 695 1479 771 utique
1501 693 1537 751 do

292 783 386 843 salute
409 794 537 848 aeterna,
566 803 632 841 cum
657 782 693 840 de
716 782 893 841 certitudine
915 784 1037 841 canonis
1059 784 1144 839 istius
1167 783 1272 858 agitur.
1317 784 1349 838 si
1372 784 1453 837 enirn
1478 801 1536 838 non

291 868 444 927 discernas
468 871 544 926 inter
566 872 723 927 canonicos
746 880 776 927 et
799 892 857 928 non
881 871 1047 937 canonicos,
1073 870 1181 946 poteris
1204 888 1263 925 nou
1286 869 1463 925 canonicum
1486 887 1536 944 pro

291 958 435 1015 canonico
457 957 604 1033 suscipere
627 968 657 1015 et
680 956 725 1014 ilii
747 967 898 1035 tamquam
916 956 1012 1014 Verbo
1029 957 1084 1013 liei
1109 954 1237 1016 eredere,
1260 952 1339 1033 quod
1354 963 1399 1012 est
1416 952 1537 1011 verbum

291 1062 371 1101 mere
387 1042 560 1113 humanum3
584 1045 626 1100 sic
642 1043 729 1101 facile
753 1046 899 1121 impingas
923 1045 953 1101 in
970 1043 1085 1110 falsum,
1108 1040 1185 1119 quod
1203 1038 1257 1098 tibi
1273 1039 1422 1098 ridebitur
1445 1041 1538 1098 roris·

291 1131 406 1199 simum,
429 1138 529 1206 utpote
552 1130 616 1207 ipso
639 1140 755 1188 auctore
780 1132 844 1187 Deo
866 1130 1019 1208 prolatum.
1062 1130 1110 1187 En
1133 1128 1220 1206 quala
1243 1138 1273 1186 et
1295 1136 1438 1205 quantum
1461 1128 1538 1205 peri·

291 1216 389 1275 culum
414 1261 420 1273 .
444 1265 450 1277 .
474 1265 479 1275 .
517 1216 607 1274 Porro
631 1236 690 1275 non
713 1227 758 1275 ast
779 1215 909 1284 dubium,
933 1236 1124 1286 aesomnes,
1148 1216 1197 1293 qui
1222 1218 1252 1272 in
1275 1214 1436 1285 tutamine,
1460 1212 1537 1292 quod

292 1312 398 1361 vocant
421 1302 529 1372 Biblia,
552 1305 747 1371 continentur,
770 1305 927 1361 canonicos
949 1302 1040 1361 libros
1062 1306 1156 1361 oase“.
1191 1302 1227 1360 ln
1251 1299 1428 1379 inquirenda
1451 1320 1538 1359 cano-

292 1392 413 1448 nioitate
436 1389 617 1465 singulorum
639 1388 779 1448 librorum
801 1392 971 1448 testimonia
994 1410 1031 1447 ss.
1053 1398 1168 1467 patrum
1198 1391 1230 1446 in
1252 1389 1414 1446 contrarias
1436 1397 1535 1465 partos

291 1476 384 1534 affert.
412 1475 574 1549 „Esther
597 1476 702 1534 librum
719 1478 864 1553 (trigenos
889 1476 1008 1553 quidem
1031 1484 1165 1533 numerat
1180 1478 1258 1533 iuter
1280 1477 1439 1533 canonicos
1459 1472 1535 1552 apud

292 1562 453 1621 Eusebium
481 1564 570 1620 citato
593 1563 676 1633 loco;
711 1573 844 1621 numerat
871 1574 901 1621 ct
924 1564 1126 1621 Damasconus
1156 1573 1184 1619 ct
1208 1562 1339 1641 Casilina
1363 1560 1536 1639 fficmsoiy-

293 1652 422 1708 mitanus
453 1660 482 1707 et
506 1650 707 1729 Hieronymus
730 1662 760 1707 ct
783 1652 967 1726 Augustinus
997 1659 1026 1706 et
1049 1651 1155 1707 citatus
1178 1668 1273 1706 canon
1298 1648 1486 1726 ,apostolicus
1508 1658 1537 1705 et

292 1736 451 1795 concilium
467 1735 666 1795 Laodiccnum
690 1744 718 1794 et
735 1736 983 1810 Carthaginiense
1006 1745 1035 1794 et
1057 1737 1118 1793 fore
1134 1756 1235 1794 omnes
1258 1736 1319 1793 alii.
1340 1735 1416 1792 Tres
1438 1745 1537 1792 tamem

292 1823 503 1901 refragantur:·
514 1822 696 1881 Athanasius
711 1833 740 1879 et
752 1823 958 1882 Nazianzenus
974 1822 1044 1880 iocis
1060 1824 1171 1880 citatis:
1194 1822 1401 1880 Nazianzenus
1416 1821 1536 1899 quidem

291 1908 455 1969 dubitando
478 1909 625 1986 loquitur:
660 1910 734 1968 Sunt
758 1908 878 1989 quidam
901 1912 997 1988 inquit
1028 1912 1079 1988 qui
1103 1930 1162 1967 non
1185 1918 1416 1967 numerantem.
1441 1908 1536 1965 Atha·

289 1998 389 2055 nasius
411 2016 481 2053 roro
505 2006 589 2053 extra
611 2016 753 2057 canonem
778 1999 873 2073 ponit;
904 2007 934 2055 et
956 1999 1059 2055 tertius
1081 1996 1185 2054 Melito
1208 1995 1286 2073 apud
1309 1994 1473 2052 Eusebium
1494 1997 1535 2052 ci-

287 2092 348 2141 tato
373 2082 435 2140 ioco
470 2104 529 2140 non
552 2093 702 2141 memorat.
747 2084 838 2141 l'iura
861 2085 950 2160 igitur
973 2103 1024 2161 pro
1048 2104 1087 2154 se,
1121 2104 1209 2161 quam
1233 2094 1334 2140 contra
1369 2103 1400 2139 se
1424 2081 1535 2139 Esther

287 2168 379 2227 habet
399 2171 577 2227 testimonia.
623 2170 696 2228 Pars
719 2178 818 2228 tomen
848 2172 911 2228 cius
934 2184 1067 2228 extrema
1101 2168 1243 2247 (quaein
1272 2169 1401 2245 vulgatis
1425 2167 1535 2227 Bibliis

287 2254 423 2332 habetur)
448 2266 525 2313 stare
560 2258 713 2334 aequites
747 2256 799 2315 iiia
829 2256 904 2315 forte
938 2259 1084 2333 integmm
1117 2258 1207 2314 ctiam
1242 2255 1348 2313 lihmm
1376 2263 1537 2313 vocaverat

286 2343 365 2421 apud
388 2341 530 2420 quosdam
554 2345 584 2400 in
608 2342 746 2401 dubium“
767 2340 815 2423 82).
865 2344 929 2401 Hac
952 2363 1030 2402 nora
1052 2342 1199 2410 methodo,
1231 2362 1327 2420 quam,
1359 2345 1390 2400 in
1414 2362 1537 2400 enume-

288 2429 389 2488 randis
424 2429 461 2487 ad
493 2437 646 2507 utramque
680 2442 792 2507 partem
816 2430 885 2488 latis
920 2443 1087 2489 sanctorum
1110 2431 1230 2488 Patrum
1266 2431 1421 2487 sententiis
1449 2432 1537 2487 unice

286 2519 447 2575 consistere
481 2515 624 2585 videmus,
659 2516 843 2594 Prohoporih
878 2538 979 2575 ornnes
1013 2517 1104 2575 libros
1138 2516 1415 2576 deuterocanonicos
1440 2516 1476 2572 V.
1499 2516 1537 2573 Τ.

287 2604 369 2661 facili
393 2606 510 2679 negotio
534 2605 611 2661 inter
634 2603 818 2683 apocryphas.
842 2606 1002 2681 scripturas
1025 2603 1163 2664 detrudit.
1204 2604 1251 2661 En
1275 2604 1337 2660 cius
1361 2602 1537 2660 definitivae

287 2688 324 2747 dc
348 2690 473 2766 singulis
495 2688 580 2747 libris
603 2692 634 2748 in
659 2689 833 2748 iudaeorum
856 2710 969 2749 canone
993 2704 1052 2749 non
1075 2689 1261 2749 exstantibus
1284 2692 1461 2747 sententiae:
1489 2690 1536 2747 Do

287 2776 363 2834 libro
387 2774 499 2834 Iudith:
583 2777 658 2849 „Tot
682 2779 771 2853 igitur
793 2788 822 2835 et
844 2787 929 2835 tanta
951 2776 1128 2835 documenta
1151 2778 1237 2855 plane
1261 2779 1403 2834 evincunt
1425 2774 1534 2833 librum

287 2862 389 2921 Iudith
411 2864 489 2921 inter
511 2866 667 2922 canonicos
691 2863 877 2923 referendum
902 2886 960 2922 non
983 2868 1065 2923 essc“
1084 2860 1134 2938 ⁶³).
1163 2864 1208 2921 Dc
1229 2863 1305 2920 libro
1328 2862 1441 2920 'l'ohiae
1466 2911 1472 2921 .
1495 2910 1503 2922 .
1528 2910 1534 2922 .

291 2970 404 3027 „nequo
427 2970 480 3007 nos
504 2950 665 3008 infitiamur
687 2949 795 3009 bonum
819 2972 884 3009 esse
907 2972 941 3009 ac
964 2950 1087 3028 proinde
1110 2952 1169 3008 lato
1192 2948 1279 3008 modo
1302 2970 1414 3008 sacrum
1442 2959 1472 3006 et
1494 2951 1537 3005 ci·

287 3038 345 3095 tari
369 3056 460 3113 posse.
478 3037 558 3093 Hinc
581 3048 679 3095 tamen
705 3058 762 3095 non
782 3040 913 3116 seqnitur
935 3058 999 3095 esse
1016 3039 1199 3095 canonicum.
1223 3037 1356 3095 Citamus
1379 3048 1409 3093 et
1431 3044 1537 3093 sancta

286 3122 412 3181 dicimus
443 3144 531 3203 opera
554 3124 695 3191 Patrnrn;
730 3125 800 3182 licot
830 3127 920 3182 ctiam
954 3124 1013 3182 iate
1039 3123 1184 3202 loquendo
1218 3123 1367 3201 appellare
1389 3121 1534 3180 diuinitus

286 3208 443 3288 inspirata:
467 3210 608 3288 numquid
633 3222 732 3269 tamen
755 3213 833 3269 inter
855 3214 998 3269 canonica
1020 3214 1130 3288 scripta
1152 3209 1404 3269 numerabimus?“
1423 3205 1475 3286 ⁸4).

264 3374 265 3377 ,
391 3314 437 3372 Dc
468 3312 543 3372 libro
567 3316 758 3393 Sapientiae:
797 3314 906 3384 „Liber
936 3317 1107 3393 Sapientiae
1136 3314 1302 3372 Salomonis
1335 3312 1431 3371 dictus
1463 3332 1535 3372 sanc

285 3400 453 3479 praeclarus
485 3412 529 3459 cst
563 3412 592 3459 et
615 3422 666 3459 suo
697 3404 815 3460 nomine
838 3400 946 3478 dignus
980 3412 1009 3460 ot
1033 3401 1148 3479 dignus,
1182 3403 1231 3479 qui
1255 3401 1420 3459 Panaretus
1450 3402 1534 3478 quasi

286 3490 366 3546 omni
392 3492 531 3547 virtutum
555 3508 663 3564 genere
687 3488 790 3566 plenus
815 3488 859 3566 (ut
882 3490 924 3547 ait
946 3483 1163 3566 Damascenus)
1186 3488 1369 3566 appellatum
1400 3508 1453 3565 pro
1476 3486 1535 3545 Dei

286 3585 387 3633 tamen
411 3575 500 3633 rerho
524 3574 627 3633 haberi
658 3586 687 3632 et
711 3576 741 3633 in
764 3595 877 3633 canone
901 3577 1069 3653 Scripturas
1094 3577 1241 3633 numerari
1265 3595 1323 3632 non
1346 3584 1450 3653 potest.
1494 3574 1534 3630 Et

287 3663 374 3719 ratio:
399 3664 468 3739 quia
491 3662 588 3738 plures
612 3672 714 3719 contra
738 3660 857 3719 dicunt“
878 3659 929 3736 ⁰⁵).

392 3764 438 3821 De
460 3764 535 3823 libro
559 3768 781 3824 Ecclesiastici:
824 3761 1077 3838 „Ecclesiasticus
1112 3769 1163 3845 qui
1186 3782 1215 3823 ct
1239 3764 1396 3845 Syracides
1419 3764 1534 3833 dicitur,

287 3870 437 3927 nunquam
462 3854 533 3909 satis
556 3853 669 3911 laudari
695 3866 802 3931 potest:
826 3874 921 3931 noque
944 3865 1044 3911 tamen
1068 3864 1163 3931 potest
1182 3852 1285 3911 haberi
1308 3873 1361 3930 pro
1383 3852 1533 3909 canonico.

287 3936 356 3994 Non
378 3936 434 3993 fuit
457 3940 535 3995 enim
560 3960 611 4015 pro
627 3940 678 3997 tali
704 3938 822 3997 habitus
845 3962 863 3997 a
885 3942 979 3998 veteri
991 3940 1134 4009 Ecclesia
1158 3952 1190 3998 ut
1213 3959 1299 3998 nemo
1322 3938 1464 4015 ambigit“
1482 3932 1534 4015 66).

392 4040 438 4097 Do
470 4039 553 4099 libris
577 4042 842 4102 Macirabacorurn:
881 4044 1043 4115 „Similiter
1065 4045 1172 4103 librum
1196 4046 1313 4102 tertium
1345 4053 1374 4101 ct
1397 4053 1531 4120 quartum

286 4123 529 4185 Maccahaeorum
554 4140 633 4187 arcet
650 4130 700 4185 iile
724 4130 775 4207 (sc.
793 4130 1004 4202 Bellarminus}
1028 4152 1181 4197 acanone.
1205 4152 1264 4189 non
1288 4130 1432 4201 obstante,
1455 4127 1532 4207 quod

340 4344 376 4415 ⁶²)
396 4346 481 4414 Idem,
501 4364 546 4416 op.
565 4364 596 4414 a,
616 4353 631 4413 ξ
652 4348 709 4415 189,
729 4366 755 4419 p.
777 4352 834 4405 161.

341 4432 377 4499 ⁶⁸)
397 4432 483 4501 idern,
503 4450 548 4504 op.
567 4450 599 4501 c,
619 4440 633 4498 β
653 4436 711 4501 190,
731 4452 757 4504 p.
778 4438 836 4490 171.

341 4517 483 4587 ⁰⁴)1dom,
503 4537 548 4589 op.
568 4537 599 4588 c,
619 4522 711 4589 5192,
731 4538 758 4591 p.
777 4525 836 4577 175.

341 4603 377 4668 οὗ)
397 4605 483 4672 Idem,
503 4624 539 4675 op
566 4624 598 4675 c,
617 4613 632 4673 ξ
653 4608 711 4676 193,
729 4625 755 4678 p.
777 4612 836 4664 176.

342 4690 379 4763 ⁶⁶)
396 4692 482 4759 Idem,
502 4710 548 4763 op.
567 4709 598 4761 c,
618 4698 632 4759 ἓ
652 4695 710 4759 191,
730 4712 757 4764 p.
778 4698 835 4751 176.
