3450 5342
691 451 723 460 -
754 419 883 476 ‘293-

141 603 312 686 Episcopo
335 603 524 684 Labacensi,
559 605 620 669 Dre
649 604 702 668 lv.
734 589 852 669 Saric
886 607 1034 689 (nornine
1064 607 1197 688 capituli
1221 605 1405 688 Vrhbosn.)‚

142 691 291 755 Const.
316 689 607 772 Czechowicz,
630 692 720 772 Eppo
744 692 977 758 Pmmisliensi.
1002 694 1172 760 Postremo
1195 693 1405 759 Celsissimus

141 779 323 842 Protector
346 779 561 858 te'legramma
584 780 732 843 recitavit
756 780 800 842 ab
826 779 928 843 Emin.
953 780 1047 846 Card.
1078 782 1214 861 Merry
1236 781 1304 846 del
1327 782 1404 844 Val

144 867 213 946 ipsi
237 867 388 931 missum:
424 865 638 930 »Summus
671 865 874 932 Pontifex
905 870 1043 949 inceptis
1075 868 1284 949 consiliisque
1316 868 1403 948 Apo-

145 951 293 1017 stolatus
323 971 363 1016 ss.
387 952 498 1032 Cyrilli
532 963 564 1017 et
594 953 748 1018 Methodii
781 955 865 1018 bene
901 965 1052 1036 precatus
1075 959 1174 1036 cupit,
1206 964 1242 1018 ut
1272 954 1402 1019 felicem

144 1042 278 1104 exitum
301 1039 431 1104 sodales
453 1047 672 1120 assequantur
695 1042 797 1122 iisque
820 1043 1049 1107 amantissime
1071 1042 1320 1107 benedicit«

258 1152 359 1216 Post
393 1153 609 1216 meridiem
643 1153 727 1220 duae
750 1155 910 1219 lectiones
933 1155 1065 1220 habitae
1088 1162 1174 1233 sunt,
1207 1155 1295 1236 prior
1318 1173 1338 1217 a
1362 1156 1398 1218 ll.

147 1239 185 1302 D.
209 1239 273 1304 Dre
296 1239 348 1303 Fr.
373 1239 408 1304 X.
435 1239 594 1318 Grivec,
610 1240 650 1304 de
673 1242 846 1306 conatibus
871 1244 1000 1306 unionis
1023 1246 1108 1306 inter
1126 1242 1283 1306 ecelesias
1305 1261 1401 1322 sepa-

148 1332 243 1390 ratas
267 1327 495 1404 restituendae,
520 1330 679 1407 posterior
702 1348 722 1392 a
744 1329 783 1393 P..
798 1330 831 1392 D.
846 1330 886 1393 M.
909 1329 1095 1410 Hatuscy
1106 1331 1210 1409 rtsky
1216 1329 1228 1408 j
1253 1328 1287 1393 o.
1312 1332 1343 1391 S
1367 1329 1401 1390 B.

146 1414 191 1476 nt.
207 1413 247 1478 de
270 1415 302 1476 vi
324 1413 510 1492 epioleseos.
536 1414 679 1495 Utraque
696 1425 851 1483 accurata
875 1419 920 1480 rei
941 1417 1190 1494 investigatione
1206 1415 1398 1480 excellebat.

256 1525 415 1606 Tempore
438 1528 562 1608 reliquo
586 1517 704 1592 acriter
720 1527 903 1609 disceptare
929 1538 1141 1608 perrexerunt
1164 1529 1244 1610 (llll.
1259 1527 1318 1590 ob.
1337 1527 1399 1592 So-

149 1615 323 1692 holowski,
338 1613 456 1692 Urban,
480 1615 641 1692 Palmieri,
658 1601 766 1693 Zideh,
785 1616 881 1696 Ritig,
905 1615 972 1698 alii)
995 1615 1035 1680 de
1050 1619 1104 1695 eis,
1128 1634 1213 1696 quae
1230 1615 1403 1679 scribenda

148 1709 183 1763 et
208 1699 335 1764 edenda
358 1702 423 1764 sint
446 1721 504 1782 pro
527 1700 792 1766 Occidentalibus
815 1712 847 1766 et
870 1700 1097 1767 Orientalibus.

261 1813 458 1878 Proximo
483 1816 549 1878 die
573 1815 637 1896 (215.
653 1813 721 1887 lul.)
746 1834 840 1878 sacro
864 1835 885 1878 a
907 1814 1097 1880 Celsissimo
1120 1816 1257 1878 llomiuo
1281 1815 1404 1878 Frau-

151 1901 272 1964 oisco
295 1900 469 1965 Salesio
493 1901 629 1966 Bauer
652 1902 801 1982 Principe
825 1904 1078 1983 Archiepiscopo
1102 1902 1157 1984 (ab
1174 1903 1254 1966 hora
1276 1897 1344 1982 6³⁰)
1367 1911 1403 1964 ct

153 1996 228 2067 post
251 2006 327 2051 eum
350 1987 392 2050 ab
415 1988 697 2052 Excellentissimo
720 1989 860 2052 Domino
888 1989 1078 2053 Roberto
1108 1989 1265 2054 Menini
1289 1989 1402 2053 Archi-

152 2076 308 2155 episcopo
343 2073 429 2138 facto
465 2077 606 2156 primurn
638 2075 703 2140 llll.
737 2076 767 2138 f).
804 2076 853 2139 llr.
889 2077 945 2139 Pr.
981 2076 1092 2157 Reyl,
1124 2078 1290 2140 mentione
1314 2074 1401 2138 facta

151 2172 308 2241 quattuor
340 2161 489 2226 locorum
523 2181 602 2226 suae
637 2163 803 2240 dioecesis,
836 2183 860 2226 s.
892 2162 1070 2227 Clementis
1105 2164 1237 2226 nomine
1272 2181 1397 2225 nexum

151 2247 295 2327 aliquem
319 2267 395 2312 cum
418 2268 459 2314 ss.
476 2249 595 2328 Cyritto
611 2257 644 2313 et
659 2249 821 2314 Methodio
839 2251 1008 2331 hucusque
1031 2251 1294 2331 exprimentium,
1321 2255 1397 2312 vota
1431 2285 1436 2291 -

152 2333 426 2399 Reverendissimi
461 2336 610 2418 Episcopi
645 2338 694 2400 sui
731 2337 943 2416 favoremque
977 2357 1054 2415 erga
1087 2346 1287 2403 conventum
1321 2356 1397 2416 pro·

155 2423 324 2486 nuntiavit.

264 2534 383 2599 Deinde
397 2535 697 2599 Excellentissimos
713 2535 870 2600 ltomiuus
883 2537 919 2599 ll.
938 2537 1095 2599 lfenioi
1120 2538 1200 2600 haec
1216 2536 1283 2600 fere
1300 2535 1402 2598 verba

155 2620 240 2686 tecit:
265 2619 404 2684 Summo
428 2623 546 2699 gaudie
570 2643 589 2684 a
613 2621 658 2684 Pl.
679 2623 715 2686 R.
740 2623 799 2686 llre
823 2622 939 2701 Stojan
964 2623 1111 2686 oblatam
1135 2625 1265 2702 copiam
1288 2625 1401 2700 accepi

156 2709 312 2772 invisendi
339 2709 455 2786 locum,
479 2709 534 2772 ubi
557 2727 676 2790 corpus
696 2711 870 2789 requiescit
893 2729 917 2772 s.
934 2709 1095 2787 Methodii,
1120 2712 1175 2790 qui
1192 2717 1285 2772 tanta
1308 2708 1401 2770 labo-

155 2797 238 2858 ravit
260 2797 292 2858 in
307 2797 413 2858 Slavis
436 2796 477 2858 ad
495 2795 659 2860 Christum
684 2795 894 2872 adducendis,
920 2797 1111 2876 praesertim
1131 2794 1219 2876 apud
1231 2796 1398 2874 bulgaros,

155 2881 303 2946 lforavos
320 2892 352 2946 et
365 2881 534 2946 Bohemos.
559 2883 692 2946 Gaudeo
709 2885 795 2959 item,
819 2882 908 2962 quod
925 2883 1140 2964 personaliter
1155 2882 1400 2946 benefactorem

157 2987 266 3032 meum
300 2971 469 3048 insignem,
509 2969 733 3034 Celsissimum
766 2971 989 3034 Protectorem
1023 2979 1205 3034 conventus
1239 2971 1398 3047 cognovi;

156 3055 288 3134 gaude0,
322 3056 410 3136 qood
434 3066 481 3120 tot
512 3059 661 3120 homines
685 3058 770 3120 docti
795 3066 827 3120 et
850 3057 1019 3120 desideriis
1051 3059 1173 3119 sanctis
1195 3057 1311 3136 repleti
1334 3057 1399 3119 huc

156 3153 377 3207 convenerunt
406 3143 448 3206 ad
476 3145 612 3206 consilia
643 3163 703 3207 sua
734 3143 910 3208 efficaciter
943 3144 1166 3223 promovenda
1201 3153 1298 3222 atque
1333 3142 1396 3205 ileo

156 3230 328 3294 adiuvante
351 3231 394 3294 ad
418 3231 570 3295 effectum
594 3229 810 3310 perducenda.
835 3267 876 3276 -
893 3231 1082 3310 Numquam
1106 3229 1281 3294 obliviscar
1301 3229 1401 3292 verba

157 3317 280 3382 Summi
305 3317 478 3396 Pontificis,
510 3337 586 3380 cum
610 3329 686 3381 ante
710 3320 750 3380 a?
775 3337 881 3382 annos
904 3337 956 3382 me
981 3320 1012 3380 in
1038 3317 1225 3395 ltolgariam
1247 3318 1400 3382 mitteret.

158 3402 298 3483 Populus
323 3404 546 3484 bulgarorum,
570 3406 682 3484 inquit,
706 3405 802 3468 debet
825 3405 1002 3484 aliquando
1018 3405 1102 3467 uniri
1120 3407 1216 3467 matri
1233 3404 1401 3483 ecclesiae,

158 3511 261 3572 aqua
284 3491 381 3554 fidem
405 3494 544 3572 accepit;
570 3490 704 3554 forsitan
728 3511 788 3570 ego
811 3499 843 3556 et
868 3502 903 3554 tu
927 3494 995 3554 iam
1018 3491 1164 3556 defuncti
1189 3491 1320 3572 erimus,
1343 3490 1401 3554 sed

156 3585 283 3656 tempus
317 3577 395 3640 illud
426 3587 513 3644 certe
538 3579 696 3642 adveniet.
743 3579 876 3643 Interim
908 3580 1033 3653 labora,
1070 3579 1155 3641 Deus
1178 3578 1239 3641 erit
1264 3576 1320 3640 tibi
1344 3577 1402 3640 ad-

158 3667 244 3728 iutor.
269 3699 307 3709 -.
327 3663 400 3746 Ego,
425 3668 486 3730 etsi
511 3665 647 3744 indigne,
671 3665 826 3744 laboravi,
850 3668 981 3743 certavi,
1005 3677 1038 3729 et
1061 3667 1088 3728 si
1105 3665 1234 3744 gloriari
1258 3674 1396 3743 oportet,

153 3751 262 3830 aliqua
286 3771 402 3831 passus
426 3771 500 3816 sum
525 3771 689 3833 -prope
720 3771 853 3816 cursum
885 3771 997 3816 meum
1019 3751 1257 3833 consummavi,
1292 3768 1397 3830 neque

156 3838 258 3902 dicere
282 3857 418 3919 possum
434 3857 510 3903 cum
524 3841 693 3920 ripostolo:
718 3843 861 3920 reposita
884 3849 935 3904 est
958 3841 1037 3902 mihi
1053 3856 1177 3902 corona
1200 3839 1342 3901 iustitiae
1357 3873 1398 3882 —

157 3931 282 3987 tantum
305 3922 548 3990 misericordiae
573 3927 638 4006 Dei,
661 3929 753 3989 ouius
778 3929 945 4008 proprium
968 3936 1019 3990 est
1043 3927 1189 3990 misereri
1212 3943 1343 4004 semper
1366 3934 1400 3988 et

286 4168 398 4221 Haecce
417 4169 516 4221 omnia
535 4169 746 4234 perpendentes
772 4169 856 4220 etad
877 4170 989 4220 viscera
1016 4170 1131 4221 vestrae
1150 4168 1283 4222 caritatis
1303 4170 1405 4234 appel·

254 4240 348 4292 lantes
367 4240 420 4291 has
440 4239 551 4292 litteras
570 4241 721 4303 tamquam
742 4237 849 4306 pignus
868 4238 991 4290 unitatis
1011 4237 1266 4303 fraternitatisque
1279 4237 1403 4290 Vestrae

254 4309 492 4362 commendamus
511 4307 668 4370 dilectioni,
688 4323 787 4373 preces
807 4307 926 4361 insimul
940 4309 1063 4360 Vestras
1082 4323 1134 4373 pro
1155 4307 1233 4360 felici
1252 4307 1331 4360 exitu
1352 4307 1407 4359 hu-

256 4378 377 4431 millime
396 4379 596 4444 impetrantes.

291 4463 409 4527 Rornae,
422 4465 469 4518 die
479 4463 542 4519 XX.
554 4464 619 4517 lulli
632 4479 657 4515 a.
669 4480 690 4516 s.
703 4463 779 4517 1907.
794 4463 954 4528 Collegium
965 4478 1101 4530 graeoum
1112 4463 1148 4515 de
1160 4463 1187 4516 S.
1201 4461 1360 4514 Athanasio
1371 4461 1401 4512 P.

380 4595 389 4604 ·
417 4539 530 4636 'Hugo
555 4566 787 4620 Athanasius
808 4566 962 4618 Gaisser
985 4566 1015 4618 0.
1036 4567 1061 4616 S.
1082 4566 1123 4627 B,

308 4637 412 4690 Reotor
431 4637 561 4690 eiusdem
581 4639 661 4690 Pont.
681 4635 803 4704 Collegii
822 4635 923 4688 Graeci
943 4633 1002 4700 (via
1023 4634 1153 4686 Babuino
1173 4633 1244 4700 149),

456 4708 626 4759 l'raesideus
646 4705 824 4773 t'ongressus
844 4704 1099 4770 tlhrysostomlani.
