3450 5342
681 438 869 493 -125-

150 624 184 681 fit
206 622 366 683 discrimen
388 624 439 695 ita,
462 634 494 681 ut
516 621 584 681 libri
609 624 866 683 deuterocanouici
883 626 1069 703 appellentur
1082 626 1216 685 verbiss.
1230 627 1397 699 Athanasii,

146 712 197 789 qui
221 710 305 783 dicit,
328 730 378 769 eos
400 710 489 769 utiles
511 730 577 769 esse
599 710 638 769 ad
660 710 845 789 legendum!t

252 798 293 856 Ut
315 800 489 875 praesertim
512 797 603 857 falsas
633 799 788 876 opiniones
820 799 949 877 prolatas
972 819 991 856 a
1013 796 1153 857 Deudero
1178 834 1216 842 —
1242 800 1398 859 ecclesiam

146 884 370 943 Moseoviticam
394 886 554 943 convenire
584 883 681 963 quoad
708 905 852 944 muouem
883 904 948 944 cum
979 885 1105 943 ecclesia
1134 886 1280 945 catholica
1304 920 1343 931 -
1368 898 1398 946 et

146 990 165 1029 a
187 970 343 1030 Zachokhe
367 1005 407 1015 -
430 970 616 1030 Philaretum
638 972 765 1050 primum
799 972 928 1031 alienam
963 992 981 1031 a
1014 970 1197 1031 traditiouali
1231 973 1396 1033 doctrinam

144 1078 325 1136 propagasse
347 1090 389 1103 -
412 1068 566 1128 everteret,
589 1058 763 1118 Alexander
786 1056 1061 1131 Dombrovski,
1085 1058 1221 1119 sacerdos
1244 1062 1395 1119 seminarii

147 1146 179 1202 in
202 1144 320 1216 Kovuo,
343 1146 462 1223 scripsit
491 1147 522 1204 iu
545 1146 648 1204 Revue
670 1144 803 1225 biblique
817 1142 845 1223 9)
868 1148 1154 1219 commentationem,
1184 1146 1235 1205 ubi
1258 1147 1395 1225 allegetis

147 1232 221 1291 locis
244 1252 281 1290 ex
296 1232 471 1310 theologicis
490 1231 575 1291 libris
590 1232 819 1291 orthodoxorum
841 1235 1013 1313 scriptorum
1032 1232 1233 1293 demonstrare
1256 1234 1320 1293 vult
1334 1236 1395 1293 iam

147 1339 200 1396 per
228 1326 322 1377 totum
351 1319 500 1377 saeculum
533 1318 636 1379 XVII.
658 1319 749 1379 fnisse
778 1340 963 1381 communem
993 1318 1156 1379 doctrinam
1192 1320 1394 1399 theologorum

147 1406 315 1476 Rusaorum,
337 1403 369 1464 id
391 1404 470 1485 quod
492 1405 662 1465 Philaretus
684 1406 792 1465 docuit.

252 1491 336 1569 Quae
359 1501 404 1551 est
425 1493 517 1569 igitur
538 1491 673 1551 doctriua
695 1495 823 1552 russieae
858 1492 1000 1551 ecclesiae
1034 1492 1072 1552 de
1106 1513 1219 1553 canone
1251 1494 1392 1553 librorum

147 1578 184 1637 V.
205 1578 266 1637 ¹11?
287 1580 325 1637 lu
347 1580 482 1639 conciliis
504 1580 712 1639 ecclesiasticis
735 1600 753 1637 a
775 1581 879 1639 Ruasis
902 1582 975 1658 ipsis
998 1582 1131 1657 quaestio
1155 1580 1228 1640 haec
1243 1580 1392 1660 hucusque

144 1664 247 1725 decisa
279 1686 339 1725 non
360 1675 406 1725 eat
421 1662 470 1746 ¹⁰),
503 1665 621 1745 quade
656 1686 745 1725 causa
767 1669 815 1743 agi
850 1676 946 1745 petest
977 1666 1158 1727 solummodo
1192 1666 1229 1727 de
1259 1667 1394 1727 doctrina

144 1752 327 1831 singulorum
354 1754 515 1813 Russorum
537 1754 740 1831 theologorum
773 1756 805 1812 in
827 1752 1016 1813 catechismis
1050 1764 1079 1812 et
1101 1754 1276 1833 theologicis
1308 1754 1394 1814 libris

144 1838 315 1918 approbatis
337 1851 368 1898 et
389 1838 428 1899 ad
451 1838 580 1899 studium
602 1843 792 1919 praescriptis
814 1861 833 1899 a
854 1861 877 1899 s.
900 1839 1023 1921 syuodo.

251 1927 413 1987 Ruaaorum
433 1927 566 2005 theologi
587 1936 745 1987 numerant
765 1928 844 1987 inter
866 1925 1048 2005 dogmaticos
1067 1946 1179 1986 errores
1202 1929 1234 1985 iu
1256 1926 1392 1988 doctrina

142 2012 297 2074 Romanae
319 2013 463 2074 ecclesiae
491 2016 583 2073 etiam
611 2013 926 2092 discrepantiam
949 2012 1047 2093 quoad
1070 2033 1222 2073 numerum
1249 2012 1390 2075 librorum

144 2120 295 2159 sacrorum
317 2099 355 2159 V.
375 2102 410 2159 F.
433 2101 471 2161 In
491 2097 569 2159 libro
590 2122 610 2160 a
631 2120 653 2159 s.
675 2100 790 2181 synodo
812 2100 852 2161 ad
874 2121 958 2161 usum
982 2101 1204 2161 seminariumm
1229 2100 1391 2181 approbato

142 2184 352 2272 IIporpamra
372 2185 644 2251 connunresaaru
662 2184 869 2249 Eorocnosia
890 2206 959 2263 ,nna
979 2205 1191 2273 nyssenam,
1205 2187 1393 2273 cenunapih

142 2274 283 2351 legimus:
309 2274 465 2348 ,Deiectio
486 2294 626 2334 romanae
648 2275 790 2334 ecclesiae
813 2294 832 2332 a
853 2272 990 2333 doctrina
1011 2274 1155 2334 ecclesiae
1177 2278 1365 2337 musicae...
1385 2299 1391 2335 :

139 2361 178 2420 ln
200 2360 332 2421 fontibus
357 2358 510 2421 doctrinae
532 2362 623 2424 eccl:
655 2361 703 2420 De
726 2380 810 2421 sacra
831 2364 976 2441 scriptura
1005 2371 1035 2420 et
1055 2358 1228 2421 traditione:
1250 2361 1391 2423 Adiectio

137 2450 247 2509 canoni
269 2448 307 2507 V.
316 2448 355 2508 T.
366 2448 507 2508 librorum
531 2448 784 2529 apocryphorum“
799 2444 850 2526 ¹¹).
873 2448 949 2526 Eug.
971 2447 1175 2526 Uspenski
1180 2450 1193 2524 j
1206 2444 1245 2525 12)
1269 2448 1306 2507 de
1329 2470 1390 2509 me·

133 2543 249 2595 monto
258 2535 412 2596 Ecclesiae
434 2536 600 2595 catholicae
627 2541 759 2609 ,emore“
782 2555 883 2613 gens,
906 2535 980 2594 haec
1003 2534 1089 2595 dicit:
1117 2535 1272 2609 ,Deiectio
1294 2536 1389 2595 eccle·

134 2624 200 2683 aiae
221 2642 360 2683 romanae
395 2622 434 2682 ab
457 2620 621 2682 orthodoxa
643 2624 779 2682 consistit
800 2625 833 2681 iu
854 2624 959 2702 primis
992 2624 1023 2681 in
1046 2642 1089 2695 eo,
1112 2621 1191 2701 qnod
1216 2620 1252 2680 de
1275 2642 1389 2682 canone

135 2708 278 2769 librorum
301 2710 339 2772 V.
360 2708 503 2769 Foederis
525 2728 609 2769 accus
630 2709 751 2769 iudicat.
774 2755 781 2767 .
804 2754 811 2767 .
835 2754 842 2767 .
864 2708 984 2769 Ducena
999 2710 1080 2769 euim
1094 2711 1306 2769 convenienter
1321 2730 1387 2769 cum

137 2796 267 2855 ecclesia
295 2796 461 2856 orthodoxa
488 2796 620 2855 Verbum
650 2797 709 2855 Dei
741 2799 760 2855 i.
787 2816 813 2855 e.
844 2796 964 2855 Sacram
996 2796 1176 2874 Scriptorum
1206 2806 1237 2855 et
1265 2798 1386 2855 Sacram

137 2882 347 2943 Traditiouem
367 2885 487 2943 unicum
509 2882 661 2943 doctrinae
682 2883 863 2943 christianae
875 2882 986 2942 sontem
1004 2882 1158 2941 habendas
1172 2902 1245 2959 esse,
1261 2884 1387 2943 ecclesia

139 2970 277 3029 Romana
304 2973 426 3031 recessit
452 2970 490 3029 ab
520 2969 685 3029 orthodoxa
713 2972 745 3029 iu
775 2969 911 3028 doctriua
932 2968 970 3028 de
993 2972 1084 3028 Sacra
1116 2969 1267 3047 Scriptura
1289 2972 1319 3029 in
1343 2992 1386 3041 eo,

136 3055 218 3136 quod
245 3056 387 3117 librorum
417 3057 453 3115 V.
476 3058 511 3115 F.
540 3053 684 3116 canonem
718 3066 813 3134 auget,
846 3056 980 3115 adiciens
1002 3055 1087 3115 libris
1119 3058 1269 3115 canonicis
1292 3057 1328 3115 t'.
1351 3056 1386 3116 F.

136 3145 230 3203 etiam
253 3164 313 3203 non
334 3146 521 3203 canonicos“.
544 3188 551 3202 .
574 3190 581 3202 .
605 3189 611 3201 .
634 3144 825 3202 Enumeratio
853 3142 938 3201 libris
968 3142 1239 3201 deuterocauouicis
1270 3146 1386 3221 pergit:

142 3228 275 3303 „Omnes
297 3230 351 3290 hoa
372 3228 464 3291 libros
486 3230 613 3289 eeclesia
633 3231 770 3289 Romana
791 3232 875 3287 iuxta
891 3228 1093 3289 definitionem
1110 3248 1190 3289 conc.
1213 3230 1384 3289 'l'rideutini

134 3319 251 3395 corpori
281 3320 489 3377 canonicorum
519 3316 660 3377 libromm
690 3314 827 3395 adiungit
855 3314 1040 3395 eandemque
1071 3330 1159 3395 atque
1189 3315 1236 3375 his
1260 3320 1384 3375 auctori-

132 3412 228 3463 tatam
250 3406 294 3463 eis
316 3404 458 3463 attribuit
481 3405 546 3463 lam
567 3424 638 3463 vero
660 3402 692 3461 id
714 3405 894 3461 contrarium
916 3412 961 3461 est
983 3402 1135 3461 doctrinae
1158 3422 1192 3461 ac
1215 3401 1285 3461 fidei
1308 3405 1385 3463 auti-

132 3509 212 3570 qnae
241 3491 384 3550 ecclesiae
413 3490 557 3562 iudaicae,
591 3510 666 3571 quae
695 3488 856 3549 secuudum
879 3488 1004 3549 eandem
1037 3488 1125 3548 fidem
1148 3492 1247 3549 omnia
1269 3492 1383 3569 piorum

133 3580 267 3637 virorum
299 3580 417 3658 scripta,
449 3588 515 3656 post
548 3586 675 3637 aetatem
704 3576 913 3655 prophetarum
937 3579 968 3635 in
999 3576 1094 3636 lucem
1124 3578 1233 3635 emissa
1256 3588 1343 3655 atque
1367 3598 1385 3635 a

133 3665 240 3723 latinis
269 3662 414 3724 divinitus
454 3666 599 3743 inspirata
624 3662 735 3735 habita,
769 3666 906 3742 quamvis
942 3683 1120 3742 magnopere
1155 3672 1317 3735 veneretur,
1351 3665 1383 3722 in

133 3770 281 3811 canonem
301 3760 402 3825 tamen
423 3750 565 3810 librorum
587 3749 731 3809 divinitus
753 3752 962 3829 inspiratorum
978 3770 1164 3829 nequaquam
1187 3750 1308 3820 rettulit,
1332 3750 1382 3809 sed

199 3954 222 4021 ⁹)
240 3954 405 4010 Alexander
421 3952 621 4019 Domhrovshi,
650 3952 692 4007 La
709 3952 837 4009 doctrine
864 3952 901 4007 de
917 3952 1027 4021 l'eglise
1046 3966 1123 4007 rusae
1145 3958 1174 4006 et
1191 3952 1218 4006 le
1237 3966 1327 4008 canon
1345 3952 1382 4007 de

241 4024 368 4079 l'Aucien
386 4022 558 4078 Teatameut.
577 4022 676 4077 Revue
694 4021 828 4091 biblique.
848 4022 936 4076 Paris.
956 4022 1031 4101 1901:
1050 4022 1129 4075 Tom.
1142 4020 1178 4075 X.
1185 4038 1219 4145 p.
1233 4022 1284 4077 267
1295 4023 1380 4077 -2ῖ7,

188 4093 223 4162 ¹⁰)
242 4092 297 4148 cn.
316 4092 350 4149 G.
369 4090 771 4157 Smiruov-Platouor‚
794 4092 1052 4145 Heaanonnsecam
1073 4108 1164 4145 suurn
1207 4108 1313 4145 erxaro
1334 4092 1383 4143 3η-

239 4166 316 4217 abra
333 4162 363 4217 in
380 4164 523 4232 Ilpaaocu.
543 4162 711 4231 Ouespasie
732 4162 807 4215 1862.
821 4162 865 4215 [Χ.
885 4178 912 4231 p.
931 4161 974 4227 24,
990 4191 1020 4199 ·-
1041 4162 1073 4214 P.
1091 4160 1111 4215 J
1120 4177 1165 4215 uu
1175 4176 1271 4230 gero
1282 4178 1308 4225 v,
1329 4163 1383 4215 06-

241 4250 304 4296 mee
323 4248 685 4301 ncropnnoapnrnsecnoe
706 4232 841 4294 suenonis
868 4248 906 4285 ss
926 4246 1111 4293 enumerantur
1131 4234 1384 4284 nerxosaahrnsm

241 4320 341 4356 suurn.
361 4302 485 4355 Kaaass.
505 4302 581 4355 1902.
600 4318 627 4370 p.
645 4300 704 4355 204.

184 4372 220 4439 ¹¹)
238 4370 269 4427 P.
288 4372 319 4426 l:
348 4371 545 4441 Orcrynuenie
564 4366 701 4441 puucaoir
729 4384 843 4439 uepaau
861 4385 920 4448 orn
948 4364 1172 4438 upasocuanuoir
1191 4386 1231 4423 sn
1259 4369 1381 4439 psentia:

235 4441 380 4497 ...Oba
402 4457 612 4497 aerumnam
630 4456 817 4509 nepsoauaro
835 4455 957 4508 yseuiu:
986 4438 1229 4501 camliacense
1253 4456 1271 4493 n
1289 4456 1379 4501 casm.

237 4510 383 4581 llpenaain
402 4552 410 4564 .
429 4551 461 4565 ..
489 4510 654 4563 anamnesis
673 4511 950 4565 aerxoaanhrsana
969 4510 1264 4577 auonpuspusecnnxn
1284 4524 1381 4563 sarira

240 4596 281 4635 aa
298 4596 389 4635 saeuo
408 4596 664 4633 msoanecaurn.

189 4647 225 4717 ¹⁸)
242 4648 315 4720 Evg.
329 4647 558 4719 Uapeuskij,
578 4649 804 4705 Odausnreuaoe
817 4646 994 4701 &recusate
1005 4646 1024 4699 ³.
1044 4645 1074 4699 C.
1087 4646 1288 4715 llerepoyprn.
1306 4646 1381 4701 1898.

240 4734 267 4788 p.
285 4718 397 4774 17-19.
415 4718 471 4774 Otr.
490 4719 573 4773 Alex.
591 4716 790 4785 nombrovskt
808 4716 908 4771 Restm
927 4714 1060 4785 biblique,
1079 4716 1098 4769 l.
1117 4730 1139 4770 c.
