3450 5342
873 494 1062 551 -186-

345 680 522 750 libertatem,
539 678 800 758 independentiam
814 682 1020 761 (sat-339).
1043 682 1243 741 'l'erritorialis
1259 683 1322 740 eius
1338 690 1467 759 potestas
1479 680 1596 761 duplici

343 768 439 827 forma
461 768 603 825 cernitur:
626 770 834 829 exterritoriali
857 780 887 829 et
911 770 1131 842 deterritoriali3
1162 771 1278 847 proprie
1301 767 1382 826 dicta
1405 769 1596 827 territorialis

346 858 396 913 20.
420 856 500 932 Sept.
526 856 609 913 18711
631 858 779 914 exstincta
809 868 854 915 eat
878 860 980 933 (etiam
1003 858 1034 915 iu
1058 856 1225 932 Vaticano).
1269 856 1406 913 Potestas
1437 858 1596 913 exterrito-

344 942 426 1001 rialis
456 948 545 1021 (quae
568 939 775 1001 deterritoriali
806 964 864 1003 uon
896 940 1075 1023 continetur)
1099 964 1192 1021 papae
1215 944 1294 1001 iutra
1318 942 1505 1013 Vaticanum,
1542 941 1596 1000 ubi

346 1029 435 1087 ltalia
466 1028 670 1086 territorialem
703 1040 878 1107 potestatem
902 1050 961 1089 non
985 1030 1083 1101 habet,
1118 1032 1235 1103 mansit,
1270 1038 1372 1107 estque
1395 1048 1466 1087 vere
1497 1028 1596 1087 forma

344 1118 506 1195 potestatis,
531 1135 589 1172 nou
612 1119 771 1175 auctoritas
793 1118 831 1177 ab
855 1117 944 1175 Italia
966 1136 1114 1175 concessa.
1138 1118 1310 1175 Sententiae
1333 1115 1370 1174 de
1387 1114 1595 1175 iurisdictione

345 1222 439 1281 papae
463 1211 589 1259 statutae
611 1221 630 1259 a
653 1202 789 1275 Scaduto,
821 1204 933 1275 Palma,
958 1202 1064 1275 trabib,
1088 1202 1229 1275 Orlaudo‚
1253 1224 1271 1261 a
1294 1202 1440 1269 Soderiui,
1463 1202 1594 1275 Olivart,

346 1287 483 1357 Giobbio,
514 1288 607 1359 Corsi,
639 1289 813 1349 Farabulini
834 1300 899 1361 etc,
930 1310 948 1349 a
971 1290 1093 1363 Calisse,
1125 1289 1252 1367 Bonghi,
1284 1289 1398 1361 Gabba,
1432 1290 1595 1363 Brunialti,

345 1376 492 1452 Miraglia,
513 1375 775 1454 Leroy-Beaulieu,
799 1378 951 1447 (ietl'cken,
975 1387 1173 1456 exponuntur3
1198 1379 1260 1455 ipse
1274 1376 1392 1453 Bajkov
1408 1379 1499 1435 sentit
1519 1378 1596 1436 haec

346 1462 385 1541 (p.
410 1464 606 1539 273—2ts):
636 1464 664 1521 S.
688 1463 780 1522 Sedes
803 1466 848 1523 ius
872 1464 962 1524 habet
985 1464 1143 1523 exercendi
1166 1482 1279 1523 morum
1301 1462 1519 1542 praefecturam
1541 1484 1596 1521 ne-

346 1551 504 1608 eessariam
528 1548 567 1607 ad
589 1550 800 1609 consulendum
822 1554 902 1610 iutra
925 1552 1102 1610 Vaticanum
1126 1553 1276 1609 securitati
1299 1552 1330 1609 in
1353 1570 1469 1627 genere,
1495 1562 1526 1608 et
1549 1572 1597 1609 se-

347 1638 465 1695 curitati
496 1656 589 1713 papae
617 1638 791 1712 singillatim
822 1650 851 1696 et
884 1638 922 1696 ad
951 1638 1044 1697 libere
1074 1637 1240 1696 exercenda
1269 1658 1344 1715 quae
1375 1635 1412 1693 ad
1436 1637 1595 1715 religionis

346 1722 634 1781 administrationem
657 1727 814 1801 pertinent.
838 1724 953 1783 Eadem
977 1728 1021 1789 ius
1045 1724 1134 1783 habet
1157 1724 1325 1783 exercendi
1340 1726 1440 1782 omnia
1463 1726 1595 1802 negotia,

347 1830 423 1889 quae
442 1808 480 1867 ad
503 1808 790 1870 administrationem
802 1813 941 1871 Vaticani
966 1813 1142 1884 referentum
1166 1814 1236 1870 item
1260 1810 1296 1868 ad
1321 1810 1519 1869 exercendam
1542 1832 1598 1889 po-

347 1906 484 1956 testatem
509 1894 677 1955 iudicialem
702 1901 733 1979 ip
757 1899 843 1958 rebus
867 1898 1078 1958 iurisdictionis
1101 1899 1208 1960 civilis.
1236 1908 1417 1956 nontamen
1441 1900 1472 1955 iu
1495 1901 1597 1957 causis

346 1984 481 2062 publicis.
513 2018 549 2024 -
575 1984 712 2042 l'ositira
734 1985 828 2043 forma
850 1988 1005 2064 potestatis
1029 1986 1191 2064 personalis
1215 2007 1228 2043 s
1263 1984 1348 2043 Sedis
1371 1987 1433 2041 iure
1457 1983 1596 2043 domina-

345 2073 443 2140 tionis,
479 2090 566 2148 quam
597 2073 628 2127 in
651 2092 770 2148 gregem
803 2094 887 2130 suurn
915 2076 1121 2150 cuiuscumque
1153 2073 1291 2131 territorii
1323 2070 1421 2135 habet,
1454 2074 1596 2144 cernitur,

346 2159 486 2234 negativa
509 2156 681 2215 exclusione
704 2160 827 2217 aliorum
844 2155 1055 2218 dominationis
1079 2159 1185 2217 similis
1208 2162 1239 2217 in
1262 2179 1381 2235 gregem
1405 2158 1596 2221 catholicum.

450 2240 622 2301 Subiectiva
644 2244 766 2305 libertas
789 2268 811 2305 s.
825 2245 911 2304 Sedis
928 2246 1075 2305 obiectivri
1100 2245 1236 2304 libertate
1253 2246 1395 2303 ecelesiae
1418 2248 1597 2317 continetur,

345 2351 382 2387 ex
406 2332 552 2388 contrario
576 2350 634 2388 nou
658 2334 727 2390 item
752 2333 967 2411 (328—331);
992 2333 1157 2391 subiectira
1180 2333 1323 2391 ecclesiae
1346 2342 1475 2411 potestas
1499 2332 1621 2391 formal·

346 2419 409 2475 eius
432 2417 525 2493 regali
549 2420 734 2492 continetur3
770 2421 891 2497 politica
913 2440 1007 2498 papae
1031 2422 1228 2497 emancipatio
1251 2439 1316 2479 cum
1339 2418 1506 2477 subiectiia
1529 2422 1596 2478 eius

345 2503 482 2562 libertate
504 2504 665 2563 cohaerens
688 2519 718 2563 et
741 2508 909 2586 territoriali
934 2502 1167 2585 (exterritoriali)
1190 2508 1327 2585 potestati
1351 2508 1449 2564 euriae
1473 2505 1596 2566 adnexa

346 2590 481 2649 condicio
505 2594 673 2649 necessaria
695 2603 740 2651 est
763 2594 873 2652 formae
896 2596 1004 2672 regalis
1027 2595 1182 2668 ecclesiam
1207 2594 1280 2651 haec
1304 2596 1368 2651 siue
1390 2593 1444 2651 illa
1466 2596 1593 2669 cogitari

347 2680 451 2756 nequit
475 2677 681 2755 (325-328).
726 2680 863 2739 Libertas
893 2680 1041 2739 obiectiva
1072 2681 1213 2739 ecclesiae
1244 2680 1407 2739 catholicae
1432 2678 1523 2758 (quod
1546 2691 1595 2739 est

347 2764 443 2823 ideale
460 2764 623 2823 subiectum
639 2766 795 2843 religiosae
815 2766 982 2849 potestatis)
999 2780 1027 2825 ot
1040 2767 1204 2827 subiectiva
1227 2765 1348 2825 libertas
1363 2765 1486 2825 subiecti
1502 2768 1595 2825 realis

348 2854 502 2930 potestatis
536 2854 697 2930 spiritualis
726 2856 854 2932 (papae),
889 2858 1031 2932 praestita
1060 2854 1147 2913 huius
1182 2854 1499 2927 „exterritorialitate“,
1533 2853 1595 2913 duo

348 2940 515 2997 necessaria
548 2940 695 2996 elementa
729 2940 904 3018 aptitudinis
939 2963 960 2999 s.
993 2941 1078 3000 Sedis
1112 2940 1149 3000 ad
1183 2943 1229 2999 ius
1263 2941 1490 2999 internatiouale
1524 2952 1596 3000 sunt

346 3024 553 3105 (3311-3311.

451 3113 639 3189 Principatus
663 3134 684 3171 s.
708 3113 802 3180 Sedis,
833 3114 988 3191 religiosus
1010 3124 1040 3172 et
1063 3115 1230 3183 saecularis,
1253 3116 1420 3173 continetur
1442 3112 1594 3171 obiectiva

345 3198 482 3257 libertate
498 3200 641 3257 ecclesiae
657 3200 829 3270 catholicae,
852 3221 911 3259 non
935 3200 1178 3278 independentisl3
1203 3201 1360 3259 saecularis
1384 3203 1474 3258 ctiam
1495 3199 1594 3258 subie-

346 3288 426 3344 ctivti
444 3285 580 3344 libertate
595 3298 729 3364 papatus,
752 3288 906 3365 religiosus
923 3309 981 3345 non
998 3290 1077 3350 item.
1102 3286 1346 3366 Independentia,
1370 3307 1428 3365 qua
1444 3286 1594 3345 obiectira

346 3395 368 3431 s.
387 3373 473 3431 Sedis
488 3371 609 3431 libertas
631 3394 690 3431 non
713 3377 887 3441 continetur,
910 3376 975 3452 ipsa
998 3384 1027 3432 ct
1049 3373 1197 3433 obieetiva
1220 3386 1249 3433 et
1269 3374 1432 3433 subiectira
1455 3372 1594 3432 libertate

346 3470 376 3518 et
391 3462 558 3539 principatu
581 3460 724 3518 ccclesiae
747 3460 911 3519 catholicae
935 3464 1108 3519 continetur.

453 3550 480 3605 2.
504 3548 657 3624 Expositis
680 3568 707 3624 p.
732 3550 900 3606 att-361
926 3551 1017 3606 variis
1040 3550 1195 3607 sententiis
1218 3547 1256 3605 de
1279 3546 1445 3626 aptitudine
1469 3556 1594 3625 papatus

347 3633 386 3691 ad
409 3636 453 3692 ius
476 3634 705 3692 internationale
728 3636 824 3712 agitur
847 3633 884 3692 de
907 3637 1054 3694 universis
1078 3656 1099 3693 s.
1117 3634 1202 3694 Sedis
1225 3633 1337 3693 iuribus
1360 3634 1525 3712 officiisque
1547 3636 1595 3691 in-

347 3720 593 3779 ternetionalibus
617 3720 656 3799 (p.
681 3719 878 3796 361—399);
903 3743 978 3801 quae
1001 3720 1038 3779 de
1061 3722 1108 3780 his
1132 3742 1220 3800 supra
1242 3724 1274 3780 iu
1297 3742 1404 3799 genere
1428 3722 1467 3799 (p.
1491 3720 1540 3793 11,
1565 3740 1594 3779 n.

349 3809 380 3884 2)
404 3819 513 3866 statuta
535 3818 611 3879 sunt,
634 3807 691 3865 huc
713 3809 937 3867 transferuntur.

452 3896 526 3953 Item
561 3896 647 3951 tertio
670 3894 710 3973 (p.
734 3892 918 3970 aea-sos)
949 3905 978 3953 et
1008 3906 1111 3974 quarto
1142 3895 1181 3975 (p.
1205 3894 1390 3975 tos-437)
1420 3893 1484 3952 loco
1515 3914 1591 3972 quae

347 3979 460 4039 eisdem
484 3982 556 4039 locis
580 3982 611 4039 in
633 4002 742 4058 genere
764 3981 845 4040 dicta
868 3992 943 4053 sunt,
967 3984 998 4040 in
1023 4004 1045 4041 s.
1069 3982 1176 4041 Sodem
1199 3980 1465 4039 accommodantur.
1497 3980 1593 4039 Inter-

348 4067 514 4126 uationales
538 4067 679 4125 iuridicae
702 4068 918 4139 satisdationes,
942 4068 1047 4148 quibus
1071 4090 1108 4127 ne
1131 4072 1162 4127 in
1185 4068 1272 4127 rebus
1295 4070 1396 4126 mixtis
1419 4070 1450 4126 in
1472 4077 1593 4126 couten-

346 4157 457 4213 tiouem
481 4156 603 4212 veniant
625 4156 780 4233 imperium
803 4167 832 4213 et
856 4176 878 4212 s,
892 4155 983 4214 Sedes
1007 4165 1135 4226 cavetur,
1160 4166 1240 4213 sunt:
1265 4158 1414 4232 utriusque
1439 4156 1591 4233 potestatis

347 4240 518 4319 (saecularis
541 4250 570 4298 et
593 4240 767 4318 spiritualis)
790 4242 897 4315 officia,
925 4243 1066 4301 ccclesiae
1090 4264 1156 4301 cum
1179 4251 1323 4320 potestate
1346 4241 1428 4299 civili
1451 4252 1480 4299 et
1503 4241 1589 4299 huius

347 4349 413 4387 cum
437 4328 490 4386 illa
513 4330 645 4397 societas,
670 4330 714 4386 ins
737 4332 907 4387 coactionis.

451 4413 635 4494 Appendicis
667 4418 761 4473 instar
789 4415 892 4474 addita
922 4424 966 4475 est
990 4416 1038 4473 lex
1073 4418 1121 4475 13.
1145 4416 1205 4474 Mai
1233 4418 1312 4473 1871
1339 4414 1400 4473 lata
1421 4415 1533 4492 (italice
1565 4422 1593 4472 et

347 4506 470 4580 russiae)
494 4525 521 4581 p.
545 4504 631 4560 439-
653 4505 726 4559 447.

454 4590 509 4648 l'el
526 4610 563 4647 ex
580 4588 663 4647 brevi
687 4600 845 4666 conspectu
870 4588 923 4646 lroc
947 4590 1135 4647 manifestum
1159 4598 1203 4647 est
1218 4587 1324 4646 librom
1348 4588 1426 4647 hunc
1442 4586 1593 4646 doctrinae

347 4676 476 4755 plenum,
499 4678 563 4733 sine
586 4678 631 4733 ira
652 4685 681 4733 et
705 4675 802 4733 studio
825 4678 966 4753 scriptum
991 4674 1197 4753 dignissimum
1222 4696 1294 4745 esse,
1318 4677 1368 4753 qui
1392 4676 1515 4753 legatur.

1401 4756 1438 4823 F.
1462 4742 1550 4823 Zet.
