3450 5342
715 349 883 407 „73-

178 561 238 619 qua
268 561 356 599 unum
387 541 425 599 ad
455 540 580 599 alremm
609 551 759 620 tamquam
791 541 918 600 medium
942 539 980 600 ad
1003 540 1091 598 tinem
1116 537 1353 618 consequendum
1377 562 1421 600 re-

178 625 278 691 fertur,
301 625 425 706 ideoque
444 637 556 705 spectat
580 627 617 686 ad
640 628 773 687 ordinem
790 628 988 704 ontologieum
1004 637 1033 686 et
1049 625 1235 694 obiectirnm,
1260 629 1305 684 eui
1330 629 1419 686 etiam

178 713 307 772 obnoxia
336 724 404 773 sunt
433 717 515 773 entia
544 715 746 781 irrationalia;
775 725 804 773 et
825 717 897 793 quia
918 714 967 772 hic
991 711 1192 792 independens
1215 721 1258 771 est
1283 734 1298 771 a
1322 723 1422 772 nostra

177 803 355 878 cognitione,
378 802 513 878 ignorata
537 823 594 860 non
618 811 738 861 excusat
767 801 874 880 [neque
906 803 985 860 enim
1015 798 1104 858 medii
1136 799 1302 866 causalitas,
1326 820 1421 882 neque

178 889 243 966 ipsa
273 890 346 945 ratio
377 885 559 946 condicionis
582 908 634 966 pro
656 889 760 946 effectu
782 887 946 967 postulatae
970 907 1021 966 per
1043 888 1192 966 operantis
1223 889 1421 964 ignorantiam

177 974 348 1052 suppleturi.
371 975 515 1051 Neglecta
537 995 607 1032 vero
630 995 688 1034 nou
711 995 827 1052 sempor
848 973 953 1033 fundat
966 973 1081 1050 eulpam
1094 973 1302 1052 (poenamque
1316 985 1417 1032 contra

179 1063 357 1122 Anastas.
393 1063 474 1118 Sin..
504 1062 647 1138 Interrog.
671 1061 752 1138 130),
775 1059 827 1120 scd
843 1063 973 1139 aliquam
993 1062 1195 1138 impotentiam
1219 1059 1417 1139 consequendi

178 1147 265 1205 tinem
290 1150 443 1205 intentum.
466 1183 504 1190 —
518 1147 676 1226 Multiplex
700 1162 796 1206 autem
809 1160 854 1206 est
864 1150 1025 1208 necessitas
1049 1147 1147 1206 mmlii.
1172 1148 1202 1205 δί
1227 1149 1305 1206 enim
1329 1169 1419 1206 unum

179 1234 242 1291 sine
265 1233 357 1292 altero
380 1233 506 1292 obtineri
530 1233 649 1312 quidem
672 1246 775 1314 potest,
799 1234 850 1293 sed
874 1255 938 1293 cum
964 1253 1071 1310 magna
1090 1233 1272 1304 difficultate,
1296 1233 1421 1293 habetur

179 1323 338 1378 necessitas
363 1319 450 1378 medii
476 1321 578 1380 latiore
600 1343 688 1380 sensu
711 1335 831 1400 accepta
853 1342 904 1380 eeu
928 1321 1096 1391 moralis,
1127 1341 1202 1398 quae
1226 1323 1332 1379 iterum
1355 1341 1421 1380 suos

180 1405 268 1464 habet
290 1407 406 1484 gradus.
441 1410 473 1466 si
506 1429 576 1466 vcro
605 1429 693 1467 unum
725 1411 789 1468 sine
819 1408 911 1466 altero
943 1407 1116 1486 simpliciter
1148 1405 1274 1465 obtineri
1309 1410 1419 1486 nequit,

177 1491 303 1552 habetur
335 1497 494 1553 necessitas
518 1494 607 1554 medii
632 1497 747 1574 proprie
770 1493 861 1555 dicta:
875 1505 903 1552 et
918 1495 990 1553 baec
1006 1493 1109 1552 estrei
1135 1494 1420 1574 metaphysica,

179 1601 254 1658 quae
284 1583 375 1638 oritur
403 1601 441 1639 ex
472 1584 607 1640 essentiis
639 1603 734 1640 rerum
765 1582 801 1658 (e.
832 1603 874 1658 gr.
906 1583 1065 1640 necessitas
1096 1601 1201 1640 erosae
1225 1582 1261 1638 ad
1286 1582 1420 1639 eil'ectum

179 1665 360 1743 habendum)
378 1669 423 1726 rel
449 1668 495 1746 ph
505 1664 637 1748 ysici?
652 1667 823 1748 (Hurter,
835 1667 992 1746 'l'lr.dogm‚
1008 1667 1160 1746 compend.
1176 1679 1196 1726 t.
1215 1667 1271 1728 lll.
1290 1668 1330 1730 th.
1346 1665 1421 1748 196)

177 1775 203 1818 e,
226 1775 267 1831 gr.
291 1754 453 1835 iurisdictio
476 1754 514 1812 ad
536 1766 658 1833 peccata
681 1754 857 1814 remittenda
883 1791 931 1826 —,
954 1775 1029 1833 quae
1052 1754 1100 1812 rel
1124 1776 1161 1812 ex
1185 1757 1297 1834 naturis
1321 1776 1416 1813 rerum

176 1843 276 1911 oritur,
310 1841 358 1899 vel
381 1863 417 1899 cx
441 1840 533 1898 libera
557 1843 614 1900 Dei
638 1844 830 1912 institutione,
864 1863 903 1902 sc.
938 1844 1008 1910 eius,
1043 1844 1087 1900 eui
1121 1853 1165 1900 ost
1199 1850 1328 1919 potestas
1351 1843 1419 1906 finis

179 1928 302 1985 alicuius
334 1927 521 2007 adeptionem
551 1949 616 1987 cum
648 1936 727 1987 certo
757 1927 883 2006 quodam
916 1928 1012 1986 medio
1035 1927 1238 1986 connectendi.

288 2015 446 2073 Praeterea
468 2014 571 2073 eadem
603 2018 770 2086 necessitas,
801 2036 889 2094 quam
921 2017 1084 2094 oppositam
1109 2014 1211 2073 morali
1236 2013 1419 2092 appellemus

178 2104 335 2179 propriam,
365 2104 396 2160 in
420 2105 623 2160 necessitatem
655 2103 801 2161 stricte
825 2101 933 2160 dictam
958 2111 986 2159 et
1010 2103 1040 2159 in
1064 2105 1269 2160 necessitatem
1293 2103 1420 2160 latins

180 2187 288 2246 dictam
320 2190 385 2266 (seu
420 2189 737 2267 privilegiatam)
767 2205 797 2246 ct
826 2187 1067 2266 ipsa'dispertiri
1109 2197 1213 2266 potest.
1250 2189 1335 2246 Prior
1369 2188 1420 2246 illa

179 2286 271 2352 urget,
294 2295 358 2334 cum
383 2273 520 2342 medium,
539 2274 576 2334 de
599 2297 656 2353 quo
679 2277 784 2353 agitur,
806 2296 838 2333 re
860 2277 926 2354 ipsa
948 2295 998 2332 seu
1021 2287 1087 2332 actu
1111 2277 1141 2333 in
1165 2295 1196 2334 sc
1220 2272 1419 2333 adhibendum

180 2370 236 2421 est:
266 2362 385 2420 telier.
408 2385 435 2437 g.
459 2374 504 2420 est
527 2365 686 2421 necessitas
709 2365 821 2438 gratiae
844 2383 896 2440 pro
929 2363 1021 2420 salute
1054 2364 1240 2440 sempiterna,
1265 2361 1332 2420 fidei
1368 2383 1419 2440 pro

179 2449 386 2506 iustificatione
415 2448 589 2508 adultomm,
624 2448 729 2508 Altera
757 2448 848 2520 adest,
884 2469 947 2506 eum
983 2448 1112 2506 medium
1146 2451 1188 2507 ita
1223 2451 1416 2506 necessarium

180 2547 231 2603 est,
263 2546 292 2593 ut
316 2535 464 2612 applicare
488 2534 561 2593 illud
584 2537 701 2593 interim
732 2536 859 2594 sufficiat
882 2538 911 2592 in
937 2547 1036 2606 rote,
1066 2538 1084 2592 i.
1116 2558 1139 2593 e.
1168 2539 1198 2594 iu
1229 2538 1306 2594 seria
1328 2537 1420 2593 animi

180 2622 344 2679 voluntate:
380 2623 475 2700 qualis
498 2644 526 2682 r.
558 2644 585 2699 g.
610 2630 653 2680 est
677 2623 837 2680 necessitas
872 2621 1019 2699 baptismi.
1048 2621 1134 2698 Quod
1166 2631 1264 2680 tamen
1294 2643 1352 2680 non
1380 2625 1421 2678 ita

180 2708 384 2785 accipiendum
408 2711 545 2786 est,quasi
577 2708 712 2766 voluntas
743 2708 806 2766 sola
821 2707 990 2786 applicandi
1015 2708 1103 2766 medii
1135 2729 1186 2787 pro
1211 2709 1418 2766 iustificatione

180 2797 308 2854 instituti
331 2797 421 2852 etiam
444 2797 562 2853 interim
593 2789 727 2866 sufficiat,
758 2793 810 2852 sed
840 2793 918 2872 quod
942 2793 1120 2853 desiderium
1144 2795 1233 2854 medii
1258 2795 1418 2874 recipiendi

180 2900 208 2940 ct
237 2885 418 2959 propositum
441 2881 572 2940 eiusdem
611 2881 770 2960 expetendi
807 2881 933 2938 sufficiat
964 2885 1150 2940 coniunctum
1181 2881 1299 2940 alteri
1334 2883 1420 2953 actui,

180 2983 211 3026 ut
234 2969 365 3026 caritatis
388 2969 436 3026 vel
459 2970 655 3041 contritionis;
679 2971 710 3026 in
733 2989 790 3046 que
822 2968 914 3026 altero
946 2977 1012 3026 actu
1035 2979 1143 3036 rotem,
1174 2968 1210 3026 de
1235 2989 1291 3047 (luo
1315 2972 1419 3044 agitur,

180 3056 356 3133 implicitum
380 3077 495 3134 quoque
518 3076 582 3114 esse
605 3067 701 3134 queat,
725 3064 868 3133 quatenus
892 3057 940 3132 qui
965 3075 1033 3113 vere
1058 3055 1153 3113 Deum
1171 3055 1283 3132 diligat,
1303 3067 1420 3134 paratus

182 3163 217 3200 eo
239 3145 303 3219 ipsc
326 3145 363 3198 sit
387 3142 425 3200 ad
456 3164 539 3201 usum
563 3141 652 3200 medii
677 3163 714 3200 ex
738 3143 923 3199 institutione
948 3141 1003 3198 liei
1028 3161 1078 3219 pro
1102 3141 1310 3200 iustificatione
1343 3163 1421 3200 asse-

203 3363 208 3374 .
235 3317 316 3372 112.

181 3337 200 3393 p
284 3322 488 3460 liecessarium
512 3404 762 3460 necessitate
786 3403 986 3479 praecepti
1012 3400 1083 3458 illud
1107 3401 1221 3473 dicitur,
1245 3401 1322 3480 quod
1354 3400 1421 3458 ideo

181 3508 234 3566 pre
256 3488 461 3566 consequendo
483 3489 542 3547 tine
565 3489 627 3546 fleri
650 3487 746 3557 (lebet,
777 3491 846 3566 quia
870 3487 1037 3546 laciendum
1061 3503 1105 3546 est
1127 3491 1198 3546 satis
1222 3487 1325 3546 morali
1349 3486 1422 3544 obli-

182 3577 307 3652 gationi:
341 3597 392 3632 seu
415 3584 458 3632 est
482 3578 566 3636 aetio,
601 3595 687 3653 quam
711 3576 835 3652 imponit
860 3575 918 3644 ille,
953 3575 1002 3652 qui
1035 3573 1124 3632 habet
1151 3584 1323 3652 potestatem
1348 3573 1420 3632 obli-

181 3661 272 3739 gandi
297 3664 344 3731 ita,
367 3671 397 3719 ut
421 3683 574 3740 peccemus
598 3661 652 3718 hac
675 3665 789 3720 actione
822 3683 880 3719 non
908 3664 1011 3740 posita.
1036 3663 1085 3718 Sic
1108 3661 1145 3720 ad
1169 3662 1422 3720 conservationem

183 3751 263 3806 vitae
297 3769 415 3806 necesse
450 3763 494 3806 est
526 3751 661 3806 omittere
691 3750 845 3809 actionem.
877 3769 951 3826 quae
976 3751 1094 3826 punitur
1117 3759 1216 3806 morte.
1245 3748 1347 3816 ,Haec
1371 3769 1421 3806 ne-

182 3837 304 3892 cessitas
339 3837 431 3893 oritur
463 3857 499 3892 ex
533 3835 685 3892 voluntate
708 3833 897 3914 (subiectira)
921 3837 1077 3912 superioris
1108 3833 1275 3912 obligantis,
1310 3845 1422 3913 spectat

183 3921 219 3980 ad
250 3919 382 3979 ordinem
414 3921 560 3993 moralem,
589 3929 618 3978 et
641 3923 710 3998 quia
733 3922 807 3995 ligat
829 3922 1011 3980 voluntatem
1036 3921 1184 3980 mediante
1208 3924 1329 3991 ratione,
1364 3941 1422 4000 qua

182 4020 368 4086 praeceptum
391 4011 556 4078 innotescit,
580 4010 715 4081 ignorata
736 4017 866 4072 excusat,
899 4008 1032 4084 neglecta
1056 4031 1126 4068 vero
1148 4008 1254 4067 fundat
1284 4007 1419 4086 culpam“

183 4095 294 4153 Hurter
316 4096 334 4157 l.
358 4117 381 4152 c.

286 4184 317 4240 si
341 4183 408 4238 linis
431 4179 613 4258 appetendus
636 4183 821 4258 praecipitur.
845 4182 1033 4240 nranifestum
1051 4192 1093 4239 est
1111 4185 1315 4240 necessitatem
1331 4181 1422 4240 medii

183 4269 269 4328 simul
293 4290 357 4326 esse
380 4271 468 4325 etiam
493 4269 697 4325 necessitatem
721 4270 877 4345 praecepti.
901 4267 936 4325 ld
960 4267 1037 4346 quod
1061 4271 1148 4326 ctiam
1167 4271 1312 4328 innostra
1335 4290 1423 4348 quae-

183 4357 278 4435 stione
302 4357 397 4414 loenm
422 4353 519 4423 habet,
550 4374 614 4411 cum
647 4353 713 4411 finis
745 4356 924 4412 reinissionis
947 4357 1081 4434 gravium
1105 4355 1254 4433 culparum
1279 4359 1423 4434 peccatori

184 4443 333 4520 baptizato
356 4440 539 4519 appetendus
562 4461 632 4497 saue
656 4442 860 4518 praecipiatur.

286 4527 435 4586 subiectio
464 4529 495 4584 in
518 4541 595 4597 roto,
626 4548 701 4604 (puae
724 4530 755 4584 in
778 4548 812 4584 eo
835 4542 888 4592 est,
912 4537 941 4585 ut
966 4530 1030 4604 quis
1054 4528 1126 4585 velit
1149 4549 1179 4584 se
1203 4541 1267 4586 actu
1291 4527 1423 4587 subicere

182 4628 358 4694 paratusque
381 4617 420 4672 sit
443 4613 472 4670 id
498 4614 601 4676 facero,
625 4634 689 4670 cunr
713 4616 827 4690 poterit,
850 4635 909 4672 non
933 4625 977 4672 cst
1001 4613 1194 4692 concipienda
1218 4627 1247 4674 ut
1269 4618 1422 4693 imponens
