3450 5342
669 485 841 538 ..85-

121 668 236 727 adduci
256 679 397 747 possunt),
421 671 631 749 capitalismus,
655 674 704 749 qui
722 672 878 751 polypodis
894 674 988 732 instar
1004 675 1103 731 omnia
1120 676 1223 753 arripit
1241 686 1270 733 et
1289 679 1371 753 rpuusi

122 777 235 815 manus
258 765 372 815 mirrtrm
393 767 483 816 tenet.
522 757 733 836 Capitalismus
755 770 800 817 est
822 762 918 818 omnis
942 762 1123 837 quaestionis
1146 762 1263 820 socialis
1287 776 1374 841 caput

122 855 157 901 et
177 846 263 903 ruina
279 845 436 906 societatis,
460 846 506 902 cni
524 864 674 903 occurrere
690 857 812 925 possunt
827 856 943 904 tantuur
959 848 1169 906 associationes
1192 849 1373 927 singulorum

122 930 275 993 ordinum,
299 933 342 989 sui
362 932 441 1000 iuris,
464 952 517 1009 per
536 932 687 990 civitatem
706 934 867 1005 institutae,
891 935 1013 991 innixae
1034 933 1196 993 rationibus
1219 937 1374 1013 religiosis,

119 1020 212 1075 euius
236 1020 276 1074 rei
300 1016 400 1076 lucida
421 1019 559 1096 exempla
582 1018 701 1097 praebet
725 1030 818 1078 status
841 1020 1051 1079 catholicorum
1076 1022 1106 1078 in
1130 1022 1301 1081 (ianuariis.

234 1105 282 1163 En
298 1104 490 1163 saluberrima
507 1126 610 1163 revera
626 1107 713 1163 lectio
729 1107 886 1185 popularis,
910 1126 1018 1185 parius
1035 1106 1154 1185 quidam
1179 1110 1374 1168 catechismus

119 1193 254 1259 socialis,
283 1194 438 1250 continens
465 1194 496 1249 in
520 1212 593 1250 nuce
620 1203 712 1251 totam
735 1196 938 1271 quaestionem
968 1194 1116 1263 socialem,
1148 1206 1320 1273 argumento
1344 1206 1373 1254 et

122 1280 223 1336 forma
239 1281 328 1335 etiarn
346 1278 473 1337 indoctis
488 1288 609 1356 patens:
633 1280 724 1337 velim
740 1290 863 1350 tantum,
885 1292 914 1338 ut
932 1280 1101 1359 frequenter
1118 1282 1155 1340 ab
1175 1282 1233 1341 illis
1249 1284 1373 1361 legatur,

120 1365 235 1442 quihus
258 1382 301 1422 est
325 1364 498 1424 destinatus.
1020 1436 1027 1451 ⁸
1111 1370 1164 1427 Dr.
1188 1363 1330 1431 Solddl.

233 1540 285 1596 ln.
309 1533 413 1600 Rich.
443 1518 596 1619 Spacelr,
626 1534 757 1604 Boiatri
783 1534 888 1605 latita
918 1536 1031 1606 ttrlsta
1061 1537 1122 1621 (tia
1150 1538 1221 1607 issu
1250 1538 1373 1608 christi

121 1622 325 1705 divinitate).
350 1624 565 1704 Apologetirkri
589 1625 777 1700 dogmatickri
801 1627 907 1687 uraha.
930 1628 1045 1705 Pragae
1071 1630 1118 1687 19¹
1125 1632 1152 1685 td
1178 1628 1226 1705 (Υ.
1244 1630 1372 1707 Kotrba)

120 1735 152 1793 p.
180 1716 251 1771 1⁴4.
275 1713 407 1771 Pretium
434 1714 503 1770 1=3o
528 1714 564 1772 K.

232 1800 268 1857 In
299 1800 482 1877 praelatione
515 1801 673 1877 exponitur
706 1798 743 1857 de
777 1800 922 1875 theologis
957 1800 1195 1877 protestantibus,
1241 1804 1370 1861 maxime

121 1889 161 1950 A,
187 1886 340 1955 Harnack,
372 1886 522 1944 Christum
544 1887 641 1944 ileum
665 1906 729 1944 esse
753 1886 938 1963 negantibus,
970 1906 1094 1965 eumque
1118 1890 1314 1947 somniantem
1338 1910 1372 1949 ac

122 1976 341 2032 vaticinantem
365 1973 455 2031 fuisse
478 1973 717 2031 existimantibus
740 1984 768 2031 ct
793 1974 945 2051 religionis
968 1973 1147 2033 elu·istiauae
1177 1974 1370 2035 fundamenta

120 2060 344 2119 evertentibus:
378 2059 428 2117 nbi
452 2072 568 2137 praeter
589 2064 814 2139 protestantium
837 2064 946 2137 scripta
969 2063 1058 2119 etium
1083 2061 1237 2131 catholica,
1264 2062 1370 2141 quibus

121 2148 239 2207 Christi
264 2161 367 2204 natura
389 2146 492 2205 divina
515 2146 692 2208 ‹leleuditun
720 2148 886 2207 afferuntur.
926 2148 1031 2225 Capite
1055 2150 1078 2207 l.
1102 2167 1172 2206 vera
1195 2168 1267 2219 esse,
1295 2169 1370 2227 quae

122 2236 155 2292 in
183 2239 204 2292 4
230 2235 403 2308 evangeliis,
434 2237 589 2312 praecipue
616 2236 647 2291 in
676 2250 788 2313 quarto,
819 2244 982 2303 narrantur,
1013 2233 1140 2308 docetur,
1172 2237 1312 2293 Straussii
1340 2248 1368 2295 et

122 2321 293 2380 Harnackii
307 2322 472 2379 sententias
489 2342 506 2378 a
524 2319 676 2379 doctrinae
694 2321 808 2398 legibus
824 2320 981 2381 abhorrere
1005 2320 1152 2399 proditur:
1177 2323 1232 2381 hac
1256 2325 1369 2383 ratione

121 2410 261 2468 fontium.
278 2406 356 2465 unde
372 2417 546 2481 argumenta
562 2418 722 2468 sumuntur.
738 2410 897 2467 atrctoritas
910 2418 938 2466 et
951 2407 1025 2467 tides
1036 2408 1183 2486 probatur.
1207 2410 1313 2487 Capite
1330 2412 1371 2469 ΙΙ.

120 2518 161 2553 ex
184 2494 351 2568 evangeliis
374 2507 402 2553 et
426 2496 558 2572 epistolis
581 2509 672 2572 apost.
696 2494 913 2554 demonstratur
938 2494 1128 2555 Ll'hristum
1151 2495 1262 2555 divinis
1285 2518 1368 2575 prae-

120 2582 220 2640 ditum
245 2583 334 2639 fuisse
357 2580 523 2640 uirtutibus.
554 2580 657 2639 divina
681 2584 720 2654 ri,
752 2595 864 2651 natura,
895 2596 924 2639 et
947 2581 1082 2641 diuinum
1107 2584 1216 2641 cultum
1241 2583 1279 2643 ad
1305 2605 1371 2643 omn

123 2670 311 2747 pertinuisse,
336 2671 363 2725 2.
380 2669 531 2726 Cirristum
555 2670 673 2726 unicam
691 2684 720 2727 et
736 2689 838 2727 rernm
858 2669 917 2727 Dei
941 2668 1051 2727 Filium
1075 2688 1148 2741 esse,
1173 2672 1199 2727 3.
1220 2670 1371 2731 Christum

121 2774 265 2833 expresse
289 2756 385 2813 Deum
405 2755 585 2833 appellatum
602 2776 674 2826 esse,
699 2758 726 2815 4.
743 2758 896 2814 vaticiniis
913 2764 941 2813 et
961 2756 1109 2815 miraculis
1126 2757 1203 2815 ellici
1221 2757 1371 2816 Christum

122 2863 189 2901 esse
223 2844 327 2900 rreum.
372 2843 477 2920 Capite
505 2842 562 2902 Ill.
591 2842 703 2901 Christi
731 2841 835 2900 divina
863 2856 968 2901 natura
995 2864 1032 2900 cx
1060 2846 1200 2921 antiquae
1229 2846 1371 2905 ecclesian

121 2928 310 2988 documentis
327 2931 485 2987 conicitur:
505 2941 534 2987 et
546 2931 642 3006 capite
659 2930 712 2991 lt',
725 2928 761 2987 de
774 2929 905 2988 eiusdem
923 2932 964 2987 rei
982 2927 1105 2987 testibus
1124 2950 1182 2988 non
1201 2930 1371 2991 christianis

123 3018 230 3092 agitur.
255 3016 290 3073 ln
309 3017 425 3094 epilogo
448 3018 559 3073 mentio
582 3016 614 3073 tii
638 3020 802 3093 argumenti
827 3038 863 3075 ex
888 3018 1016 3075 nominis
1039 3016 1192 3075 christiani
1217 3038 1308 3097 usque
1332 3018 1368 3077 ad

123 3121 198 3180 osaq
222 3117 353 3180 tempora
377 3105 571 3181 perpetuitate
594 3115 623 3160 et
647 3103 759 3161 Christi
783 3106 813 3161 ri
836 3124 888 3181 per
911 3114 952 3161 tot
976 3104 1093 3162 saecula
1116 3102 1239 3163 illibate.

230 3192 320 3246 thuni
350 3192 523 3267 scriptorum
551 3192 776 3249 novissimorum
799 3210 907 3267 gauere
931 3197 1054 3247 excusso
1079 3224 1117 3233 -
1143 3202 1171 3248 et
1196 3193 1367 3266 negantium

126 3286 157 3333 et
168 3275 392 3335 defendentium
409 3310 452 3318 —
468 3277 520 3335 Dr.
533 3261 657 3354 Spaeelr,
673 3278 840 3354 theologiae
857 3276 1042 3351 dogmaticae
1055 3277 1200 3335 ttlomucii
1214 3279 1368 3355 professor,

126 3363 295 3440 apologiam
319 3363 439 3421 divinae
463 3362 574 3421 Christi
599 3376 721 3422 naturae
743 3365 914 3442 composuit,
943 3384 1000 3441 qua
1028 3362 1193 3437 legentibus
1222 3384 1293 3421 vera
1321 3363 1371 3421 do-

126 3452 225 3509 ctrina
247 3452 366 3507 omnino
389 3448 581 3531 persuadetur
603 3471 718 3528 quaque
742 3450 941 3509 dubitationes
965 3470 1066 3507 omnes
1089 3450 1239 3513 tolluntur.
1273 3452 1371 3527 Argu-

128 3539 236 3595 mentis
260 3557 328 3595 usus
351 3548 395 3594 est
413 3538 458 3600 iis,
482 3556 556 3613 quae
573 3537 759 3596 acatholicis
781 3538 927 3613 theologis
951 3535 1153 3603 admittuntur,
1178 3557 1270 3615 eaque
1294 3538 1371 3606 clare

128 3633 157 3680 et
173 3637 309 3681 accurate
328 3625 487 3701 proposuit.
510 3623 714 3694 Adversarius,
739 3627 882 3703 imprimis
901 3622 1050 3693 Harnack,
1075 3622 1159 3681 docte
1175 3634 1204 3681 et
1221 3624 1372 3683 commode

128 3710 275 3772 refricavit,
301 3712 404 3788 ltaque
427 3710 534 3788 gaudio
557 3714 721 3789 excipimus
738 3714 799 3770 eins
817 3710 932 3783 librum,
955 3712 1128 3789 praesertim
1146 3731 1211 3769 curu
1228 3710 1371 3769 eiusmodi

127 3797 264 3873 apologia
288 3800 318 3854 in
347 3818 486 3876 praesens
517 3801 646 3856 marimo
677 3820 748 3876 opus
779 3801 816 3856 sit
849 3832 890 3840 —
921 3796 1066 3855 erroribus
1096 3800 1250 3856 contrariis
1281 3799 1371 3856 etiam

129 3882 302 3941 Bohemiam
327 3884 544 3945 invadentibus.

233 3970 272 4029 l't
296 3992 315 4028 a
337 3972 437 4029 multis
459 3972 575 4049 legatur
596 3984 746 4049 optamus:
777 3970 881 4049 quodsi
911 3970 1007 4029 denuo
1035 3970 1146 4040 edatur,
1177 3980 1278 4029 auctor
1300 3992 1372 4041 sum,

129 4065 159 4112 ut
177 4057 323 4135 quaedam
342 4068 439 4135 partes
456 4069 619 4134 augeantur
635 4078 669 4115 ac
685 4058 889 4136 perficiantur:
912 4056 948 4115 de
967 4058 1118 4115 vaticiniis
1134 4058 1170 4115 Υ.
1186 4058 1221 4115 Τ.
1238 4056 1373 4116 divinam

129 4140 240 4203 Christi
265 4155 399 4203 naturam
423 4143 666 4221 significantibus,
690 4145 726 4202 de
747 4146 899 4203 vaticiniis
917 4154 947 4202 et
964 4144 1113 4203 miraculis
1136 4146 1228 4223 ipsius
1252 4144 1373 4215 Christi,

127 4227 166 4286 de
188 4230 339 4289 doctrinae
366 4234 430 4289 eius
460 4232 573 4296 effectu,
604 4231 641 4288 de-
664 4232 789 4289 relativa
811 4231 933 4290 divinae
956 4234 1019 4291 eius
1043 4240 1164 4289 naturae
1188 4232 1372 4289 necessitate.

129 4314 287 4376 Praeterea
310 4338 385 4396 quae
408 4317 446 4375 ab
469 4319 536 4376 aliis
559 4318 616 4376 hnc
638 4321 804 4396 spectantia
835 4321 944 4396 scripta
974 4328 1049 4390 sunt,
1082 4318 1178 4377 afferri
1209 4327 1375 4395 potuenmt.

128 4401 244 4477 Quibus
268 4407 345 4463 notis
367 4404 436 4462 libri
460 4407 663 4463 auctoritatem
687 4407 809 4463 minime
831 4403 997 4463 detractare
1019 4406 1052 4463 in
1075 4406 1174 4465 auimo
1197 4415 1250 4462 cst.

798 4492 880 4553 Prot.
904 4492 956 4553 Dr.
981 4486 1072 4571 Eup.
1097 4484 1328 4553 Kadcicioelr.

230 4623 300 4748 1¹)lrld
301 4624 565 4763 'theirlicmsoam
593 4692 814 4748 lnlruisice.
842 4694 901 4762 (De
929 4691 1150 4763 inquisitione),
1179 4709 1207 4762 p.
1228 4694 1285 4759 122,
1314 4694 1374 4755 212,

132 4757 189 4825 302,
206 4764 264 4829 379,
283 4766 344 4830 470,
362 4766 421 4829 544,
441 4766 499 4827 619,
519 4765 579 4828 685,
597 4765 656 4831 764,
675 4765 734 4828 841,
753 4764 814 4819 933.
