3450 5342
849 334 1045 424 -rsuss

322 555 469 631 respicere
492 565 621 631 cogatur.
651 555 800 613 Paulatim
823 565 852 614 et
875 554 1021 633 pedatim
1051 558 1143 615 oritur
1171 554 1250 634 apud
1280 556 1432 615 Ruthenos
1467 576 1568 635 pugna

322 641 401 697 inter
423 640 580 699 ecclesiam
614 642 790 700 catholicam
812 655 842 700 et
866 642 951 701 huius
981 646 1121 721 temporis
1144 664 1203 701 non
1237 642 1377 701 credendi
1411 642 1569 702 obstinati-

321 746 417 798 onem,
455 743 531 806 quae
560 748 660 806 pugna
690 730 721 788 in
745 730 864 807 Europa
894 728 1070 789 occidentali
1105 732 1164 789 iam
1198 728 1248 788 diu
1284 740 1441 807 grassatur.
1486 730 1570 789 SIcut

322 813 403 883 alibi,
427 824 550 893 surgunt
573 817 604 873 in
627 814 746 874 Galicia
767 816 969 875 Ruthenorum
994 818 1160 875 socialistae
1187 814 1299 897 (eorum
1330 816 1567 895 publicationes:

320 900 399 958 Vola
426 899 604 979 [Voluntas],
633 901 754 961 Moloda
793 903 928 961 Ukraina
952 900 1099 982 [Ukraina
1140 902 1304 981 iuvenilisl)
1347 914 1376 961 et
1421 903 1568 963 radiculas

318 985 535 1068 (Hromadslryj
561 988 655 1048 Holos
680 988 759 1067 [Vox
782 990 1031 1069 Communitatiel,
1054 991 1176 1049 Promin
1202 989 1313 1069 [Lux]).
1358 990 1470 1049 Contra
1493 991 1568 1049 haec

319 1094 338 1131 a
368 1073 541 1133 liberalibus
572 1074 655 1134 edita
683 1076 777 1135 clerus
806 1077 990 1137 Ruthenicus
1021 1080 1052 1136 in
1083 1078 1189 1136 litteris
1223 1077 1380 1156 periodiois
1411 1078 1567 1136 catholicis

319 1171 440 1239 pugnat,
471 1161 508 1220 de
532 1162 638 1241 quibus
668 1162 747 1221 infra
776 1174 887 1241 agetur.
918 1164 1075 1223 Discordia
1107 1165 1228 1242 politica
1260 1174 1290 1222 et
1319 1165 1453 1242 partialis
1487 1166 1567 1223 inter

318 1247 428 1305 clerum
461 1250 556 1326 ipsum
587 1250 720 1329 impedit,
750 1252 906 1328 quominus
929 1252 985 1309 hoc
1018 1251 1129 1309 bellum
1159 1261 1261 1311 contra
1290 1252 1432 1311 ecclesiae
1464 1251 1566 1311 hostes

318 1342 382 1393 tota
405 1337 435 1392 vi
458 1344 488 1393 et
509 1336 614 1395 effectu
637 1337 726 1415 pleno
747 1350 874 1414 geratur.
906 1338 1090 1416 Sperandurn
1114 1348 1159 1397 est
1181 1340 1332 1397 tamenin
1356 1338 1421 1396 Deo
1443 1338 1567 1416 Optimo

318 1422 461 1492 Maximo,
484 1422 546 1481 fore
569 1434 601 1481 ut
623 1426 655 1482 in
678 1424 774 1483 futuro
797 1445 844 1483 res
867 1426 898 1483 in
922 1425 1027 1484 melius
1050 1434 1205 1484 mutentur.

424 1508 632 1569 Fundamenta
661 1510 878 1571 reformationis
901 1512 972 1570 cleri
995 1512 1154 1571 ltuthenici
1176 1514 1299 1590 eiusque
1320 1512 1452 1571 culturae
1482 1511 1566 1571 theo·

318 1594 432 1672 logicae
465 1616 575 1674 paucos
608 1608 677 1656 ante
708 1618 802 1657 annos
832 1600 928 1677 posita
951 1610 1019 1659 sunt
1041 1620 1060 1658 a
1082 1597 1340 1657 Reverendissimo
1375 1598 1566 1676 Metropolita

318 1681 510 1758 Leopoliensi
546 1687 664 1743 nomme
698 1684 828 1743 Andrea.
859 1686 891 1743 Is
921 1706 1000 1745 anno
1033 1687 1179 1744 tuot-3
1214 1684 1336 1745 tradidit
1370 1685 1565 1743 directionem

319 1770 469 1827 seminarii
494 1770 640 1829 clericalis
663 1772 876 1850 Leopoliensis,
900 1772 948 1831 nbi
973 1773 1067 1831 clerus
1088 1774 1176 1831 totius
1193 1774 1363 1851 provinciae
1386 1770 1563 1831 Galicianae

316 1858 364 1913 rit.
387 1876 430 1932 gr.
452 1855 602 1929 educatur,
625 1858 681 1915 Dri
703 1858 848 1941 Gregorio
872 1860 1040 1939 Iglomylym
1063 1862 1114 1939 qui
1136 1879 1215 1919 uano
1238 1858 1338 1917 sedem
1353 1860 1562 1937 Episcopalem

318 1941 631 2022 Stauislaopoliensem
654 1945 781 2022 gloriose
796 1958 886 2005 tenet.
903 1946 1024 2005 Duobus
1044 1949 1130 2005 annis
1146 1948 1308 2005 interiectis
1324 1967 1342 2003 a
1357 1966 1433 2005 novo
1449 1956 1563 2005 rectora

316 2031 524 2108 maximorum
548 2031 648 2090 labore
670 2042 700 2090 et
712 2032 881 2092 admirabili
904 2036 1071 2092 constantia
1093 2042 1122 2092 et
1134 2036 1297 2091 acrimonia
1319 2034 1509 2092 seminarium
1524 2031 1563 2091 ad

317 2116 485 2193 exemplum
497 2120 673 2196 optimorum
684 2121 908 2178 nominationum
922 2120 1093 2180 Occidentis
1105 2120 1295 2179 reformatum
1307 2132 1360 2187 est,
1383 2121 1563 2199 proprietate

314 2203 388 2273 eius,
410 2220 469 2280 qua
490 2203 528 2262 ad
550 2205 661 2264 locales
684 2208 920 2266 circumstantias
943 2216 1058 2267 nostras
1074 2216 1174 2286 aptum
1190 2216 1243 2279 est,
1259 2208 1381 2265 minime
1404 2209 1560 2265 exstincta

313 2289 407 2347 Porro
429 2290 683 2351 Reverendissimi
706 2295 836 2373 episcopi
859 2296 951 2353 nostri
975 2294 1188 2373 Leopoliensis,
1216 2294 1506 2371 Stanisleopoliensis
1530 2302 1561 2351 et

314 2375 534 2456 Premyslensis
556 2379 632 2438 bene
655 2379 874 2451 intellexerunt,
905 2383 1008 2460 quanti
1039 2382 1181 2440 momenti
1210 2391 1310 2439 esseut
1338 2380 1376 2438 ad
1407 2378 1559 2439 doctrinae

313 2462 498 2541 theologicae
527 2486 714 2543 progressum
747 2466 846 2526 studia
875 2468 1048 2527 clericorum
1081 2468 1313 2527 Ruthenicorum
1336 2469 1367 2525 in
1389 2466 1560 2526 melioribus

314 2549 504 2611 facultatibus
534 2552 709 2630 theologicis
742 2558 893 2614 extraneis
924 2565 954 2613 et
975 2554 1105 2631 benigne
1128 2564 1157 2613 et
1180 2554 1307 2613 libenter
1337 2554 1457 2613 clericos
1492 2574 1559 2613 suos

314 2636 477 2695 studiorum
493 2659 583 2699 cansa
598 2638 814 2712 vindobonam,
830 2642 1037 2721 Oenipontem,
1060 2640 1239 2719 Fribnrgum
1255 2641 1414 2699 Helvetiae
1430 2643 1559 2698 mittunt

316 2723 474 2783 Seminarii
498 2725 569 2785 ordo
592 2738 717 2786 novatus
738 2738 769 2786 et
791 2727 890 2787 studia
911 2739 1053 2788 extranea
1076 2729 1247 2788 clericorum
1272 2730 1437 2806 exspectari
1457 2726 1559 2785 iubent

314 2829 499 2887 progressum
523 2810 675 2872 doctrinae
698 2814 882 2891 theologicae
906 2816 983 2894 apud
999 2816 1152 2875 Rutlrenos
1169 2826 1257 2894 atque
1280 2824 1418 2873 eventum
1442 2814 1557 2871 felicem

314 2894 501 2975 faustumque
525 2902 554 2957 in
578 2898 744 2959 bellacum
768 2901 902 2961 hostibus
924 2904 1066 2961 ecclesiae
1091 2914 1216 2961 nostrae.

419 2984 544 3044 Mutatio
568 2988 599 3044 in
621 2989 727 3047 melius
750 2990 809 3047 iam
832 3010 851 3047 a
873 2989 966 3049 tribus
983 2992 1069 3048 anule
1092 2992 1284 3067 inauguratur
1299 3002 1329 3046 et
1343 2986 1556 3045 manifestatur.

314 3071 343 3127 A
366 3070 459 3129 tribus
484 3075 570 3131 annis
593 3076 730 3133 iuventus
753 3075 920 3152 theologica
942 3076 1146 3135 Ruthenorum
1165 3076 1292 3155 Ireopoli
1312 3075 1383 3133 folia
1399 3075 1558 3132 trimestria

314 3154 394 3215 edit:
419 3158 603 3240 Katolyckyj
650 3160 743 3235 Vehid
778 3162 924 3238 (conditor
957 3164 1009 3221 Dr.
1044 3162 1203 3241 Gregorius
1245 3164 1413 3241 Idomysp·n,
1447 3163 1556 3239 primus

313 3241 441 3302 director
469 3245 629 3324 Gregorius
658 3245 819 3327 Plakyda),
842 3270 918 3327 quae
948 3260 1083 3329 spectant
1106 3249 1144 3309 ad
1167 3248 1266 3309 studia
1288 3249 1455 3325 theologica
1478 3245 1554 3325 apud

311 3330 464 3390 Ratbenos
496 3334 698 3410 promovenda
720 3347 750 3393 et
772 3355 890 3393 sensnm
921 3336 1097 3396 catholicum
1131 3336 1290 3395 fovendum
1315 3335 1373 3415 (Of.
1409 3335 1489 3393 Slav.
1512 3335 1555 3391 lit.

311 3416 400 3475 theol.
419 3421 509 3480 1906.
527 3441 574 3499 pg.
591 3422 652 3497 57.)
670 3423 941 3482 Commentationes
956 3422 1149 3501 dogmaticae,
1166 3423 1374 3501 apologeticae,
1399 3422 1556 3479 historicae

313 3502 475 3581 liturgicae,
498 3506 718 3586 bibliographia
740 3519 770 3567 et
793 3509 940 3580 chronica,
964 3512 1054 3569 etiam
1070 3511 1216 3589 polemico
1231 3509 1347 3567 modica
1367 3528 1432 3567 cum
1449 3506 1556 3565 libera-

312 3588 389 3649 libus
412 3596 541 3651 nationis
564 3607 680 3653 nostrae
703 3615 772 3654 ecce
795 3607 999 3673 argumentum
1024 3599 1115 3655 nostri
1131 3598 1170 3655 K.
1186 3597 1292 3671 Vshid.
1315 3594 1452 3653 utribus
1469 3596 1556 3652 annis

312 3677 436 3755 Leopoli
466 3681 558 3759 Nysa
587 3680 684 3739 editur
707 3682 778 3740 cleri
800 3685 915 3742 animos
945 3682 1078 3742 fidolium
1109 3686 1237 3761 regentis
1260 3692 1291 3741 et
1313 3681 1501 3751 moderantis,
1525 3690 1555 3739 et

311 3762 408 3821 editur
430 3765 475 3823 bis
499 3769 531 3823 in
553 3787 662 3826 mense.
696 3768 823 3827 Edenda
853 3770 921 3829 huic
952 3774 1032 3848 operi
1063 3781 1179 3848 praeest
1211 3768 1352 3830 Jarosluv
1384 3764 1555 3847 Zevyckyj.

310 3847 497 3925 Propositum
528 3866 580 3924 est,
611 3857 790 3932 coniungere
819 3857 927 3915 clerum
959 3858 1156 3915 Ruthenicum
1187 3856 1224 3915 ad
1257 3856 1388 3915 laborem
1420 3856 1450 3913 in
1481 3874 1552 3931 agro

311 3933 431 3993 Domini
456 3948 486 3995 et
508 3951 665 4018 praecepta
688 3943 852 4002 Salvatoris
875 3946 905 4001 in
929 3944 1065 4003 omnibus
1095 3943 1226 4023 partibus
1256 3944 1337 4001 vitae
1361 3942 1489 3999 nationis
1512 3938 1550 3999 ad

310 4020 443 4079 ellectum
478 4023 622 4085 deducere
655 4043 684 4087 et
718 4028 892 4088 liberalismi
933 4030 1045 4109 placita
1086 4031 1242 4089 debellare.
1277 4030 1550 4088 Commentationes

309 4107 488 4167 scientificae
511 4130 570 4169 non
599 4116 798 4192 negliguntur,
827 4137 1006 4197 quamquam
1029 4116 1068 4176 ad
1090 4118 1177 4176 huius
1200 4118 1295 4195 operis
1327 4118 1493 4175 institutum
1516 4134 1553 4173 ea

309 4195 437 4253 maxime
460 4198 617 4274 pertinent,
640 4222 716 4279 quae
738 4202 777 4259 ad
799 4202 916 4279 agendi,
940 4224 999 4262 non
1022 4203 1226 4282 cognoscendi,
1256 4205 1318 4261 vim
1348 4204 1552 4279 rationemque

308 4278 480 4341 referuntur.
502 4282 641 4364 Denique
665 4288 808 4347 nonlicet
831 4290 950 4349 silentio
973 4293 1206 4369 praetermittere
1221 4293 1330 4369 optime
1355 4290 1491 4347 meritum
1513 4286 1551 4345 de

308 4366 435 4425 ecclesia
457 4381 556 4428 nostra
578 4382 607 4430 et
621 4376 741 4433 natione
764 4375 898 4435 ordinem
921 4398 943 4443 a.
957 4378 1061 4437 Basilii
1074 4380 1186 4455 Magni.
1209 4374 1290 4437 Ordo
1313 4376 1362 4434 hic
1377 4375 1553 4434 reformatus

309 4460 355 4509 est
377 4457 463 4513 annis
488 4458 700 4518 test-1904
724 4462 833 4522 Leonis
855 4464 945 4526 XIII.
962 4468 1073 4523 Summi
1090 4465 1244 4523 Pontificis
1260 4465 1348 4524 iussu.
1371 4460 1553 4520 Industriam

309 4558 391 4597 suam
415 4542 631 4604 missionariam
655 4549 686 4605 in
702 4547 828 4620 Galicia,
852 4550 1028 4631 Bulrovyna,
1052 4550 1176 4610 Canada
1191 4561 1220 4609 et
1233 4550 1363 4609 Brasilia
1378 4548 1552 4607 collocatam

307 4626 414 4685 Patres
437 4628 582 4690 Basiliani
605 4634 788 4710 promulgato
819 4634 937 4696 decreto
967 4638 1140 4696 tolerantiae
1162 4638 1280 4696 Nicolai
1302 4636 1343 4695 Π.
1366 4634 1553 4713 imperatoris
