3450 5342
550 633 611 719 ,llo
634 635 807 703 miraculis
829 637 1104 706 acatholicorum.

315 774 403 852 Apud
427 797 488 844 uos,
511 775 679 843 catholicus,
703 779 781 834 inter
802 779 955 856 potissima
973 778 1163 856 pracambrda
1178 777 1246 836 lidei
1266 787 1455 836 recensentur

209 861 361 919 miracola
401 861 466 919 Hoc
496 863 811 942 nomine·appellatur
840 865 950 923 factum
981 876 1143 936 externum,
1178 868 1209 923 in
1240 885 1296 943 quo
1330 861 1454 922 habetur

206 946 333 1006 evidens
363 948 562 1006 manifestatio
591 950 659 1009 Ilei.
704 951 889 1010 Concurrunt
919 951 955 1010 ad
992 952 1046 1010 lroc
1081 965 1109 1010 et
1145 954 1381 1010 circumstantiae
1423 961 1453 1008 ct

212 1037 278 1112 ipso
301 1045 406 1092 natura
428 1035 507 1092 facti.

314 1122 353 1178 Et
371 1123 496 1198 primum
519 1126 765 1182 circumstantiae.
788 1125 915 1184 Etiamsi
932 1127 1103 1184 miraculum
1122 1140 1199 1184 esset
1215 1125 1323 1184 factum
1340 1121 1452 1181 ordinis

209 1228 290 1265 mare
315 1209 465 1278 naturalis,
499 1209 669 1287 productum
693 1233 730 1268 ex
754 1214 869 1288 integro
900 1221 1022 1270 naturae
1050 1211 1170 1284 viribus,
1205 1223 1303 1270 tamen
1334 1221 1453 1289 propter

207 1293 353 1372 speciales
386 1297 622 1354 circumstantias
652 1308 680 1354 et
711 1310 825 1356 attenta
854 1297 913 1354 Ilei
945 1299 1133 1376 providentia
1164 1311 1259 1378 posset
1293 1295 1452 1376 prudentor

209 1380 311 1439 haberi
337 1402 388 1458 pru
411 1384 496 1458 siguo
518 1382 639 1441 divinae
660 1384 830 1442 volontatis.

314 1467 400 1543 Quod
434 1472 550 1546 signnm
584 1481 654 1528 tnnc
685 1469 791 1528 evadet
821 1484 932 1530 certum
964 1485 992 1529 et
1023 1471 1155 1536 evidens,
1189 1474 1214 1530 si
1245 1481 1348 1530 natura
1380 1469 1450 1526 facti

206 1555 585 1632 transgrediatur
615 1558 849 1616 naturales
881 1561 1011 1617 vires.

313 1643 387 1699 Corn
417 1644 509 1718 igitur
540 1656 639 1701 nostra
668 1643 829 1722 disputatio
858 1655 991 1704 versetur
1018 1645 1054 1702 de
1078 1647 1156 1702 veris
1179 1643 1329 1702 miraculis
1352 1644 1383 1699 in
1406 1639 1451 1698 di-

208 1731 303 1786 versis
325 1728 525 1806 religionibus,
547 1729 677 1807 proderit
699 1734 825 1808 primum
849 1731 990 1803 stabilire,
1015 1731 1132 1810 (puando
1156 1744 1185 1788 at
1203 1751 1349 1808 quaenam
1373 1729 1451 1786 lacta

206 1817 321 1892 possint
352 1819 473 1893 proponi
497 1829 527 1874 ut
551 1817 629 1874 facta
659 1818 893 1896 supernaturalia
923 1817 1063 1897 producto
1094 1817 1250 1876 manifesto
1281 1815 1451 1874 immediate

207 1923 227 1959 a
249 1902 322 1960 lice.

311 1991 449 2066 Spectato
471 1988 590 2066 quidem
614 1990 700 2048 lunius
722 1994 862 2068 temporis
878 1992 1067 2048 scientiarum
1084 2010 1238 2068 progressu
1254 1989 1447 2068 periculosum

205 2095 278 2132 sane
301 2086 344 2132 est
368 2077 399 2132 io
422 2075 552 2134 medium
575 2075 719 2134 adducere
742 2079 866 2154 primam
890 2098 1036 2156 quamque
1060 2079 1213 2146 visionem,
1240 2079 1376 2145 extasim,
1399 2086 1451 2134 aut

204 2163 390 2220 sanationem
414 2165 495 2231 muti,
518 2165 598 2221 caeci
614 2177 642 2220 ct
658 2166 819 2222 universim
836 2163 923 2234 factu,
947 2166 978 2222 in
994 2163 1100 2244 quibua
1116 2167 1213 2242 agitur
1229 2185 1309 2222 mara
1324 2165 1447 2221 mutatio

205 2269 266 2306 non
289 2248 447 2306 destructio
470 2252 582 2326 organi.
604 2249 689 2308 Haec
711 2253 791 2309 enim
814 2254 958 2310 eveniunt
975 2252 1178 2330 utplurimum
1202 2250 1330 2309 naturali
1353 2270 1447 2321 cursu,

205 2338 362 2413 praecipue
384 2347 417 2394 ut
439 2335 539 2393 dicunt
563 2341 980 2414 autosaggcstione

310 2421 423 2480 nodam
457 2435 554 2480 autam
588 2427 713 2482 scientia
746 2445 821 2502 quac
853 2428 934 2484 circa
967 2425 1039 2482 talia
1073 2425 1151 2482 facta
1174 2423 1335 2501 compluria
1357 2421 1448 2480 dubia

207 2523 316 2571 movet,
346 2510 377 2566 in
400 2508 468 2566 aliis
495 2509 573 2567 clare
602 2510 732 2568 ostendit
762 2513 1014 2589 supernaturalem
1045 2513 1197 2588 originem.
1233 2509 1268 2568 Id
1292 2512 1449 2588 praecipua

203 2595 243 2653 de
268 2598 581 2654 instantanais
606 2597 808 2656 sanctionibus
825 2619 995 2674 magnorum
1013 2609 1200 2656 externorum
1223 2596 1448 2654 vulnerum

204 2696 294 2760 patet.
318 2683 375 2740 His
394 2681 511 2742 casibus
527 2696 626 2742 monet
648 2685 852 2743 Boisaarie
875 2687 1059 2764 potissimum
1072 2705 1135 2742 asse
1150 2683 1328 2742 instandum.
1342 2683 1449 2742 Atten-

202 2768 314 2828 dantur
336 2771 425 2847 igitur
448 2769 504 2827 hae
526 2769 601 2828 duae
624 2769 820 2829 conditiones:
850 2782 881 2828 ut
908 2777 933 2828 l.
957 2781 1061 2846 agatur
1083 2771 1119 2828 dc
1143 2773 1225 2848 gravi
1257 2769 1447 2828 risibili

204 2855 395 2914 vulnere
419 2859 447 2913 2.
470 2858 712 2915 sanaticfiatin
736 2860 946 2917 instanti.

243 2958 247 2969 ¹
310 2942 462 3002 Eiusmodi
493 2943 636 3000 miracula
667 2965 726 3002 non
757 2965 821 3002 csse
851 2947 1028 3022 imaginaria
1058 2953 1181 3001 testatur
1211 2963 1283 3020 opus
1314 2941 1446 3002 eiusdem

203 3031 262 3087 viri
286 3029 363 3107 quad
387 3029 568 3088 inscribitur:
603 3030 679 3100 ,Les
708 3030 836 3108 gaudes
867 3034 1019 3108 gudrisons
1042 3030 1079 3088 de
1105 3029 1269 3088 Lourdes“:
1303 3029 1350 3088 vel
1375 3051 1447 3108 opus

204 3119 356 3194 scriptoris
379 3117 571 3185 Bertrin,
595 3117 727 3174 Histoire
749 3119 875 3196 critique
898 3116 950 3175 des
973 3119 1164 3175 evenements
1188 3115 1225 3174 de
1248 3116 1381 3174 Lourdes
1398 3113 1447 3188 ¹⁰3

205 3203 254 3260 vel
278 3201 360 3274 liber,
384 3206 466 3262 cuius
488 3204 591 3262 titulus
620 3214 677 3263 cst:
708 3203 854 3262 (tuerison
884 3203 979 3262 subite
1002 3203 1030 3260 d‘
1054 3223 1110 3262 nne
1141 3203 1275 3262 fracture.
1310 3205 1395 3260 Racit
1418 3213 1448 3261 et

203 3289 292 3348 stude
315 3291 499 3368 scientifiqna
522 3311 576 3368 par
589 3291 621 3348 L.
638 3313 657 3348 v
667 3311 714 3348 an
738 3291 766 3348 H
776 3300 916 3349 costen
926 3290 943 3346 b
953 3311 968 3348 a
980 3291 1082 3366 rghe,
1106 3289 1226 3348 docteur
1237 3309 1273 3347 an
1287 3289 1447 3360 medecina,

201 3377 239 3438 E.
262 3377 397 3457 Roycr.
420 3375 474 3434 de.
497 3399 543 3448 m,
568 3381 603 3439 Α,
629 3377 879 3456 lleschamps,
904 3377 1054 3448 s.1.,d.e.
1079 3398 1116 3436 m.
1139 3387 1168 3434 ct
1188 3397 1225 3434 en
1242 3378 1372 3434 sciences
1396 3396 1447 3434 na·

201 3463 331 3522 turellas.
362 3464 518 3523 Bruxellas
551 3467 643 3524 illue.
676 3464 816 3542 llxempli
839 3466 936 3541 gratio
960 3485 1073 3522 resumo
1095 3462 1270 3522 brevissime
1301 3463 1445 3521 famosum

159 3577 169 3593 ·
202 3569 303 3608 casum
334 3549 486 3610 cuiusdam
516 3554 642 3630 operarii
673 3551 796 3626 Belgici,
829 3552 911 3610 Petri
942 3549 978 3608 de
1011 3549 1139 3620 Reddet,
1173 3553 1219 3608 cui
1251 3570 1330 3608 anno
1363 3551 1444 3608 1867

201 3645 322 3696 truncus
346 3637 458 3696 arboris
481 3641 558 3715 rupit
581 3659 613 3696 os
636 3641 747 3696 sinistri
771 3638 856 3717 pedis
879 3637 957 3696 infra
970 3658 1048 3714 genu
1072 3639 1101 3694 in
1118 3647 1177 3694 tres
1196 3649 1302 3714 partes.
1327 3637 1446 3694 Partem

202 3723 331 3781 mediam
354 3735 448 3782 tractu
472 3727 611 3802 temporis
637 3725 820 3782 demortuam
843 3735 872 3782 et
896 3727 914 3781 3
938 3745 992 3782 cm.
1016 3723 1135 3801 longam
1160 3722 1291 3782 medicus
1315 3725 1446 3782 extraxit

201 3812 253 3877 ita,
277 3822 308 3868 ut
330 3813 515 3868 remanentia
537 3832 603 3869 ossa
625 3811 770 3870 distarent
793 3815 871 3869 inter
893 3831 924 3869 aa
948 3813 1043 3890 spatio
1063 3813 1080 3866 3
1098 3831 1153 3872 cm.
1176 3809 1285 3868 Postea
1308 3810 1445 3868 adiunxit

200 3917 233 3954 aa
256 3896 366 3976 duplex
390 3897 504 3962 vulnus,
535 3917 697 3969 concrema,
728 3919 850 3976 quarum
880 3919 969 3956 unum
992 3911 1055 3956 erat
1079 3899 1109 3955 in
1130 3896 1244 3976 'poplite
1267 3897 1445 3956 latissimum

200 3993 232 4040 ct
261 3984 521 4061 profundissimum
559 3987 609 4056 ita,
641 3995 672 4042 ut
695 3987 727 4042 in
755 3985 847 4043 frando
887 3992 1054 4042 cerneretur
1085 3992 1249 4042 extremum
1292 3993 1446 4062 utrumqne

201 4071 408 4147 fragmentum.
443 4073 491 4130 Sic
514 4092 560 4130 res
583 4073 692 4130 mansit
714 4071 791 4129 ultra
814 4076 832 4127 s
856 4091 958 4142 annos,
989 4091 1097 4129 vanam
1127 4057 1254 4129 reddens
1283 4071 1447 4150 quamlibet

200 4177 284 4234 spem
306 4170 336 4216 et
358 4177 458 4216 curam
480 4157 667 4218 medicorum.
702 4158 829 4216 Damam
862 4178 940 4216 anno
971 4159 1053 4216 1875
1077 4160 1109 4216 io
1131 4159 1385 4234 preregrinatiooa
1409 4157 1446 4216 ad

196 4243 316 4302 calabre
347 4247 545 4304 sanctuarium
577 4247 615 4303 Ν.
643 4245 681 4307 Ι),
709 4245 746 4303 de
769 4245 934 4305 Oostackcr
964 4245 1070 4303 Petrus
1101 4263 1188 4302 crans
1219 4264 1319 4304 coram
1351 4254 1448 4303 statuo

200 4330 349 4410 Daiparoa
372 4335 404 4390 in
426 4333 549 4390 instanti
573 4334 728 4410 pristinam
751 4335 910 4390 sanitatem
933 4332 1117 4410 recuperavit
1136 4339 1166 4388 et
1181 4331 1339 4408 prosiliens
1363 4332 1446 4390 firmo

198 4437 302 4494 gressu
332 4421 396 4476 sina
426 4420 550 4477 minima
583 4418 797 4477 claudicatione
832 4417 970 4476 adiunxit
1003 4439 1033 4475 se
1065 4419 1252 4495 processioni.
1294 4417 1443 4496 Appellati

199 4503 309 4563 medici
332 4505 522 4582 explorarunt
548 4511 573 4562 1.
589 4515 744 4583 utrumque
766 4524 922 4563 cancroma
943 4507 1108 4576 evanuisse,
1133 4507 1160 4562 2.
1180 4524 1289 4562 novum
1305 4525 1337 4562 os
1355 4507 1372 4562 3
1390 4525 1445 4562 cm.

197 4592 318 4669 longum
346 4593 519 4661 accrevisse,
554 4594 581 4653 3.
605 4600 759 4670 utrumque
789 4591 903 4650 distans
927 4591 1123 4668 fragmentum
1147 4609 1211 4648 com
1235 4611 1269 4648 ao
1292 4590 1445 4665 coaluisse,
