3450 5342
839 446 1011 501 -92-

300 695 327 751 N
372 626 560 753 timidum
572 628 645 688 lest
659 626 821 699 DIrigente
833 628 881 684 dr.
899 628 1075 698 Ioseplro
1096 628 1205 683 Pazm
1215 642 1269 681 an.
1285 624 1458 695 Zagrabiae
1473 625 1557 679 1905.

330 712 354 750 r.
410 728 440 735 -
479 738 485 751 .

407 767 446 821 ll.
460 766 648 837 StepInac
662 765 766 837 pergit
776 766 808 821 in
819 766 1080 823 commentatione
1091 781 1147 822 sua
1161 764 1365 821 »Odrevnom
1375 762 1554 833 dogadjaju

303 850 385 891 nove
405 835 502 891 mislia
524 851 681 905 exponere
699 836 739 891 de
758 836 964 906 possibilitate
983 850 1100 906 poenae
1119 834 1213 891 unius
1226 834 1342 915 peccati
1356 848 1414 903 per
1425 830 1556 887 saecula

301 904 445 960 durantis
466 912 564 972 (num.
582 907 706 973 24-27.)
727 904 765 961 In
778 920 863 961 num.
876 908 989 962 ao-al.
1003 906 1064 961 scri
1089 910 1139 961 tor
1152 920 1186 959 se
1198 903 1369 959 defendite
1386 902 1555 957 uh'arodne

301 973 449 1036 Neviae.
472 974 634 1029 »Narodna
655 974 808 1040 ohram«,
830 975 977 1031 ›Pokret‹
999 982 1030 1029 et
1050 922 1196 1031 dibzor«.
1259 1042 1265 1053 .

404 1044 489 1099 Prot.
510 1044 563 1099 Dr.
584 1043 623 1098 H.
643 1044 685 1114 pl.
703 1044 765 1110 (de)
787 1044 1040 1101 Mihalovich:
1061 1044 1286 1112 ObrazloienJe
1312 1041 1422 1097 dlanka
1446 1040 1555 1095 »Nova

299 1113 513 1169 v'eronaucna
544 1128 666 1168 canova
690 1128 726 1168 za
755 1114 904 1170 hrvatske
933 1114 1060 1185 srednje
1089 1113 1190 1169 airola«
1225 1110 1395 1181 Explicatio
1426 1108 1554 1165 articuli

291 1128 406 1237 ‘diove
426 1182 540 1238 dlviaio
559 1182 720 1237 doctrinae
739 1182 905 1253 religiosae
918 1198 976 1253 pro
992 1182 1103 1239 mediis
1117 1181 1233 1237 scholis
1246 1180 1416 1236 croatiae.
1432 1180 1555 1259 Auctor

300 1252 379 1306 hanc
389 1251 577 1309 divisionem
592 1252 748 1321 praefert:
761 1252 785 1307 1.
799 1253 925 1309 classis:
938 1252 1079 1308 Historia
1092 1252 1205 1309 biblica
1215 1248 1336 1305 Veteris
1348 1250 1553 1313 Testamenti,

300 1320 342 1375 II.
361 1321 412 1375 cl:
434 1321 574 1376 Historia
600 1322 712 1378 biblica
739 1322 819 1377 Novi
846 1322 1046 1389 Testamenti,
1066 1322 1095 1377 in
1117 1326 1247 1389 utraque
1275 1320 1374 1375 classe
1405 1318 1553 1400 repetitio

300 1389 478 1446 catechismi
498 1392 603 1473 magni
622 1406 681 1461 pro
701 1390 751 1446 1v.
762 1392 862 1447 classe
879 1392 952 1447 ludi.
972 1391 1031 1446 lIl.
1046 1392 1096 1447 cl.:
1118 1391 1275 1459 Liturgica
1288 1396 1318 1445 et
1331 1388 1554 1444 catechismus

301 1458 659 1516 1t.e1.:ttatecmsmus
689 1476 823 1531 magnus
871 1478 903 1516 ro
932 1460 1046 1516 scholis
1086 1459 1204 1516 mediis.
1224 1459 1257 1515 V.
1283 1459 1334 1515 cl.:
1356 1457 1552 1528 Dogmatica,

301 1527 352 1584 vl.
372 1530 422 1585 cl:
438 1528 605 1600 Theologia
619 1529 754 1595 moralis,
768 1529 837 1585 Vll.
885 1530 994 1587 istoria
1007 1529 1222 1595 ecclesiastica,
1233 1527 1321 1585 VIII.
1331 1526 1553 1597 apologetica,

303 1597 334 1652 in
350 1598 499 1653 ll-l'lll.
513 1600 612 1653 classe
632 1598 774 1669 repetitio
793 1599 972 1655 catechismi
992 1616 1050 1669 pro
1063 1599 1177 1655 scholis
1192 1598 1311 1653 mediis.
1327 1598 1426 1653 Nemo
1446 1602 1552 1665 potest

302 1682 419 1791 rstggarti
446 1668 525 1749 hanc
553 1668 635 1723 viam
665 1668 858 1792 edupppionis
897 1669 1060 1739 religiosae
1088 1668 1262 1791 naturale?
1290 1666 1550 1791 effezessdffilta

338 1753 474 1792 cirinum
495 1754 563 1793 erus
582 1753 707 1793 causam
775 1754 837 1793 arri
857 1754 959 1809 posse.
1260 1755 1283 1791 r.
1335 1781 1340 1791 .
1386 1754 1405 1789 a
1508 1777 1514 1788 .

782 1930 1065 2011 POLONICA.

407 2100 466 2165 Ka.
492 2101 723 2185 ll'ladpslow
748 2102 993 2191 Szczepotlelci
1018 2104 1051 2169 Τ.
1071 2103 1115 2181 J,
1151 2104 1250 2187 llowy
1275 2103 1392 2171 indalts
1416 2101 1553 2187 kalatalr

303 2188 523 2271 zatezanyctr,
545 2206 624 2267 araz
644 2191 721 2275 jauo
745 2191 989 2275 uzaaatlnionia,
1013 2191 1115 2277 eztcjc
1140 2192 1148 2257 l
1174 2206 1268 2258 nowe
1293 2206 1416 2274 prawo.
1457 2194 1551 2249 ltzeez

301 2300 318 2335 o
333 2296 452 2356 notrym
469 2278 610 2337 lndeksie
627 2281 636 2335 i
652 2280 823 2339 komentarz
839 2281 877 2340 do
894 2282 1084 2361 konstytucvi
1106 2280 1208 2339 Leona
1224 2280 1329 2337 xlta:
1358 2278 1552 2351 ,tiliieiormn

302 2384 335 2421 ac
359 2369 542 2425 munmum‘.
582 2366 713 2425 Krakdw
746 2370 838 2425 1903.
867 2371 946 2429 8-vo.
970 2380 1019 2427 str.
1044 2368 1256 2437 Hal-388.
1294 2362 1421 2447 (dorus
1453 2362 1551 2430 index

303 2446 458 2514 librorum
491 2448 738 2532 archiatrorum,
769 2451 905 2535 cinaeus
937 2450 1187 2533 demonstratio,
1220 2448 1371 2531 historia,
1402 2465 1551 2531 novaque

304 2535 366 2601 lex.
397 2538 555 2596 'I‘ractatus
578 2539 614 2596 de
638 2560 715 2598 novo
737 2540 840 2598 Indice
865 2562 979 2600 necnon
1004 2542 1231 2601 commentarius
1255 2543 1285 2597 in
1310 2542 1551 2597 constitutionem

302 2623 413 2682 Leonis
445 2625 551 2686 xill:
594 2626 784 2698 ,Officiorum
815 2648 849 2685 ae
881 2633 1051 2687 mnuernm“
1088 2628 1250 2685 Cracoviae
1284 2628 1376 2700 1903,
1408 2628 1439 2683 in
1471 2629 1552 2687 cl-ro.

301 2731 350 2788 ptr.
372 2712 445 2769 XX.
469 2724 497 2769 et
525 2714 609 2788 388).

405 2798 496 2855 Liber
526 2799 575 2855 hie
606 2802 758 2857 occasione
793 2801 890 2859 ballac
935 2802 1126 2875 ,tlfficiorum
1161 2820 1194 2857 ac
1230 2816 1415 2867 munerum,
1453 2796 1551 2855 editae

302 2903 318 2939 a
343 2884 439 2943 &Stilo
464 2886 568 2945 Drinio
591 2886 692 2943 Leone
716 2886 804 2943 Xlll.
828 2908 853 2948 a.
881 2892 960 2947 1897
986 2890 1110 2965 scriptus
1133 2898 1186 2946 est.
1232 2887 1352 2955 Auctor,
1381 2896 1467 2943 notus
1491 2886 1550 2941 iam

303 2990 340 3025 ex
364 2971 495 3029 articulis
522 2972 558 3030 de
594 2971 733 3044 „Iudiee‘
768 2976 885 3051 seriptis
908 2978 940 3032 in
963 2976 1054 3032 variis
1084 2972 1242 3052 periodicis
1273 2972 1353 3030 foliis
1385 2968 1550 3049 pergrande

303 3076 374 3133 opus
398 3078 553 3134 aggressus
578 3073 630 3131 est,
654 3058 732 3137 quod
756 3069 785 3117 et
808 3061 935 3119 i'cliciter
957 3060 995 3117 ad
1019 3061 1106 3119 linem
1130 3058 1277 3138 perduxit.

406 3145 510 3203 Totius
540 3148 637 3224 operis
669 3165 772 3223 scopus
799 3158 843 3205 est
871 3168 980 3212 omnes,
1011 3158 1072 3204 tum
1104 3144 1305 3203 venerabilem
1338 3146 1458 3203 Clernm
1490 3159 1550 3200 tunt

302 3229 436 3289 homines
467 3234 631 3291 saeculares
662 3232 803 3300 excultos,
840 3234 879 3291 ad
910 3235 1108 3307 cognitionem
1140 3236 1250 3290 novae'
1266 3232 1349 3308 legis.
1380 3230 1418 3289 de
1450 3229 1552 3288 indice

302 3316 388 3383 latae,
412 3318 565 3378 adducere.
589 3355 632 3363 -
655 3319 764 3376 'Potum
780 3340 851 3398 opus
868 3323 899 3379 in
915 3320 988 3379 duas
1004 3319 1180 3397 dispescitur
1196 3328 1303 3396 partes,
1324 3338 1413 3376 unam
1431 3318 1551 3391 ‹logma-

302 3405 552 3468 tieo-historicam.
587 3407 711 3465 alteram
743 3406 1029 3472 iuridicemoralem,
1064 3426 1186 3483 quarum
1215 3407 1311 3483 prima
1334 3406 1419 3462 alteri
1445 3402 1551 3461 funda-

302 3506 431 3550 mentum
455 3492 584 3569 praebet.

407 3580 453 3635 En
477 3583 614 3658 synopsis
637 3582 727 3637 totius
750 3582 866 3656 operis:
897 3580 1001 3638 Lectio
1023 3578 1164 3636 librorum
1188 3578 1341 3647 malorum,
1365 3576 1549 3635 ethnicorum

305 3681 419 3740 quoque
451 3669 615 3725 sententiis.
647 3667 706 3722 iarn
738 3667 804 3741 lege
835 3676 957 3724 naturae
989 3664 1178 3743 prohibetur3
1209 3664 1288 3722 idem
1314 3675 1396 3721 vetat
1420 3665 1549 3721 animum

304 3750 474 3824 epericulo,
495 3753 572 3828 quod
588 3774 606 3811 a
622 3753 747 3810 lectione
764 3752 795 3809 id
810 3774 904 3830 genus
920 3752 1060 3811 librorum
1077 3752 1219 3815 imminet,
1240 3750 1343 3809 tuendi
1361 3770 1395 3807 ac
1412 3746 1549 3807 servandi

303 3834 445 3921 officium.
478 3837 539 3894 Lex
563 3849 685 3897 naturae
708 3838 897 3897 confirmatur
919 3840 984 3916 lege
1008 3837 1120 3898 (lirina.
1153 3838 1232 3895 Huic
1255 3838 1317 3912 legi
1341 3834 1551 3914 adimplendae

305 3916 450 3996 advigilat
466 3922 610 3993 Ecclesia,
628 3936 724 3983 custos
741 3927 836 3985 omnis
853 3926 929 4002 legis
945 3925 1066 3983 divinae
1082 3933 1111 3982 ct
1123 3926 1302 3982 auctorizata
1327 3926 1390 3982 eius
1406 3925 1550 3999 interpres

303 4014 391 4082 atque
415 4009 563 4083 magistra.
608 4010 726 4068 Deinde
750 4013 826 4090 (cap.
849 4012 898 4089 l.)
921 4023 1021 4070 auctor
1044 4010 1128 4069 docet
1152 4013 1281 4069 rationes
1305 4010 1550 4078 adversariorum,

304 4091 411 4167 quibus
435 4094 567 4153 nituntur
589 4096 798 4162 demonstrare,
832 4099 930 4176 legem
953 4098 1064 4157 Indicis
1088 4096 1190 4155 obesse
1215 4096 1355 4169 culturae,
1388 4097 1549 4155 evolutioni

302 4177 485 4237 litteraturae
514 4193 576 4250 etc,
611 4185 731 4242 omnino
753 4185 853 4244 futiles
877 4206 941 4244 esse
965 4196 1053 4263 atque
1076 4186 1189 4242 inanes.
1234 4183 1375 4263 Denique
1399 4182 1550 4259 suliiungit

303 4277 403 4323 auctor
418 4264 570 4326 historiam
586 4279 675 4346 atquc
691 4271 889 4330 evolutionem
905 4274 993 4330 totius
1006 4270 1126 4328 Indicis.
1152 4270 1236 4345 Quae
1249 4274 1383 4348 sequitur
1401 4269 1548 4328 uberrima

304 4350 376 4425 (fere
410 4353 473 4409 300
507 4356 624 4430 paginis
657 4362 808 4434 contenta)
842 4359 1003 4435 explicatio
1036 4355 1295 4415 iuridico-moralis
1330 4356 1548 4416 constitutionis

197 4517 199 4520 Ι
303 4435 464 4499 Leonidae.
509 4440 549 4496 Et
578 4442 704 4517 primum
736 4442 855 4520 quidem
884 4446 915 4501 in
942 4443 1096 4519 generales
1127 4445 1323 4521 quaestiones,
1359 4444 1389 4504 h.
1412 4464 1438 4501 e.
1461 4442 1549 4500 linem

305 4542 399 4583 norae
423 4524 506 4601 legis,
530 4523 689 4584 discrimen
709 4548 726 4585 a
746 4540 844 4587 vetere
868 4530 942 4606 lege,
957 4532 1141 4588 sanctionem
1164 4532 1235 4601 eius,
1259 4528 1475 4607 obligationem
1497 4539 1550 4585 ete.

303 4608 426 4688 inquirit
450 4622 558 4681 auctor,
581 4611 690 4671 deinde
713 4616 805 4691 ipsius
828 4618 1047 4674 constitutionis
1071 4616 1162 4674 verba
1186 4616 1331 4693 (singulas
1347 4615 1448 4674 hullae
1466 4634 1550 4693 para-

304 4696 444 4776 graphos)
462 4697 553 4769 aflert,
570 4709 658 4775 atque
670 4698 898 4777 diligentissime
911 4701 1039 4761 discutit.
1053 4703 1089 4759 ln
1102 4722 1276 4780 unoquoque
1289 4714 1399 4779 puncto
1412 4702 1548 4769 advertit,
