3450 5342
833 360 876 369 —
902 328 961 385 lut
987 358 1028 369 -

306 533 368 577 est:
404 554 442 561 -
467 517 504 577 ab
527 517 583 577 hoc
613 520 694 576 enim
717 537 795 575 anno
818 518 943 576 ecclesia
974 514 1049 575 nihil
1073 518 1142 574 novi
1166 516 1225 575 iam
1253 517 1404 593 acquirere
1427 526 1559 592 poterat3

305 608 473 683 immoipsa
496 604 636 663 bonorum
648 624 847 683 possessorum
871 602 1088 663 administratio
1102 604 1192 661 variis
1216 600 1311 661 modis
1333 604 1558 679 circumscripta

305 704 350 752 est
373 701 413 771 (p.
430 689 493 771 ott).
515 691 583 767 Qua
605 690 714 770 agendi
738 693 852 749 ratione
875 693 1020 769 imprimis
1043 690 1148 748 Petrus
1171 690 1212 747 M.
1234 709 1303 747 usus
1326 700 1378 760 est,
1401 690 1464 747 eius
1486 708 1558 745 veru

305 799 487 839 successores
509 780 602 856 ipsius
621 780 749 855 vestigia
771 778 865 837 secuti
888 789 956 837 sunt
979 778 1020 855 (p.
1044 776 1105 842 till.
1148 774 1216 852 Qua
1238 775 1275 834 dc
1298 796 1386 834 causa
1413 778 1461 833 18.
1486 775 1558 833 lulii

306 887 331 924 a.
357 869 438 925 1726
463 864 631 935 ,rusurerisr
654 863 825 925 asenurrirr‘
849 861 1018 944 (collegium
1043 864 1274 939 oeconomicum)
1297 864 1488 921 constitutum
1506 876 1558 920 at-

306 973 363 1031 que
386 974 412 1013 a.
438 955 530 1012 ltus.
552 955 709 1011 senatui
733 950 897 1010 subiectum
921 963 964 1008 est
989 948 1038 1031 (cf.
1061 972 1088 1029 p.
1113 953 1162 1009 68.
1187 952 1249 1019 tbi.
1348 1026 1350 1029 Ι

410 1040 563 1100 Arrenius.
576 1041 724 1107 nemiuem
741 1041 856 1101 timens.
876 1050 978 1096 vetera
990 1037 1175 1103 documenta
1188 1056 1263 1115 quae
1280 1036 1423 1095 ecclesiae
1438 1056 1556 1113 posses²

306 1134 418 1191 siouern
449 1124 622 1205 probabant.
658 1125 817 1204 quaerebat
853 1144 977 1203 earuquc
1013 1124 1155 1184 ecclesiae
1191 1122 1363 1181 vindicabat
1393 1123 1447 1189 (57
1477 1144 1530 1201 sqq
1540 1145 1556 1187 r.

307 1217 441 1291 Collegio
464 1215 650 1271 oeconomico
673 1213 846 1290 praesertim
871 1232 901 1270 se
925 1214 1060 1291 opposuit
1084 1210 1172 1289 idque
1195 1210 1331 1269 omnibus
1353 1212 1443 1267 armis
1462 1210 1555 1269 licitis

309 1300 506 1383 oppugnabat.
531 1333 570 1342 —
603 1320 713 1362 venun,
744 1320 810 1357 cum
834 1319 852 1357 a
875 1300 956 1358 nullo
987 1298 1092 1379 synodi
1125 1296 1256 1355 membro
1287 1298 1445 1359 iuvaretur.
1478 1298 1556 1355 nihil

306 1394 369 1469 ipse
393 1390 510 1465 assequi
532 1388 627 1465 potuit
650 1383 690 1464 (p.
705 1389 768 1463 75).
791 1385 825 1444 Id
850 1405 941 1445 unum
964 1398 1079 1444 tantum
1095 1386 1201 1457 etlecit,
1225 1394 1256 1443 ut
1270 1387 1444 1463 imperatrix
1455 1384 1556 1443 Elisa-

308 1477 380 1535 beth
404 1474 672 1532 saecularizaticuis
695 1472 845 1530 decretum
870 1472 1052 1531 subscribere
1076 1482 1223 1531 recusaret
1247 1470 1556 1549 (,kskl„10tjatp0sls

310 1563 385 1638 moej
412 1563 521 1630 smerti,
544 1562 615 1636 aja
637 1581 674 1619 ue
696 1558 839 1639 podpisu·
867 1565 907 1638 (p.
932 1561 994 1637 81).

409 1649 508 1705 Aliter
529 1658 629 1705 tamen
651 1648 757 1705 Petrus
779 1646 836 1707 ΠΙ.
859 1655 899 1725 (p.
916 1644 969 1725 84)
993 1659 1022 1704 et
1046 1648 1108 1704 eius
1126 1664 1200 1703 uxor
1217 1644 1379 1703 Cutharina
1392 1644 1433 1704 ΙΙ.
1446 1647 1555 1703 sentie-

306 1736 386 1795 bant.
409 1736 579 1793 Constituta
600 1732 637 1791 ab
661 1736 726 1811 ipsa
749 1754 774 1791 a.
801 1736 882 1791 1162
911 1752 1079 1819 „Q'xosrru
1103 1728 1307 1793 recesseris*
1339 1731 1554 1807 (ecclesiastica

308 1825 487 1898 commissio)
504 1822 575 1879 cleri
592 1822 719 1898 querelis
743 1822 914 1879 satisfacere
938 1820 1048 1882 debuit.
1073 1820 1240 1897 Optimatcs
1258 1832 1359 1877 tamen
1375 1828 1404 1876 et
1420 1818 1555 1897 populus,

304 1912 419 1970 fortiter
450 1929 514 1966 sese
536 1908 619 1965 hisce
643 1906 796 1965 conatibus
820 1920 1010 1986 opponentes.
1042 1906 1341 1968 saecularizationem.
1364 1907 1411 1963 cui
1435 1919 1465 1963 et
1489 1908 1554 1984 ipsa

307 1998 471 2057 Catharina
494 1994 622 2058 favebat,
645 1994 777 2051 obtinere
794 1993 978 2053 conabantur
993 1994 1033 2075 (p.
1051 1995 1090 2051 94
1107 2004 1136 2051 et
1154 1994 1215 2053 100
1232 1988 1309 2072 sqq).
1326 1994 1380 2069 Ep.
1398 1994 1552 2060 Amemus,

304 2095 337 2144 ut
360 2084 415 2141 hoc
434 2081 598 2159 impediret,
612 2082 711 2139 omnia
733 2080 928 2139 tentabatrin
942 2082 999 2139 ritu
1014 2100 1050 2138 ex
1074 2100 1099 2138 a.
1126 2081 1216 2138 ltus.
1239 2082 1271 2138 in
1290 2079 1441 2137 dominica
1455 2080 1555 2137 ortho-

303 2171 411 2230 doxiae
435 2168 576 2227 bonorum
600 2168 865 2227 ecclesiastieorum
890 2180 1020 2246 raptores
1044 2166 1226 2225 anathemati
1254 2165 1378 2225 tradidit
1401 2164 1441 2245 (p.
1468 2164 1553 2247 105).

304 2260 346 2317 At
379 2255 450 2334 quid
485 2257 547 2332 ipse
581 2255 660 2313 solus
694 2255 811 2313 efficere
846 2254 961 2333 potuit?
997 2254 1162 2330 Collegium
1197 2254 1438 2321 ecclesiasticum,
1473 2252 1551 2331 quod

302 2348 321 2402 4
348 2345 431 2402 laicis
455 2353 484 2398 et
509 2345 526 2396 3
550 2343 695 2419 episcopis
708 2341 871 2401 constabat.
895 2342 1074 2401 unanimiter
1103 2341 1395 2399 saecularizationem
1418 2340 1552 2398 decrerit

302 2434 343 2510 (p.
369 2432 428 2488 11ῖ
454 2441 530 2505 sqqt.

407 2518 558 2574 ⁴lrseuius.
582 2528 613 2572 ut
636 2514 778 2573 ecclesiae
801 2516 1011 2593 proprietatem
1040 2512 1220 2581 defenderet,
1244 2513 1317 2573 duas
1340 2514 1482 2591 epistolas
1505 2525 1550 2571 sat

302 2624 408 2683 graves
432 2617 460 2660 et
492 2602 590 2662 fortes.
614 2621 689 2679 quae
721 2604 823 2659 ruinae
854 2604 918 2659 eius
950 2620 1038 2660 causa
1069 2602 1186 2659 fuerunt
1219 2636 1257 2643 -
1290 2600 1327 2659 ad
1359 2621 1381 2659 s.
1405 2599 1549 2679 synodum

301 2693 418 2751 mittere
442 2709 528 2747 ausus
551 2699 595 2746 est
620 2689 668 2767 (cf.
692 2709 719 2765 p.
745 2691 805 2745 125
829 2710 884 2767 sqq
906 2698 934 2747 et
956 2690 1014 2746 132
1032 2684 1089 2767 sq).
1113 2686 1276 2747 Catharina
1299 2689 1471 2766 imperatrix
1494 2687 1549 2745 hae

302 2778 339 2835 dc
362 2799 393 2835 re
417 2777 523 2833 certior
541 2776 628 2845 fucta,
645 2795 690 2852 ep.
708 2776 868 2833 Arsenium
884 2796 945 2834 non
961 2776 1053 2833 solum
1070 2784 1102 2833 ut
1120 2774 1273 2853 politicum
1296 2786 1548 2851 transgressorem

303 2863 354 2924 sed
385 2865 474 2920 etiam
505 2872 537 2919 ut
568 2883 591 2922 s.
621 2864 783 2939 scripturae
814 2862 920 2920 falsum
955 2865 1145 2941 interpretem
1177 2861 1301 2921 iudicari
1336 2863 1421 2919 iussit
1451 2856 1548 2941 (129).

302 2952 391 3009 Brevi
416 2961 481 3026 post
504 2950 648 3007 Arsenius
672 2969 690 3006 a
711 2948 856 3007 militibus
879 2962 981 3027 captus
1005 2950 1035 3008 in
1058 2968 1205 3007 carcerem
1228 2948 1370 3007 deductus
1393 2958 1445 3007 est.

408 3034 553 3114 ¹synodus,
581 3037 777 3114 imperatricis
800 3038 874 3093 iram
902 3038 1018 3103 timens,
1042 3056 1086 3115 ep.
1110 3038 1270 3095 Arscnium
1290 3034 1326 3093 ob
1349 3036 1489 3113 epistolas
1512 3034 1549 3093 ad

303 3122 449 3205 synodum
473 3125 578 3181 missas
600 3133 629 3181 et
647 3120 683 3180 ob
708 3124 795 3180 ritum
818 3124 850 3181 in
873 3121 1021 3182 dominica
1044 3122 1237 3181 orthodoxiae
1259 3132 1403 3180 mutatum
1426 3125 1550 3179 removit

303 3214 387 3270 etin
417 3211 627 3267 monasterium
659 3212 686 3270 7.
718 3229 778 3286 apr.
801 3230 827 3267 a.
852 3210 944 3267 1763.
967 3208 1079 3269 includi
1114 3212 1198 3267 iussit
1228 3212 1268 3289 (p.
1302 3211 1363 3267 140
1393 3208 1470 3286 sqq).
1514 3207 1548 3269 ld

304 3298 411 3357 accidit
434 3299 469 3363 ei,
494 3298 544 3374 qui
568 3296 710 3354 eeclesiae
734 3297 799 3354 iura
822 3306 939 3355 strenue
963 3295 1144 3355 detenderet.

406 3384 492 3442 Tunc
502 3392 600 3441 autern
613 3385 761 3460 temporis,
785 3402 850 3440 curn
862 3402 964 3441 omnes
977 3385 1106 3462 episcopi
1121 3418 1158 3425 —
1173 3394 1290 3461 praeter·
1301 3404 1346 3461 ep.
1360 3381 1549 3440 Ambrosium

303 3467 699 3554 (Beprrrcsliarreflcrriirl,
722 3471 772 3547 qui
793 3471 963 3547 perterritus
987 3469 1131 3529 obmutuit
1144 3472 1394 3548 —imperatricis
1417 3470 1548 3529 consiliis

303 3560 524 3624 assentirentur,
556 3556 720 3615 Catharina
750 3558 790 3614 lt.
821 3559 871 3615 26.
908 3555 979 3615 febr.
1005 3560 1096 3615 1761.
1125 3560 1224 3615 omnia
1246 3556 1325 3615 bona
1347 3557 1558 3619 ecclesiastica.

303 3645 527 3703 saecularizavit
552 3644 600 3719 (cf.
623 3663 650 3722 p.
677 3646 737 3701 175
761 3654 790 3701 ct
816 3643 899 3715 153).
923 3642 1007 3719 Quae
1029 3643 1109 3703 bona
1131 3644 1222 3703 simili
1246 3642 1491 3715 modotractavit,
1515 3662 1547 3701 ac

303 3731 561 3789 saecularizatores
591 3739 718 3788 tractare
740 3730 836 3789 solent
868 3726 920 3809 (cf.
944 3753 972 3809 p.
996 3730 1098 3811 236.);
1124 3731 1258 3789 homines
1289 3751 1366 3799 vero,
1397 3732 1447 3808 qui
1471 3732 1548 3807 prius

304 3827 349 3875 sat
371 3815 456 3873 liberi
480 3816 604 3875 fuerant.
638 3816 728 3875 durae
752 3819 887 3876 servituti
911 3817 1045 3875 tradidit·
1069 3818 1109 3896 (p.
1136 3820 1214 3877 178:
1248 3821 1469 3899 spsnocraua
1501 3835 1549 3877 eu-

303 3902 512 3977 mreuuocrs).

412 3988 459 4048 tlb
482 3987 562 4046 dicta
585 3988 739 4067 (quaedam,
772 4011 846 4069 quae
872 3990 1051 4050 Uutharince
1074 3992 1115 4051 II.
1143 3991 1254 4050 scelera
1277 3989 1455 4049 videbantur
1477 4010 1548 4055 esse,

302 4078 409 4134 iterum
431 4076 468 4133 lis
491 4077 627 4134 instituta
650 4087 707 4135 est:
735 4079 879 4136 Arsenius
903 4079 992 4135 etiam
1016 4098 1033 4136 a
1057 4078 1233 4137 monachatu
1256 4086 1384 4136 remotus
1407 4097 1432 4140 a.
1459 4079 1548 4134 1763.

303 4166 334 4222 in
358 4162 509 4221 castellum
534 4164 565 4221 iu
588 4164 691 4234 Revel,
715 4162 764 4221 ubi
787 4163 888 4222 durius
913 4184 1000 4242 quarn
1024 4177 1111 4223 antea
1126 4164 1314 4235 tractabatur,
1331 4164 1485 4223 conclusus
1498 4174 1549 4222 est.

301 4248 341 4332 (p.
374 4254 436 4307 :ltttt
458 4270 530 4327 sqq,
555 4252 617 4307 214
641 4270 713 4327 sqq..
738 4252 822 4327 225).
869 4250 1032 4309 Catharina
1054 4252 1103 4323 11,
1134 4250 1202 4310 odio
1233 4253 1353 4309 Arsenii
1385 4250 1481 4317 ducta,
1513 4250 1549 4309 ad

303 4337 435 4402 crimina,
471 4356 546 4413 quae
570 4338 698 4395 Arsenio
731 4336 886 4417 asynode
921 4348 950 4395 et
978 4339 1059 4396 civili
1094 4338 1204 4397 iudicio
1227 4337 1439 4407 obiciebantur,
1472 4358 1550 4396 nora

303 4421 427 4494 addidit,
451 4423 510 4480 alia
533 4433 631 4481 autem
654 4424 746 4494 auxit,
770 4426 859 4482 immo
882 4426 971 4483 ctiam
995 4425 1077 4483 aliud
1100 4446 1207 4486 nornen
1223 4428 1251 4483 ei
1267 4424 1389 4483 indidit:
1412 4424 1549 4484 Andreas

301 4510 375 4568 Vral
414 4530 539 4588 eumque
562 4520 593 4568 ut
615 4509 792 4569 vilissimum
823 4510 971 4589 plebeium
994 4511 1065 4571 dure
1088 4515 1209 4572 tractari
1241 4514 1324 4570 iussit
1349 4509 1388 4589 (p.
1413 4513 1474 4569 226
1499 4532 1549 4589 sq,

303 4598 365 4656 228
389 4593 453 4676 sq).
476 4598 621 4655 Arsenius
646 4597 726 4655 hisee
742 4599 870 4657 miseriis
892 4596 1020 4671 obrutus,
1044 4598 1299 4659 tande1u28.feb.
1325 4600 1417 4657 1772.
1440 4618 1478 4656 ex
1494 4598 1548 4656 hac

304 4686 368 4743 vita
390 4683 517 4742 decessit
537 4682 576 4762 (p,
601 4684 685 4760 253).

217 5279 356 5333 'nn—*r
556 5302 1210 5333 ι,.....ιι“’ν-·“···-”-----’---“--Γ
