3450 5342
868 394 1088 448 *lli--¹

308 571 408 639 '‘’resis
431 579 469 639 de
492 581 576 638 Luolr
600 601 666 640 cum
682 583 815 639 llomauo
832 581 976 640 Pontifice
994 616 1033 624 --·
1047 580 1207 640 seecundum
1231 590 1377 638 auctorem
1400 583 1430 636 ri
1456 593 1570 638 emotae

304 659 456 750 ''ipsili
481 665 569 745 sqq-i,
584 684 633 710 ¹-—
654 669 757 726 unitae
779 679 855 726 sunt.
1217 689 1220 692 ·

348 777 351 814 :
418 756 586 812 dommum
610 775 680 812 vero
702 753 826 830 gradum
851 755 931 812 Petri
955 755 994 813 ll.
1019 757 1049 812 iu
1074 754 1199 814 Polouia
1230 756 1387 812 auctoritas
1411 761 1498 811 nacta
1520 765 1574 816 est.

331 839 450 920 quaudo
472 861 536 898 curn
561 843 624 899 eius
647 843 758 899 auxilio
773 844 921 919 Augustus
946 843 992 903 ll..
1016 841 1126 900 elector
1143 841 1306 900 Saronicus
1330 861 1381 898 rex
1395 840 1575 899 Polooorum

332 940 377 990 est.
399 928 518 1005 electus.
542 927 589 987 Ob
611 928 668 986 hoc
690 940 720 985 et
738 930 799 986 alia
820 928 953 986 subsidia
976 929 1094 987 aPetro
1107 929 1162 986 ld.⁰
1188 931 1244 1008 ipsi
1268 929 1409 1007 praestita
1422 929 1577 1002 Augustus

333 1015 382 1083 Il..
405 1017 467 1073 eius
490 1013 646 1073 desideriis
669 1013 888 1074 obsecundabat
912 1014 950 1093 (p.
977 1017 1036 1074 251
1063 1013 1149 1094 sqq).

366 1160 369 1164 ,
440 1101 541 1158 Etiam
557 1103 589 1158 in
606 1101 662 1169 hac
678 1102 798 1179 periodo
813 1101 993 1160 orthodoxae
1010 1101 1080 1160 fidei
1102 1101 1310 1180 propagandae
1326 1114 1355 1160 et
1367 1099 1579 1159 defendendae

334 1189 458 1246 multum
482 1187 684 1248 inserviebant
706 1191 884 1247 monasteria
907 1198 937 1246 et
959 1190 1225 1248 confratermitates
1248 1209 1314 1248 cum
1337 1190 1398 1246 suis
1414 1187 1526 1246 scholis
1539 1186 1579 1264 (p.

336 1277 396 1344 288
421 1295 484 1352 sqq.
507 1284 537 1332 et
560 1276 622 1333 312
646 1272 731 1352 sqq).
761 1275 940 1334 Praesertim
963 1297 1016 1354 pcr
1037 1275 1180 1336 dioecesis
1203 1275 1429 1336 Mobileviensis
1454 1275 1582 1332 resusci-

334 1364 476 1420 tationem
499 1360 655 1420 orthodoxi
680 1362 802 1420 nrultunr
825 1365 857 1422 in
881 1363 1032 1438 religionis
1056 1383 1124 1422 suae
1148 1363 1328 1442 protessione
1352 1364 1430 1420 aucti
1454 1370 1482 1418 st
1508 1380 1581 1418 oon-

335 1450 441 1523 firmati
467 1460 535 1506 suut
558 1452 598 1526 (p.
624 1450 684 1505 317
709 1449 795 1528 sqq).

277 1603 279 1607 Α
440 1533 499 1592 eod
522 1533 593 1612 quid
614 1533 653 1592 de
677 1536 741 1612 ipso
764 1537 891 1594 auctoris
914 1556 1000 1613 opere
1023 1535 1118 1614 doque
1143 1537 1257 1594 iniuriis
1280 1534 1452 1594 orthodoxis
1476 1535 1583 1601 illatis,

265 1686 270 1694 ,
336 1642 409 1700 quas
433 1621 496 1679 fuse
520 1631 750 1680 auctorenarrat
774 1621 823 1703 (cf.
835 1625 1007 1701 praesertim
1026 1645 1051 1700 p.
1065 1627 1178 1685 a—lo,
1205 1622 1395 1685 111-238l.
1419 1621 1582 1680 dicendum

336 1707 404 1766 est?
449 1707 558 1766 lllultas
580 1709 703 1766 iniurias
727 1708 899 1767 orthodoxis
930 1709 1021 1768 factas
1045 1731 1109 1768 osse
1133 1731 1218 1768 nemo
1241 1711 1376 1768 veritatis
1400 1729 1505 1767 amans
1531 1728 1585 1766 ue-

326 1787 426 1872 ‘gabit
440 1805 470 1852 at
482 1805 628 1852 auctorem
643 1816 703 1853 rem
719 1796 855 1854 nonnihil
867 1817 1062 1874 <exaggerasse
1075 1799 1228 1874 sequentia
1240 1796 1428 1854 manifestum
1440 1793 1584 1853 reddent:

441 1882 590 1938 Primo:
614 1879 786 1940 Generatim
810 1882 846 1940 de
871 1885 1028 1942 llussorum
1053 1887 1130 1942 male
1148 1885 1239 1960 gestis
1263 1884 1338 1949 silet.
1362 1882 1455 1940 solum
1473 1881 1586 1940 adver—

338 1970 479 2047 sariorum
503 1967 582 2024 facta
604 1971 701 2028 minus
725 1978 804 2027 recta
827 1969 974 2047 depingit:
998 1971 1040 2028 sic
1063 1982 1160 2028 autom
1185 1973 1351 2028 averitatis
1375 1971 1492 2028 tramite
1508 1989 1585 2046 pau-

337 2055 429 2129 lulum
453 2053 605 2114 receditur.

323 2186 364 2214 .,.
390 2198 393 2211 ,
448 2140 633 2199 Secundo:
656 2141 736 2217 Quid
754 2142 839 2199 Russi
857 2163 922 2201 cum
943 2146 1002 2202 suis
1018 2143 1260 2220 promissionibus
1276 2163 1346 2220 erga
1357 2143 1586 2202 Peme-liumus

339 2218 364 2285 a.
391 2229 482 2293 reso.
505 2227 600 2300 factis,
624 2229 755 2299 fecerint,
779 2230 897 2287 silentio
920 2233 994 2308 tegit
1016 2231 1066 2310 (cf.
1090 2251 1117 2309 p.
1142 2233 1159 2286 5
1183 2233 1268 2308 sqq).

446 2314 605 2372 Tertio:
632 2315 738 2373 Russus
769 2319 800 2374 iu
824 2316 884 2374 suis
907 2337 977 2394 erga
999 2317 1126 2376 Polonos
1157 2315 1321 2375 actionibus
1353 2317 1446 2376 solum
1470 2317 1587 2374 motivo

340 2401 477 2478 religioso
508 2400 652 2460 necnon
682 2405 792 2460 motivo
815 2401 1066 2462 defendendorum
1080 2406 1196 2462 viurium
1227 2403 1454 2462 orthodoxorum
1479 2401 1588 2460 ductos

340 2483 430 2546 fuisse
454 2485 539 2545 nobis
562 2487 737 2565 persuadere
760 2489 858 2547 studet
880 2486 930 2566 (cl'.
955 2495 995 2547 to
1019 2511 1082 2570 sqq.
1107 2503 1137 2548 et
1160 2493 1221 2549 238
1245 2493 1309 2570 sq).

449 2571 611 2650 Quarto:
635 2575 702 2632 Non
725 2575 852 2633 attendit
874 2575 1084 2656 rempublicam
1098 2577 1274 2636 Polouorum
1298 2579 1358 2636 iam
1381 2585 1521 2654 tempore,
1547 2575 1587 2632 de

341 2681 398 2739 quo
414 2663 537 2738 agimus,
560 2662 731 2718 infirmitate
747 2683 853 2739 magna
866 2662 1027 2739 laborassc3
1044 2663 1206 2734 edebantur
1221 2667 1300 2723 enirn
1317 2664 1443 2734 decreta,
1459 2682 1587 2742 quorum

341 2747 577 2806 observationem
609 2768 694 2806 nemo
725 2749 864 2813 curabat:
889 2785 931 2793 -
954 2750 1023 2810 dein
1047 2771 1112 2810 cum
1136 2771 1259 2830 regnum
1281 2752 1456 2810 Polonicum
1480 2747 1586 2807 catho-

340 2834 430 2892 licum
453 2844 538 2904 esset,
561 2836 727 2913 quicunque
743 2837 832 2894 aliam
848 2837 1020 2914 religionem
1038 2838 1234 2916 profitebatur,
1259 2837 1418 2896 secuudum
1441 2839 1586 2913 temporis

342 2922 512 2998 opinionem
536 2920 715 2999 reipublicae
737 2925 875 2980 inimicus
899 2923 1063 3001 putabatur.
1095 2999 1099 3002 -

451 3005 610 3082 Quinto:
634 3009 681 3065 Ex
695 3011 802 3086 scripto
825 3013 911 3069 unius
933 3031 1034 3070 ornnes
1051 3032 1174 3070 coaevos
1198 3009 1302 3072 eadem
1326 3013 1439 3070 ratione
1456 3011 1586 3068 sensisse

291 3146 293 3150 .
337 3092 490 3152 'concludit
513 3093 562 3170 (cf.
587 3097 652 3152 132>
671 3116 743 3173 sqq..
769 3097 837 3167 193,
861 3097 946 3174 213).

447 3180 586 3239 Sexto:
619 3182 685 3238 Etsi
715 3183 876 3242 catholicos
911 3205 1130 3263 nonnumquam
1166 3187 1262 3243 minus
1298 3195 1378 3242 recte
1409 3185 1587 3262 processisse

342 3266 469 3345 libenter
491 3267 625 3338 fatemur,
659 3278 758 3326 tamen
781 3274 943 3346 persecutio
966 3271 1039 3329 haec
1063 3274 1185 3330 minime
1208 3271 1335 3330 cundem
1358 3268 1482 3348 gradum
1506 3289 1588 3326 asse-

343 3364 410 3412 cuta
433 3363 485 3426 est,
509 3374 596 3431 quem
619 3358 783 3432 persecutio
806 3356 946 3414 adversus
970 3361 1066 3416 unitos
1090 3379 1114 3418 a.
1141 3359 1223 3416 1839
1250 3368 1280 3416 et
1305 3359 1396 3416 1875.

448 3440 528 3498 Dein
552 3439 661 3498 clerum
686 3442 863 3501 catholicum
887 3445 1044 3502 fenntismo
1067 3444 1257 3505 obcaecatum
1275 3445 1365 3503 fuisse
1380 3444 1421 3522 (p.
1442 3443 1505 3516 56),
1528 3441 1588 3502 fra·

343 3528 497 3584 teruitates
521 3536 618 3584 autem
642 3527 868 3588 orthodoxorum
901 3533 1021 3590 solum
1050 3531 1254 3610 legalibus
1278 3530 1418 3590 mediis
1441 3529 1589 3607 (iskljuei-

344 3608 433 3670 tel¹no
456 3615 597 3692 mirnymi
621 3613 796 3674 srcdstrami
820 3637 847 3694 p.
873 3613 925 3694 75)
949 3639 1016 3676 usas
1040 3639 1103 3678 esse
1126 3639 1192 3678 cum
1213 3622 1246 3678 in
1269 3639 1300 3678 se
1323 3621 1420 3676 minus
1443 3615 1587 3676 credibile

344 3707 397 3769 est,
428 3709 491 3757 tum
522 3700 607 3757 factis
639 3701 786 3760 historicis
817 3704 952 3762 nonnihil
992 3715 1135 3782 repugnat
1166 3705 1215 3784 (cf,
1247 3715 1369 3764 mortem
1400 3727 1422 3764 s.
1447 3703 1587 3782 iosaphat

346 3784 539 3843 Kunccwicz:
573 3785 693 3865 Gndpiu
727 3790 764 3849 0.
787 3793 816 3847 S.
839 3791 874 3850 B.
897 3791 938 3848 St.
962 3792 1116 3868 Josaphat,
1140 3793 1337 3872 Archevdque
1360 3791 1397 3850 de
1419 3789 1533 3850 Poloclu
1559 3799 1588 3848 et

345 3869 458 3946 l'dglise
480 3891 607 3949 grecque
629 3876 698 3931 unie
721 3896 757 3932 en
781 3877 921 3954 Pologne.
945 3879 1079 3948 Poitiers‚
1106 3877 1209 3958 1874).
1238 3881 1338 3938 Etiam
1362 3877 1433 3958 quid
1456 3881 1495 3936 sit
1517 3878 1589 3935 unio

346 3976 410 4014 cum
436 3957 569 4015 Romana
592 3959 668 4022 sedo.
692 3964 767 4019 sicut
791 3963 841 4019 alii
859 3965 945 4022 ltussi
970 3964 1135 4042 intelligere
1160 3988 1218 4024 nou
1242 3977 1324 4024 curat
1348 3965 1398 4044 (cf.
1415 3967 1475 4023 237
1500 3963 1589 4043 sqq).

449 4044 541 4102 Porro
573 4047 660 4104 ctiam
692 4069 766 4125 quac
797 4049 833 4106 do
864 4053 993 4128 episcopi
1020 4051 1170 4128 Vinniclrij
1203 4052 1240 4111 ad
1269 4073 1371 4112 uocem
1404 4049 1589 4111 suasionibus

347 4141 385 4205 lp.
412 4131 493 4205 153),
528 4130 622 4209 deque
646 4134 995 4214 Dionysii'Zabokriokij
1029 4139 1065 4195 ab
1097 4141 1313 4217 irregularitate
1343 4138 1518 4198 liberatione
1550 4137 1589 4216 (p.

349 4212 433 4290 187).
456 4228 581 4288 enarrat,
605 4234 784 4296 exaggerata
807 4244 870 4280 esse
894 4233 1037 4301 putamus.
1061 4261 1103 4269 -—
1126 4226 1185 4284 Sed
1207 4226 1244 4285 de
1268 4226 1324 4285 hac
1346 4247 1379 4285 re
1401 4227 1484 4284 alias.
1611 4237 1613 4242 '

457 4301 541 4376 Quae
572 4304 691 4362 taudem
723 4305 760 4364 de
784 4309 863 4365 Petri
889 4311 989 4387 Magni
1023 4313 1054 4368 in
1078 4313 1191 4370 Polock
1223 4335 1249 4371 a.
1275 4315 1357 4372 1705
1388 4315 1479 4391 gestis
1510 4311 1591 4380 dicit,

348 4387 524 4446 refutatione
548 4411 607 4448 nou
629 4391 772 4469 indigent.
797 4415 860 4452 curn
884 4407 974 4455 testes
1006 4399 1095 4456 etiarn
1126 4399 1233 4458 oculati
1265 4400 1351 4458 aliter
1374 4409 1517 4458 testentur
1540 4397 1592 4477 (cf.

349 4472 502 4532 Likowski
525 4497 550 4533 o.
574 4497 598 4536 c.
621 4497 647 4554 p.
674 4481 711 4535 12
736 4501 799 4557 sqq.
823 4494 851 4538 ot
876 4493 1006 4542 auctores
1030 4484 1141 4544 ibidem
1165 4487 1291 4563 citatos).

395 4593 398 4600 ·
457 4562 515 4620 His
545 4575 645 4622 tamon
674 4586 732 4623 non
763 4566 947 4627 obstantibus
977 4569 1052 4628 liber
1083 4576 1210 4632 auctoris
1240 4593 1306 4632 cum
1337 4573 1373 4632 ob
1410 4574 1591 4632 litteraturae

350 4649 464 4724 copiam
494 4659 556 4708 turn
590 4650 626 4708 ob
658 4654 754 4729 ipsum
778 4666 981 4730 argumentum
1007 4691 1044 4700 -
1070 4659 1155 4717 huius
1187 4663 1266 4718 enim
1297 4662 1438 4740 temporis
1460 4659 1592 4726 historia
