3450 5342
843 474 1034 529 -262-

315 662 431 722 Rastia
462 696 502 707 -
527 660 836 723 Animadvertendum
859 672 912 735 est,
947 660 1108 723 secundum
1142 661 1323 732 Pavlov,
1361 662 1472 720 (ursus
1493 663 1574 720 iuria

313 750 508 811 ecclesiastici
539 748 584 809 ed.
614 770 632 807 s
662 748 877 825 Gromoglasov
910 746 1046 834 (Kypcn
1079 766 1288 831 uepieusuauc
1323 766 1427 831 upana
1461 746 1500 811 A.
1531 744 1571 811 0.

313 832 480 919 Hamae,
514 832 823 919 CeauoTponmsan
846 832 1005 919 Cepriesa
1027 832 1154 917 eianptg
1188 832 1286 905 1902)
1321 855 1388 913 pag.
1412 836 1474 893 109
1501 856 1571 914 sqq.

314 923 373 982 duo
396 926 427 981 In
450 922 575 981 historia
598 924 668 981 iuris
691 923 886 981 ecclesiastici
908 925 940 981 iu
963 923 1071 981 Russia
1092 919 1280 1001 respicienda
1301 932 1331 979 et
1348 920 1569 981 consideranda

315 1029 387 1083 cese,
412 1028 486 1088 quae
510 1018 595 1069 sunt:
627 1008 711 1068 fata
734 1012 945 1069 nomocanonis
968 1029 986 1067 a
1007 1008 1132 1068 Graecis
1155 1010 1268 1087 accepti
1291 1020 1322 1067 et
1352 1009 1571 1069 formatio

313 1096 625 1175 proprii-particularis
662 1098 733 1155 Iuris
770 1094 974 1157 ecclesiastici
1022 1096 1057 1153 In
1093 1094 1217 1153 historia
1255 1094 1340 1154 huius
1378 1095 1571 1155 formationis

313 1183 428 1243 I’avlov
444 1181 601 1261 distinguit
623 1192 682 1241 tres
705 1182 849 1261 periodos,
873 1202 997 1261 quarum
1011 1183 1107 1260 prims
1129 1179 1308 1260 perdurabat
1330 1180 1400 1241 inde
1422 1180 1461 1241 ab
1478 1184 1569 1241 initio

313 1270 526 1329 christianismi
558 1272 589 1329 in
611 1270 719 1329 Russia
748 1290 840 1348 usque
863 1269 902 1327 ad
924 1267 1109 1329 descendens
1136 1288 1212 1327 saec.
1235 1269 1313 1341 XV„
1348 1289 1406 1348 quo
1430 1283 1566 1348 tempore

314 1358 439 1416 Itussica
460 1357 587 1415 ecclesia
616 1356 830 1435 autokepbalos
852 1359 957 1419 evasit.
1002 1356 1038 1415 lu
1061 1355 1117 1414 hac
1139 1354 1261 1433 periodo
1287 1357 1367 1414 iacta
1389 1369 1476 1415 eraut
1498 1356 1569 1415 fuu-

313 1443 453 1503 damenta
487 1445 558 1503 iuris
585 1445 897 1524 proprii-particularis
930 1444 1104 1522 praeprimis
1135 1445 1259 1512 externi,
1293 1463 1352 1521 quo
1383 1442 1566 1502 determina·

314 1529 421 1589 bantur
444 1540 561 1589 mutuae
585 1530 743 1589 relationes
773 1532 851 1591 iuter
873 1531 1030 1589 ecclesiam
1057 1540 1088 1587 et
1110 1530 1262 1588 civitatem
1285 1527 1376 1608 idque
1399 1529 1567 1589 secuudum

313 1616 466 1695 exemplar
480 1618 579 1693 graeci
595 1620 805 1677 nomocanonis
822 1618 909 1677 simul
924 1627 1024 1675 tamen
1046 1614 1271 1675 condicionibus
1287 1627 1317 1674 et
1332 1618 1567 1675 circumstantiis

313 1706 450 1782 propriae
472 1706 570 1781 gentis
593 1706 672 1763 vitae
696 1706 836 1763 maiorem
860 1707 922 1763 vim
938 1703 1125 1762 habentibus.
1147 1702 1334 1761 Documento
1356 1705 1491 1763 existunt
1505 1715 1566 1763 sta·

312 1798 377 1849 tuta
400 1792 444 1849 Sti
470 1790 627 1849 Vladimiri
650 1802 680 1849 et
701 1790 853 1850 Jaroslavi
877 1812 915 1849 ex
937 1810 1014 1849 saec.
1034 1790 1099 1861 xl,
1123 1810 1199 1867 quae
1221 1792 1373 1849 continent
1397 1793 1482 1848 varia
1506 1792 1568 1869 pri·

312 1876 425 1955 vilegia
454 1872 655 1957 (decimarum,
690 1875 877 1957 iudiciorum)
907 1876 1092 1935 hierarchiae
1121 1896 1269 1945 concessa,
1303 1885 1414 1935 statuta
1436 1877 1565 1936 aliorum

312 1966 477 2043 principum
501 1984 538 2022 ex
554 1984 630 2026 saec.
643 1964 724 2035 XII,
747 1964 783 2023 de
807 1984 931 2043 quorum
953 1976 1054 2023 tamen
1069 1965 1242 2023 auctoritate
1265 1962 1396 2022 maxima
1419 1984 1457 2021 ex
1478 1974 1566 2042 parta

312 2048 472 2109 dubitatur.

417 2138 532 2195 Extant
553 2138 642 2195 etiam
666 2148 777 2217 septem
801 2140 912 2217 scripta
934 2137 1095 2197 chunorum
1118 2158 1170 2195 seu
1192 2138 1357 2214 principum
1381 2137 1564 2195 'l'atarorum

311 2242 350 2282 ex
370 2242 450 2283 saec.
465 2224 554 2281 XIII.
567 2234 596 2281 ct
619 2224 713 2295 xlv,
736 2222 842 2303 quibus
866 2227 931 2284 iura
953 2224 1204 2302 metropolitarum
1226 2222 1386 2281 tuebantur
1407 2224 1456 2281 vel
1482 2242 1564 2283 nova

311 2312 470 2390 privilegia
493 2308 702 2369 concedebant.
749 2312 824 2371 Iuris
847 2312 956 2371 interni
979 2310 1173 2369 ecclesiastici
1197 2311 1229 2367 in
1252 2309 1307 2368 hac
1330 2310 1452 2387 periodo
1475 2313 1564 2369 varia

310 2412 378 2456 sunt
397 2410 600 2457 monuments:
623 2397 787 2476 complures
803 2398 920 2457 litterae
942 2398 1175 2477 patriarcharum
1189 2397 1415 2475 Constantinop.
1430 2412 1461 2455 et
1486 2418 1563 2456 non·

311 2484 410 2543 nullae
433 2486 549 2544 litterae
572 2487 779 2563 Imperatorum
795 2486 954 2565 Bymantin.
966 2484 1003 2542 de
1019 2483 1106 2543 rebus
1127 2484 1339 2542 ecclesiasticis
1354 2482 1562 2554 decernentes,

310 2572 485 2650 praeprimis
508 2590 574 2629 cum
591 2570 627 2629 de
644 2572 791 2632 erectione
811 2572 859 2630 vel
881 2571 1030 2630 divisione
1049 2570 1287 2649 metropoliarum
1312 2571 1359 2628 vel
1376 2570 1561 2629 dioecesium

310 2668 465 2734 ageretur,
489 2656 527 2715 ad
550 2658 713 2737 peculiares
737 2658 833 2717 fontes
855 2660 1005 2737 pertinent
1028 2657 1146 2717 decreta
1161 2656 1343 2736 quarundam
1367 2657 1563 2737 synodorum,

311 2746 439 2803 maxime
464 2764 534 2803 vero
557 2766 697 2823 responsa
719 2755 748 2803 et
771 2746 888 2804 litterae
911 2747 1070 2804 canonicae
1093 2745 1360 2821 ecclesiasticorum
1376 2746 1561 2818 antistitum3

309 2833 478 2909 gravIssimi
509 2833 649 2890 momenti
674 2842 741 2891 sunt
764 2852 906 2912 responsa
935 2840 1056 2910 metrop.
1079 2832 1201 2890 Ioannis
1223 2832 1263 2889 II.
1286 2851 1324 2889 ex
1348 2850 1423 2892 saec.
1447 2832 1504 2889 xi
1527 2842 1562 2889 et

310 2938 450 2997 response
472 2919 561 2996 episc.
578 2918 738 2997 Niphontis
762 2918 799 2978 ad
824 2920 1068 2995 interrogationes
1091 2918 1192 2989 Cirici,
1216 2921 1333 2977 Savvae
1356 2929 1386 2977 et
1410 2918 1495 2976 Eliae
1518 2940 1560 2976 ex

310 3024 384 3065 saec.
408 3004 482 3063 XII.
505 3038 547 3047 -

414 3092 450 3149 In
474 3090 594 3169 periodo
616 3091 745 3150 secunda
763 3128 793 3135 -
817 3092 1040 3170 autocephaliae
1063 3113 1082 3149 a
1098 3112 1173 3150 saec.
1190 3092 1257 3152 ΧΥ.
1270 3110 1362 3170 usque
1385 3090 1423 3149 ad
1434 3092 1558 3151 Petrum

308 3176 451 3255 Magnum
463 3210 506 3221 --
517 3178 647 3237 evolutio
670 3180 741 3238 iuris
757 3180 1068 3258 proprii-particularis
1091 3181 1221 3237 maxime
1233 3198 1286 3258 pcr
1300 3178 1430 3258 synodos
1442 3198 1560 3257 promo-

307 3261 440 3336 vebatur,
463 3285 538 3343 (luae
561 3286 596 3324 eo
618 3276 748 3343 tempore
766 3267 824 3323 iam
849 3266 924 3323 nihil
947 3266 1074 3345 amplius
1098 3277 1183 3324 erant
1205 3286 1293 3344 quam
1316 3268 1381 3323 vice
1400 3268 1558 3343 potestatis

309 3351 416 3425 civilis,
440 3354 510 3430 quia
531 3352 849 3431 priucepsMoseoviae
873 3355 936 3431 ipsc
953 3374 999 3412 res
1022 3355 1053 3411 in
1076 3352 1190 3433 synodo
1206 3352 1375 3411 tractandas
1397 3372 1559 3430 earumque

308 3436 442 3497 ordInem
468 3438 695 3517 praescribebat.

411 3526 485 3584 Inde
508 3537 606 3585 autern
630 3546 647 3583 a
670 3525 927 3585 reformationibus
949 3526 1030 3584 illius
1053 3528 1152 3603 magui
1177 3527 1362 3604 imperatoria
1389 3524 1554 3583 stabilitum

305 3620 352 3669 est
375 3613 430 3671 hoc
449 3623 580 3692 systema
601 3614 673 3670 iuris
689 3612 890 3682 ecclesiastici,
914 3633 972 3691 quo
995 3612 1083 3671 hodie
1098 3613 1224 3671 ecclesis
1236 3614 1361 3671 Russics
1375 3613 1494 3687 regitur.
1510 3642 1553 3653 —-

411 3698 624 3759 Praetermissa
646 3699 770 3758 historie
791 3698 900 3759 (iraeci
924 3702 1134 3759 uomocanonis
1156 3702 1188 3757 in
1211 3699 1319 3758 Rusaia
1340 3699 1375 3756 11.
1399 3700 1437 3756 Κ,
1459 3698 1556 3756 (loeta

308 3784 436 3843 attendit
459 3786 495 3843 ad
519 3786 611 3845 solam
640 3785 793 3845 blstoriam
818 3788 1002 3845 formationis
1031 3789 1103 3845 iuris
1126 3787 1444 3865 proprii-partIcularis,
1478 3804 1555 3863 quae

306 3870 385 3949 spud
408 3872 522 3931 Pavlov
545 3894 571 3931 o.
594 3893 617 3930 c.
637 3876 805 3932 continetur
827 3875 844 3947 ,d
869 3878 996 3931 40-53
1020 3884 1050 3932 ct
1072 3885 1239 3932 accuratam
1263 3875 1429 3931 versionem
1452 3892 1553 3929 eoram

305 3960 434 4035 capitum
458 3956 587 4037 praebet.

411 4044 547 4103 Secunda
577 4066 643 4124 pars
673 4046 742 4105 libri
773 4046 850 4125 (pag.
881 4048 1044 4120 tte-403)
1079 4046 1225 4125 quaedam
1259 4056 1449 4106 monumenta
1483 4045 1556 4103 iuris

304 4130 497 4190 ecclesiastici
521 4152 558 4189 ex
582 4135 677 4210 prima
699 4132 819 4211 periodo
835 4135 898 4191 eius
921 4134 1101 4192 evolutiouie
1125 4133 1336 4212 complectitur,
1359 4152 1482 4210 nempe:
1505 4151 1554 4190 oa·

305 4218 412 4276 nonica
441 4238 582 4296 response
612 4228 694 4278 metr.
725 4222 846 4281 Ioannis
877 4220 917 4278 lI.
947 4219 1056 4279 deinde
1086 4223 1332 4297 interrogationes
1363 4220 1453 4279 Cirici
1485 4238 1553 4278 cum

304 4307 452 4383 responsis
468 4307 557 4383 episc.
570 4305 739 4384 Niphontis,
756 4306 885 4385 denique
900 4309 1014 4366 monita
1028 4306 1157 4386 archiep.
1175 4306 1407 4377 Eliso-Ioannis,
1429 4324 1552 4385 quorum

302 4390 396 4450 verba
426 4402 456 4450 et
488 4394 554 4470 ipsc
581 4393 741 4452 aii'eruntur
770 4404 800 4452 et
829 4396 861 4453 in
885 4392 1095 4453 Germanicum
1126 4414 1213 4453 versu
1242 4414 1309 4453 curn
1340 4394 1553 4453 commentario

302 4478 502 4553 exhibentur3
537 4482 735 4557 praemittitur
764 4502 834 4539 vero
864 4482 990 4558 singulis
1013 4482 1061 4540 hIs
1083 4484 1281 4539 monumentis
1310 4480 1491 4539 introductio
1513 4478 1550 4536 de

303 4568 453 4643 scriptore,
476 4566 614 4637 fontibus,
637 4567 781 4625 relatione
804 4566 842 4625 ad
864 4566 1054 4647 disprlinam
1077 4568 1220 4626 ecclesiae
1240 4570 1373 4627 Graecae
1395 4578 1451 4625 etc.

409 4654 500 4711 Sicuti
518 4654 613 4731 prime.
623 4674 691 4732 pars
708 4656 750 4711 ita
762 4650 892 4712 secunda
907 4657 1064 4733 praecipue
1076 4656 1250 4714 auctoritate
1262 4655 1388 4713 Pavlovi
1405 4656 1553 4713 inuititur.

302 4736 390 4794 Patet
413 4757 477 4796 earn
502 4739 593 4799 solam
618 4739 795 4818 respondere
818 4742 942 4799 consilio
965 4744 1123 4820 scriptoris,
1155 4741 1302 4800 iormandi
1325 4741 1383 4801 sibi
1406 4740 1551 4819 nohIsque
