3450 5342
647 365 841 421 -325-

116 551 238 610 colatae
280 554 481 629 conceptionis
521 548 712 632 (quamquam
757 554 844 612 Russi
883 553 1043 632 Dciparam
1079 557 1365 634 ,prerreporodnaja“

116 638 150 695 h.
183 659 207 699 c.
245 640 463 697 immaculatam
498 661 550 717 per
582 639 790 698 excellentiam
822 639 997 718 nominant),
1031 642 1232 720 primatusque
1265 661 1369 720 papae.

115 730 219 800 Quam
242 726 388 803 triplicem
424 728 611 802 negationem
650 747 667 785 a
698 727 781 786 nulla
826 729 1001 786 auctoritate
1036 727 1190 804 spirituali,
1223 747 1297 806 (puae
1331 729 1369 788 ab

112 811 256 870 omnibus
274 822 305 869 ut
321 833 457 890 suprema
471 823 549 871 esset
569 816 679 890 agnita,
694 816 839 872 sancitam
856 835 929 880 esse.
945 823 1046 872 auctor
1061 813 1154 872 fustus
1176 817 1370 894 persequitur.

118 899 194 956 Nec
218 899 340 957 ullum
360 900 568 958 concilium
593 900 1118 958 oecumenicumdoctr·inam
1142 904 1366 981 oppositam

116 986 408 1044 catholicorum
440 985 654 1044 damnavit.
683 987 815 1045 Maxime
846 987 923 1064 apud
948 988 1057 1046 Russus
1087 992 1246 1048 auctoritas
1274 1010 1368 1068 papae

119 1071 191 1129 odie
214 1072 389 1130 hebetaret
413 1093 520 1152 papam
544 1073 724 1132 arbitrantur
741 1075 894 1132 inimicum
918 1073 1062 1133 Orientis!
1087 1073 1145 1132 Sed
1169 1075 1239 1154 quid
1264 1076 1368 1134 volunt

120 1159 188 1216 loro
216 1161 326 1237 papae?
358 1161 564 1218 t'onciliumne
593 1159 830 1220 oecumenicam?
859 1161 924 1219 lam
955 1161 1036 1220 mille
1069 1179 1162 1219 annos
1193 1163 1304 1221 nullum
1337 1166 1367 1220 in

119 1248 247 1303 (triente
271 1245 449 1304 celebratam
480 1258 525 1305 est
549 1267 644 1324 neque
666 1247 827 1306 secundum
850 1247 1034 1306 Philaretum
1065 1247 1300 1308 Moscerierrsem
1324 1247 1366 1306 ibi

119 1333 187 1389 lieri
202 1346 314 1410 potest.
338 1333 442 1410 Neque
455 1355 477 1393 s.
500 1332 639 1412 Synodus
658 1334 880 1412 Petropelitana
897 1353 952 1392 aee
975 1334 1142 1413 patriarcha
1158 1336 1367 1395 Constantiac-

119 1420 272 1496 politanns
294 1432 415 1497 pessunt
438 1440 502 1478 esse
525 1429 613 1498 caput
631 1423 787 1479 universae
809 1421 964 1483 eeclesiae.
986 1421 1174 1504 Quapropter
1189 1423 1368 1482 alternative

118 1506 306 1584 relinquitur,
337 1517 387 1564 ant
409 1507 556 1565 affirmare
587 1527 653 1565 cum
676 1509 764 1566 sectis
792 1511 941 1580 extremis,
972 1508 1125 1566 ecclesiam
1158 1512 1367 1587 proprietatem

117 1591 256 1652 divinam
281 1592 452 1672 perdidisse,
475 1603 526 1652 aut
548 1603 636 1672 eaput
663 1596 694 1652 in
717 1593 882 1654 Occidente
906 1615 1073 1670 agnoscere.

233 1681 338 1758 Capite
369 1679 420 1737 Il'.
458 1682 555 1758 agitur
584 1679 621 1738 de
652 1679 865 1741 dissidentibus
898 1683 930 1740 in
961 1683 1076 1753 Russia,
1107 1679 1144 1740 de
1180 1701 1250 1738 veru
1282 1701 1370 1740 causa

118 1766 298 1834 schismatis,
331 1780 359 1824 ct
390 1766 460 1844 quid
496 1767 665 1826 Philsretus
696 1769 909 1827 Moscoviensis
944 1770 1076 1826 nominet
1110 1768 1264 1826 scelestam
1305 1771 1368 1826 uni·

120 1853 279 1910 r'crsalem.

232 1940 364 1997 Primum
395 1937 433 1996 ad
457 1939 649 1999 obtinendum
683 1950 790 2000 statum
822 1941 991 2016 religiosum
1024 1941 1175 1998 meliorem
1206 1943 1237 1998 in
1260 1941 1369 1999 ltussia

119 2041 176 2088 est.
200 2038 231 2083 ut
261 2026 423 2104 postuletur
453 2027 580 2085 ecelesia
617 2025 822 2105 independens
853 2049 870 2085 a
901 2029 1163 2105 caesaropapisme‚
1195 2047 1270 2105 quae
1301 2047 1367 2084 cum

120 2113 230 2191 popule
261 2133 375 2170 omnem
407 2115 500 2171 vitam
523 2114 661 2172 socialem
692 2125 723 2172 et
745 2115 895 2192 politicam
927 2115 1091 2192 participet,
1124 2114 1250 2172 eeclesia
1272 2112 1368 2170 libera

119 2201 296 2258 auctoritate
311 2199 425 2277 pollens
440 2211 470 2257 et
493 2202 607 2277 rigens.
622 2200 730 2260 Adhuc
753 2199 937 2260 desideratur
959 2221 1030 2260 vcra
1045 2200 1263 2258 administratio
1281 2202 1366 2278 spiri·

119 2287 211 2344 rualis
234 2288 264 2342 in
288 2287 413 2344 ccclesia
436 2287 683 2346 (trasco-russia.
706 2287 805 2363 Quare
828 2287 1007 2348 dissidentes
1038 2288 1129 2366 aliqui
1158 2295 1258 2366 aperte
1289 2287 1368 2344 affir-

120 2384 247 2443 marunt,
277 2393 378 2431 veram
410 2372 570 2434 eeclesiam
597 2395 675 2433 anne
707 2376 788 2432 1666
819 2373 856 2432 de
888 2373 997 2433 mundo
1028 2377 1193 2444 cucurrisse,
1227 2375 1365 2432 Russiam

120 2481 192 2517 rere
215 2462 317 2517 virere
340 2460 393 2516 suh
422 2461 567 2537 spirituali
591 2463 715 2540 Imperio
737 2461 925 2529 Antichristi,
948 2462 1097 2538 Petropoli
1129 2460 1292 2522 residentis.
1327 2495 1364 2503 -

122 2551 244 2604 Summa
267 2546 418 2605 doctrinae
433 2547 579 2606 Philareti
593 2548 684 2606 Mose.
699 2559 756 2606 est:
779 2548 905 2606 ecclesia
918 2549 1095 2606 universalis
1118 2549 1249 2606 continet
1265 2567 1366 2604 omnes

120 2633 262 2692 ecclesias
285 2635 484 2712 particulares,
507 2631 666 2693 dummodo
688 2635 881 2705 servaverint,
902 2636 977 2692 sicut
991 2635 1123 2706 Russica‚
1146 2654 1217 2711 prae
1245 2633 1366 2711 reliquis

122 2723 279 2797 puritatem
303 2720 454 2779 doctrinae
470 2719 603 2780 divinae:
627 2721 712 2778 huius
732 2730 829 2778 autem
845 2719 984 2779 iudicium
1001 2720 1094 2779 solum
1112 2741 1201 2798 penes
1224 2720 1366 2797 Spiritum

121 2829 143 2864 s.
168 2817 220 2867 est.
243 2807 290 2864 lle
313 2809 431 2866 vinculo
454 2806 566 2864 risibili
590 2817 619 2866 et
639 2809 846 2865 coniunctione
870 2815 970 2864 mutua
993 2806 1092 2865 sociali
1112 2807 1189 2864 nihil
1213 2815 1294 2864 curat
1318 2805 1365 2862 vel

121 2896 218 2970 potius
241 2913 277 2952 ea
300 2904 396 2971 negat.
420 2928 462 2937 -

230 2981 348 3038 (lmissa
372 2981 547 3038 refutatione
571 2981 741 3058 opinionum
764 2979 995 3057 slavoplrilorum
1024 2978 1080 3057 (cp.
1103 2979 1151 3056 Υ.)
1176 2989 1263 3056 atque
1287 2981 1363 3036 tristi

120 3069 262 3124 seruitute
284 3067 427 3126 ecclesiae
449 3068 591 3126 Russicae
614 3065 668 3124 sub
691 3069 760 3143 iugo
782 3068 1029 3144 caesaropapismi
1052 3067 1198 3139 gementis
1220 3064 1277 3144 (cp.
1302 3066 1366 3142 VI.)

119 3172 213 3231 praeca
236 3152 272 3211 de
295 3153 415 3212 officiali
439 3157 501 3212 eius
525 3152 783 3212 administratione
807 3154 863 3232 (cp.
889 3153 959 3227 Vll)
983 3152 1196 3231 depromemus.

229 3240 374 3300 Aksakov
397 3263 433 3300 ea
444 3241 481 3300 de
504 3241 643 3299 refusius
666 3239 794 3311 disserit,
818 3261 940 3318 qnorum
959 3259 1102 3298 summam
1119 3239 1306 3314 attingemus
1322 3269 1365 3278 —

120 3328 258 3386 Ecclesia
274 3327 437 3387 orthodoxa
454 3327 677 3387 administratur
692 3349 745 3406 per
758 3349 780 3385 s.
804 3325 966 3406 Synodum,
983 3329 1065 3386 cuius
1084 3325 1216 3384 membra
1231 3343 1366 3402 supremo

121 3417 300 3492 procuratori
332 3417 413 3472 cirili
446 3416 493 3472 vel
525 3415 648 3472 militari
676 3413 817 3485 subiecta,
848 3416 1008 3489 imperator
1036 3415 1177 3472 nominat.
1207 3411 1367 3470 Praeterea

120 3503 209 3560 etiam
233 3504 363 3580 episcopi
388 3502 549 3560 secundum
572 3502 682 3580 placita
706 3521 728 3559 s.
746 3500 860 3580 Synodi
884 3500 1085 3577 designantur.
1109 3499 1254 3558 Similiter
1276 3500 1366 3556 etiam

121 3588 229 3662 predas
257 3588 433 3647 hierarchici
466 3599 550 3666 prout
571 3587 680 3666 gradus
711 3588 855 3647 militares
884 3586 1058 3645 dividuntur
1093 3581 1292 3666 (metropolita
1322 3605 1367 3642 re-

123 3674 245 3752 spondet
269 3676 454 3745 marescalco,
477 3675 717 3753 archiepiscopus
731 3675 864 3751 generali
878 3673 1042 3745 divisionis,
1065 3675 1218 3752 episeopus
1235 3671 1366 3746 generali

120 3761 282 3839 brigadael.
305 3763 415 3820 Paulus
438 3763 461 3820 I.
485 3764 591 3819 merita
612 3762 682 3820 cleri
703 3771 918 3839 consequenter
936 3759 1038 3819 ordine
1062 3760 1184 3819 militari
1207 3759 1364 3836 praemiari

121 3862 320 3908 consueverat.
345 3849 426 3907 Hinc
456 3850 557 3907 missio
580 3867 695 3926 quoque
729 3849 798 3908 cleri
831 3852 937 3907 natura
968 3851 1019 3906 suit
1057 3849 1181 3906 inservit
1217 3843 1366 3903 mediante

120 3944 304 4012 procuratore
334 3938 472 4013 potestati
503 3936 595 3993 cirili.
634 3936 735 4003 Solum
766 3937 797 3992 ri
827 3935 1003 3994 orthodoxia
1033 3943 1168 3992 servatur
1196 3935 1225 3990 in
1250 3949 1363 4010 posses-

121 4023 201 4080 sione
224 4041 284 4080 sua.
306 4022 552 4099 'transgressores
575 4025 718 4081 sistuntur
740 4023 862 4102 speciali
887 4021 995 4080 indicio
1019 4031 1048 4080 et
1079 4024 1109 4080 iu
1129 4019 1268 4080 Sibiriam
1291 4018 1365 4076 rele-

119 4119 234 4184 gantur.
249 4108 432 4185 Pogodin,
456 4109 612 4168 historicas
634 4111 773 4170 Russicus
784 4112 938 4181 concessit,
961 4109 1146 4188 promulgata
1168 4106 1366 4166 libertato

121 4197 398 4253 conscientiae
439 4194 643 4253 dimidiam
676 4205 826 4274 partem
868 4195 1004 4274 populi
1044 4211 1167 4273 eamque
1213 4192 1363 4250 meliorem

121 4283 354 4360 religionem
378 4282 624 4340 catholicam
648 4282 917 4359 amplexuram
943 4301 1039 4340 osse.

225 4368 334 4427 'I'ribus
357 4369 469 4427 ultimis
492 4368 637 4447 capitibus
660 4369 683 4430 Ι.
706 4368 725 4426 l.
748 4367 805 4446 (ep.
829 4369 906 4429 VIII
932 4403 968 4411 -
991 4367 1034 4447 X)
1056 4368 1153 4444 agitur
1176 4365 1212 4423 de
1236 4383 1367 4422 eommu-

121 4457 207 4513 nione
237 4456 379 4514 ecclesiae
409 4457 550 4514 Russicae
580 4475 647 4514 eum
670 4454 793 4524 Graeca,
823 4464 852 4513 et
884 4455 960 4512 hanc
990 4457 1128 4513 unionem
1160 4450 1270 4510 nullam
1301 4467 1366 4506 esse

122 4541 343 4601 demonstratur.
368 4545 456 4600 Anno
482 4544 564 4601 1885
588 4545 744 4620 imperium
768 4543 923 4600 Russicum
948 4541 1103 4599 manifeste
1127 4538 1297 4605 declaravit,
1320 4555 1368 4592 ee-

120 4629 239 4686 clesiam
269 4630 443 4687 orientalem
474 4638 647 4706 potestatem
678 4649 760 4687 suam
788 4631 820 4686 in
842 4647 946 4686 manus
976 4629 1159 4705 imperatoris
1195 4621 1366 4681 tradidisse·
