3450 5342
836 439 1030 495 -244-

412 622 528 677 Paulus
540 618 709 690 Frede'ricq
723 621 754 676 in
769 624 911 676 oratione
930 621 961 675 in
976 620 1061 691 regia
1078 619 1201 690 Belgiae
1214 620 1371 675 academia
1389 621 1413 675 9.
1425 619 1563 674 Novem.

305 694 374 749 1903
393 692 498 747 habita
525 691 703 761 exponebat
725 690 846 745 litteras
872 690 956 759 apud
977 690 1119 759 populos,
1146 690 1245 745 Roma
1269 689 1347 744 duce
1372 688 1560 759 religionem

301 761 503 817 christianam
531 760 699 830 amplexos,
728 765 758 815 et
777 758 860 830 apud
882 760 1017 829 populos
1044 758 1156 813 aiidei
1174 758 1383 829 praeconibus
1403 757 1558 814 Constan-

303 829 518 901 tinopolitanis
543 845 716 885 conversos
742 830 869 885 diversa
889 830 1077 884 incrementa
1096 831 1217 898 cepisse
1245 832 1376 897 propter
1394 826 1556 883 diversam

306 900 433 970 linguae
451 899 615 969 liturgicae
635 914 738 954 usum.

410 967 468 1023 Lln
493 983 563 1023 uam
577 967 718 1023 Latinam
731 968 762 1022 in
774 967 940 1023 Occidente
954 967 1073 1021 litteras
1087 966 1327 1032 Germanorum,
1342 966 1557 1021 Romanorum

305 1054 363 1094 nec
385 1054 449 1093 non
470 984 640 1093 {ssavorum
671 1036 1048 1093 Romano-catholicorum
1076 1036 1261 1091 cohibuisse.
1300 1036 1420 1105 Lingua
1446 1036 1560 1089 Latina

307 1106 506 1178 evangelium
531 1106 785 1173 annuntiabatur,
814 1122 850 1160 ea
876 1106 979 1160 omnia
1017 1106 1147 1175 quaein
1174 1105 1255 1161 ritae
1275 1106 1420 1160 societate
1449 1103 1562 1227 magni

309 1182 383 1232 sunt
397 1176 545 1232 momenti
565 1176 829 1246 exprimebantur,
848 1191 912 1245 quo
932 1176 980 1230 iac
995 1190 1014 1228 0
1033 1175 1111 1229 ordo
1132 1175 1324 1230 eruditorum
1347 1174 1468 1243 aplebe
1487 1172 1564 1227 aie·

308 1248 452 1313 nabetur,
471 1262 573 1327 neque
584 1246 722 1313 linguam
743 1245 811 1301 eius
824 1245 960 1299 fovebat.
981 1243 1149 1301 Orientalis
1168 1250 1271 1299 autem
1287 1243 1423 1299 Ecclesia
1437 1244 1559 1312 patrias

309 1316 435 1387 linguas
455 1315 487 1370 in
506 1320 565 1370 ntu
584 1315 754 1370 adhibebat
774 1321 803 1369 et
823 1314 1039 1383 promovebat.
1358 1348 1359 1353 κ

414 1384 474 1439 Ηί0
484 1384 652 1455 Fredericq
673 1390 794 1453 partem
808 1383 1039 1438 controversiae
1059 1383 1141 1437 inter
1155 1382 1291 1437 scholam
1305 1382 1555 1436 hloscoviensem

308 1454 400 1520 (Ivau
419 1454 574 1509 Vasilevid
594 1454 780 1525 Kireevskij,
807 1453 993 1524 flornjakov,
1021 1452 1200 1523 Lamanskij
1222 1458 1252 1507 et
1271 1454 1308 1517 a.)
1327 1458 1357 1505 et
1375 1450 1558 1505 laudatores

306 1524 478 1579 occidentia
491 1526 624 1592 attingit,
644 1527 750 1578 utrum
766 1524 910 1579 occidens
930 1538 969 1577 an
988 1522 1094 1577 oriens
1108 1520 1208 1593 magis
1228 1521 1265 1576 ad
1281 1520 1443 1575 hominum
1459 1519 1557 1573 vitam

302 1593 506 1649 excolendam
527 1592 669 1648 valuerit.

410 1662 478 1726 Qua
498 1662 537 1717 de
557 1677 591 1717 re
611 1660 781 1717 sententiae
800 1677 862 1715 non
883 1662 1073 1715 concordant
1118 1660 1203 1715 Alex.
1225 1658 1386 1713 Brficltner
1407 1658 1557 1723 Polcnus,

302 1732 426 1800 linguae
446 1732 585 1786 slavicae
615 1731 646 1785 in
666 1730 871 1785 universitate
893 1727 1085 1785 Berolinerisi
1105 1728 1277 1799 professor,
1309 1727 1448 1852 linguam
1467 1727 1556 1781 litur-

304 1802 404 1871 gicam
434 1802 473 1855 ad
502 1799 661 1871 ingenium
691 1800 795 1867 gentis
820 1814 988 1869 moresque
1009 1798 1199 1853 domesticos
1228 1798 1351 1853 excolen
1377 1812 1413 1851 os
1441 1811 1555 1865 parum

306 1869 471 1941 pertinere,
500 1870 596 1924 itnnro
616 1868 769 1924 Slavicam
797 1868 839 1922 lin
867 1884 938 1923 uam
960 1868 1145 1938 liturgicam,
1177 1868 1226 1922 vel
1248 1865 1559 1935 »cyrillo-methodiu-

306 1943 461 1995 nismumt
474 1954 599 1994 causam
611 1954 681 1993 esse
690 1937 821 1993 minoris
857 1938 1000 1992 lavorum
1013 1937 1210 1993 orientalium
1219 1938 1379 2006 proiectus
1387 1934 1568 1991 existimat..

412 2024 499 2079 Fidei
527 2039 696 2105 praecones
718 2024 815 2078 Roma
835 2024 974 2092 proiecti,
1002 2024 1128 2093 linguae
1149 2023 1275 2079 Latinae
1301 2023 1428 2089 assueti,
1455 2022 1487 2077 in
1511 2036 1557 2077 re·

306 2094 463 2163 gionibuS,
488 2094 543 2148 ubi
561 2093 758 2162 evangelium
778 2094 1015 2159 annuntiabant,
1034 2092 1192 2163 liturgiam
1215 2092 1356 2147 Latinam
1376 2092 1558 2147 introduxe-

308 2170 390 2231 runt,
410 2178 490 2232 quae
518 2163 743 2217 consuetudine
771 2162 966 2227 inveteravit,
997 2162 1106 2217 unitati
1126 2178 1219 2231 quam
1251 2162 1453 2217 firmissimae
1472 2161 1557 2215 inter

308 2232 454 2287 ecclesiae
475 2233 616 2287 membra
634 2237 665 2287 et
683 2238 776 2300 caput
795 2232 954 2300 (Romam)
973 2232 1145 2287 firmandae
1167 2231 1300 2287 maxime
1319 2232 1439 2287 idonea.

413 2316 583 2373 Concilium
595 2317 812 2372 Tridentinum
828 2317 935 2387 lingua
947 2318 1056 2373 Latina
1069 2317 1225 2387 liturgiam
1237 2316 1470 2387 astringendam
1484 2330 1559 2371 esse

306 2402 368 2441 non
385 2386 608 2456 pronuntiavit,
629 2387 684 2441 sed
696 2386 880 2442 seutentiam
896 2394 1004 2443 contra
1024 2390 1179 2442 sermonis
1194 2386 1293 2456 plebei
1308 2401 1400 2441 usum
1415 2385 1556 2456 protulit

308 2455 560 2512 Consuetudines
579 2456 682 2511 disere
693 2462 802 2522 rantes,
823 2456 849 2509 si
870 2457 963 2511 modo
983 2457 1078 2511 rebus
1098 2456 1197 2525 gestis
1217 2456 1437 2524 comprobatae
1456 2462 1558 2523 eraut,

307 2525 490 2595 permissae,
510 2531 540 2579 et
553 2472 814 2606 veteressinguae
827 2525 990 2595 liturgicae
1003 2527 1131 2596 (graeca,
1153 2525 1282 2595 syriaca,
1303 2524 1420 2606 coptica
1440 2525 1559 2579 aethio·

307 2594 383 2664 pica,
402 2610 538 2661 armena,
558 2595 794 2657 veteroslavrca)
811 2600 1015 2650 conservatae
1036 2600 1118 2650 sunt.
1132 2594 1285 2649 Ecclesiae
1304 2594 1464 2649 orientalis
1483 2609 1556 2649 curn

309 2664 490 2719 occidentali
509 2663 745 2734 coniungendae
770 2668 871 2733 gratia
890 2671 919 2720 et
939 2666 1019 2719 ritus
1044 2671 1075 2719 et
1093 2665 1218 2733 linguae
1237 2663 1398 2734 liturgicae
1417 2662 1558 2719 varietas

309 2738 358 2788 est
376 2733 523 2789 admissa.
549 2734 698 2806 ¹Prosperi
717 2733 747 2787 in
768 2734 930 2804 evangelio
950 2734 1164 2789 annuntiando
1183 2740 1315 2788 eventus
1336 2748 1430 2789 causa
1447 2733 1558 2803 lingua

311 2802 432 2858 Slavica
455 2811 486 2857 et
506 2802 691 2857 Malabarica
716 2802 873 2858 admissae
894 2809 975 2858 sunt.
1013 2803 1142 2859 Saeculo
1164 2802 1260 2857 XVII.
1282 2802 1491 2857 missionariis
1509 2817 1557 2856 ca·

309 2872 431 2927 tholicis
445 2872 799 2941 rogantibuspernrissa
819 2878 867 2927 est
880 2873 987 2940 lingua
1001 2872 1145 2941 liturgica
1157 2871 1346 2938 Sinensium;
1366 2886 1554 2941 quamquam

309 2942 487 2996 introducta
511 2956 573 2995 non
598 2948 654 2997 est.
692 2942 805 3011 Utique
830 2946 1047 2998 concessiones
1073 2942 1130 2996 hae
1150 2944 1329 2997 summatim
1359 2943 1398 2997 ad
1418 2956 1552 3011 parvum

310 3010 450 3065 fidelium
470 3026 637 3065 numerum
658 3014 823 3079 pertinent.

414 3080 534 3148 Lingua
555 3080 663 3134 Latina
683 3083 713 3135 in
733 3080 890 3136 occidente
906 3082 1075 3138 Christiani
1094 3084 1126 3136 in
1145 3084 1271 3149 scriptis
1291 3079 1356 3134 sola
1376 3080 1551 3135 utebantur.

309 3148 461 3217 Linguam
488 3149 566 3203 hanc
585 3152 748 3218 imperium
769 3150 844 3204 illud
866 3152 1050 3214 Romanum,
1078 3150 1160 3219 quod
1180 3150 1395 3221 renovandum
1420 3164 1490 3203 esse
1511 3150 1552 3201 vi·

308 3217 450 3283 debatur,
470 3219 627 3286 poscebat;
648 3218 751 3273 studia
771 3224 901 3274 ascetica
921 3220 1285 3289 etsupernaturalismus
1304 3222 1414 3275 aetatis
1434 3217 1554 3272 mediae

306 3288 445 3340 animum
460 3290 648 3355 scriptorum
670 3303 686 3341 a
700 3289 905 3344 discutiendis
921 3293 1066 3354 materiis,
1086 3306 1166 3359 quae
1181 3290 1220 3344 ad
1236 3289 1349 3345 multos
1362 3291 1553 3358 pertinerent

307 3355 515 3418 retrahebant,
541 3356 654 3411 studiis
674 3361 870 3426 cogitationis
890 3363 920 3414 in
940 3360 1056 3428 linguis
1075 3359 1255 3415 domesticis
1275 3359 1404 3413 deerant
1422 3359 1555 3413 usitatae

307 3432 459 3495 aptaeque
479 3440 580 3481 voces.
618 3426 693 3480 Ideo
714 3430 862 3483 iniustum
884 3432 931 3483 est
951 3428 1053 3483 dicere
1072 3432 1192 3483 unicam
1218 3444 1343 3483 causam
1364 3430 1466 3497 exigui
1486 3440 1556 3494 pro·

306 3494 407 3550 iectus
436 3496 612 3550 litterarum
633 3496 875 3551 domesticarum
906 3506 936 3552 ct
956 3498 1192 3553 vernacularum
1221 3499 1252 3552 in
1271 3497 1429 3552 occidente
1447 3496 1558 3559 fuisse,

306 3565 389 3633 quod
408 3565 533 3635 linguae
553 3566 738 3620 vernaculae
758 3566 797 3620 ad
816 3565 975 3635 liturgiam
997 3583 1058 3621 nou
1078 3568 1308 3623 adhiberentur.
1574 3576 1576 3581 ’

415 3651 590 3704 Sententiae
611 3650 698 3705 Pauli
718 3652 885 3722 Fredericq
911 3654 949 3707 de
969 3668 1122 3721 prospero
1147 3652 1260 3707 ellectu
1288 3652 1407 3707 diversi
1426 3666 1503 3706 usus
1522 3654 1553 3704 in

311 3719 449 3773 orientali
463 3719 589 3773 ecclesia
609 3735 671 3774 non
692 3727 766 3775 sunt
784 3737 885 3776 verae.
906 3722 942 3776 In
957 3722 1063 3777 eisdem
1081 3725 1234 3777 sententia
1249 3721 1552 3791 »Triltnguistarum

311 3788 350 3908 {¹9
369 3802 431 3922 1301]
450 3790 665 3909 Hermittendis
684 3794 745 3845 nisi
765 3792 867 3845 tribus
886 3791 1002 3861 linguis
1022 3792 1174 3861 liturgicis
1196 3792 1359 3859 thebraica,
1378 3805 1497 3860 graeca,
1516 3788 1563 3843 la»

324 3870 374 3909 ma
428 3872 448 3909 u
473 3860 570 3911 uavit

405 3870 505 3988 pQuod
526 3928 565 3980 ad
577 3926 687 3981 Slavos
700 3932 809 3982 attinet
823 3944 933 3983 verum
949 3936 996 3983 est
1010 3930 1093 3999 apud
1107 3936 1216 3999 gentes
1230 3929 1388 3999 liturgiam
1402 3929 1551 3985 Slavicam
1576 3911 1577 3922 ¹

311 3996 460 4061 tenentes,
480 3995 686 4077 litteraturam
707 4000 796 4065 prius
815 3998 1004 4065 effloruisse,
1024 3999 1078 4053 sed
1099 4000 1167 4053 aliis
1187 4015 1224 4054 ex
1244 4002 1355 4053 causis.
1375 3999 1465 4121 Agud
1487 3996 1557 4052 Bul·

310 4076 402 4131 garos
422 4067 464 4129 (et
483 4065 522 4118 de
541 4065 591 4117 lns
610 4069 726 4133 agitur)
746 4068 784 4121 ad
804 4068 933 4131 litteras,
959 4084 974 4121 e
995 4068 1134 4123 llorarla
1154 4069 1269 4133 allatas,
1294 4082 1396 4137 eugen
1421 4082 1456 4122 as
1475 4082 1555 4121 corn-

312 4134 458 4187 mercium
479 4148 548 4187 cum
573 4132 841 4205 Constantinopoli
863 4138 994 4191 multum
1016 4138 1155 4202 contulit
1184 4138 1266 4207 apud
1288 4137 1399 4193 Slavos
1418 4136 1556 4191 occiden-

311 4201 387 4255 tales
407 4207 436 4255 et
456 4204 726 4270 septemtrionales
745 4221 842 4274 aeque
862 4222 1014 4276 prospera
1034 4222 1139 4263 rerum
1160 4207 1298 4262 condicir
1319 4208 1433 4261 deerat.

415 4288 489 4357 Ipsa
517 4288 713 4367 introductae
740 4292 880 4361 liturgiae
907 4294 1045 4348 Slavicae
1073 4294 1141 4349 laus
1170 4310 1232 4348 non
1256 4295 1402 4349 ecclesiae
1422 4293 1556 4348 Graecae

312 4356 366 4411 sed
393 4361 497 4425 potius
517 4357 651 4426 polrticis
672 4360 851 4416 Rostislavii
882 4364 1002 4427 studiis
1033 4367 1215 4418 universum
1237 4366 1405 4432 imperium
1431 4362 1469 4417 ad
1490 4361 1556 4416 reli·

311 4428 434 4505 gionem
452 4427 653 4482 christianam
674 4432 885 4495 convertendi,
905 4438 935 4485 et
953 4435 1071 4501 integra
1090 4448 1124 4487 ac
1148 4433 1246 4487 solida
1266 4434 1405 4488 libertate
1419 4430 1556 4485 donandi

310 4496 477 4551 tubuenda
496 4502 553 4551 est.
574 4496 706 4565 Propria
721 4505 823 4553 autem
842 4516 934 4555 causa
954 4504 1113 4571 ingenium
1130 4507 1197 4557 erat
1215 4518 1257 4556 ss.
1277 4502 1347 4557 fidei
1367 4514 1555 4571 praeconum

312 4595 343 4647 '.'
363 4569 529 4635 praecipue
550 4566 754 4634 Constantini,
784 4572 844 4623 riri
863 4574 949 4624 omni
971 4571 1111 4625 doctrina
1137 4572 1250 4626 eruditi
1270 4578 1364 4641 atque
1390 4570 1554 4625 multarum

313 4634 489 4713 linguarum
511 4638 720 4690 scientissimi.
739 4665 771 4675 -
796 4637 934 4693 Labores
953 4655 1060 4694 eorum
1081 4642 1241 4708 apostolici
1262 4640 1369 4711 linguai
1389 4637 1556 4695 vernacula

312 4702 452 4757 adhrbita
472 4704 640 4772 optabilem
655 4706 771 4758 exitum
792 4706 957 4762 habehant.
976 4708 1000 4761 Α
1016 4708 1177 4778 discipulis
1192 4711 1341 4765 lllethodii
1362 4711 1498 4778 Bulgari.
1518 4707 1565 4761 ab
