3450 5342
888 418 928 426 —
957 387 1016 442 ltut
1043 417 1082 428 -

361 577 544 652 ticscumque
567 575 686 631 omnino
720 576 918 632 necessarium
953 585 1006 632 est.
1045 575 1093 632 An
1132 573 1205 632 forte
1238 574 1477 632 concilium
1513 593 1607 630 oecu-

363 663 577 732 menicum,
600 661 732 738 profecto
754 659 922 730 infallibile,
946 659 1043 740 quoad
1065 680 1168 719 omues
1191 661 1390 739 quaestiones,
1424 659 1531 738 quoad
1552 681 1607 738 qua·

362 761 494 827 tempore
516 747 635 806 concilii
650 745 786 823 definitio
797 747 886 806 valde
902 759 1073 825 opportuna
1097 749 1187 806 immo
1205 749 1296 804 etiam
1316 749 1501 806 necessaria
1517 747 1608 805 fnisset.

363 835 552 894 definitiones
582 832 758 892 infallibilea
779 832 896 892 edidit?
920 835 960 892 Et
982 836 1007 892 ai
1031 854 1090 892 non
1112 835 1191 905 fecit,
1215 854 1285 892 nom
1309 833 1377 892 ideo
1416 834 1553 892 concilio
1572 855 1609 890 or—

363 925 516 981 comenico
539 919 786 980 infallibilitatem
808 919 1044 998 denegabimus?
1069 919 1103 979 ln
1127 929 1263 979 nostro
1285 932 1385 980 antem
1417 941 1499 980 casu
1522 920 1610 978 defin}-

364 1011 475 1068 tionom
498 1029 537 1066 ex
559 1005 701 1066 cathedra
723 1009 990 1066 necessariam
1025 1005 1225 1066 absolute
1247 1007 1396 1066 fnisse
1426 1008 1610 1067 mmm

364 1105 421 1169 eat3
445 1097 535 1154 immo
558 1105 602 1152 est
625 1095 745 1152 omuino
782 1104 884 1152 contra
922 1093 1102 1154 ordinariam
1139 1091 1382 1172 gubernationem
1410 1095 1566 1154 ecclesiae
1584 1115 1611 1150 er

364 1193 447 1260 parte
472 1182 538 1252 Dei,
560 1182 611 1259 qui
633 1183 735 1240 omnia
755 1181 855 1258 aliquo
879 1179 1017 1238 modoet
1040 1191 1171 1258 tempore
1202 1182 1329 1238 naturali
1364 1201 1538 1243 causarum
1558 1202 1612 1238 ero

363 1269 470 1328 lotioni
492 1268 653 1346 permittit;
688 1267 766 1326 unde
788 1270 878 1326 etiam
902 1287 1003 1326 omnes
1027 1265 1223 1328 definitiones.
1246 1281 1404 1346 quactum
1435 1289 1458 1326 a
1484 1269 1613 1326 llomani-

364 1354 553 1434 pontificiboa
588 1366 650 1412 tum
684 1353 858 1412 accuciliis
896 1353 983 1412 datae
1022 1363 1097 1425 sunt,
1136 1373 1306 1432 semper
1342 1363 1456 1412 tunc
1501 1354 1614 1412 datas

364 1463 457 1501 esse
490 1439 696 1506 videmos,
741 1461 862 1519 quum
900 1461 978 1506 res,
1015 1444 1126 1518 prius
1160 1440 1393 1507 discussae,
1441 1445 1527 1500 iarn
1560 1441 1614 1498 ali-

366 1549 441 1608 quo
465 1525 967 1586 modomaturaeerant.

469 1617 519 1672 54.
541 1613 629 1690 Quod
652 1617 676 1672 si
701 1617 789 1672 nimia
813 1635 926 1690 urgeas,
950 1613 1097 1672 charisma
1125 1613 1351 1672 infallibilitatia
1379 1635 1478 1692 posse
1503 1635 1542 1672 ex
1564 1613 1614 1670 sols

365 1700 552 1760 definitionis
574 1698 711 1758 absentia
732 1701 846 1759 ostendi
872 1703 961 1760 etiam
984 1703 1080 1778 ipsum
1103 1719 1162 1758 nou
1184 1698 1296 1772 adesse,
1324 1699 1380 1758 hoc
1403 1700 1573 1760 evidenter
1592 1703 1616 1756 iu

365 1791 503 1868 ipsum
525 1787 748 1845 concilium
771 1800 927 1846 sextum
951 1797 986 1844 et
1010 1788 1049 1844 iu
1072 1787 1248 1846 concilia
1270 1789 1389 1865 priora
1413 1799 1616 1865 retorque

365 1888 429 1934 tur.
458 1875 533 1933 Cum
548 1875 628 1931 enim
650 1875 682 1931 in
706 1873 842 1933 omnibus
857 1883 926 1932 ante
941 1873 1141 1932 oecumenicis
1158 1873 1292 1932 conciliis
1314 1876 1487 1933 auctoritas
1498 1875 1613 1932 Romani

363 1961 515 2040 pontilicis
546 1961 578 2018 in
600 1963 808 2019 controversiis
844 1959 1021 2038 dogmaticis
1060 1959 1254 2020 terminandis
1292 1963 1399 2019 mimm
1441 1963 1481 2020 in
1506 1959 1614 2018 modun

365 2049 516 2118 effulserit,
539 2057 640 2106 tamen
663 2049 715 2104 vix
739 2047 892 2106 aliudtam
909 2048 1051 2106 sollemne
1074 2047 1160 2106 huius
1176 2046 1401 2106 infallibilitatis
1413 2050 1615 2108 testimonium

364 2148 418 2204 est,
442 2155 531 2212 quam
554 2134 680 2212 epistola
698 2133 865 2212 dogmatica
882 2135 1056 2208 Agatlronis,
1080 2153 1156 2212 qnae
1172 2137 1261 2192 tutius
1277 2134 1364 2192 huius
1387 2135 1520 2194 concilii
1543 2135 1615 2211 quasi

366 2224 468 2280 anima
490 2223 545 2280 fuit
568 2241 702 2300 quaeque
724 2241 838 2280 summa
861 2223 1029 2280 reverentia
1052 2220 1088 2277 ab
1113 2221 1172 2278 illis
1196 2220 1327 2298 patribus
1346 2231 1477 2299 occepta
1494 2233 1550 2280 est.
1567 2216 1607 2260 ¹⁰²

367 2307 468 2384 (Quare
492 2311 515 2364 si
540 2308 691 2366 silentium
713 2321 784 2366 tunc
806 2310 972 2366 auctoritati
993 2305 1144 2366 infallibili
1169 2309 1334 2366 necessario
1363 2308 1552 2366 solvendum
1573 2319 1615 2364 est

367 2415 432 2453 cum
457 2413 540 2452 secus
564 2395 676 2472 aliquid
693 2395 798 2453 falsum
822 2393 959 2465 creditur,
983 2414 1053 2453 sane
1069 2415 1136 2452 eum
1159 2415 1195 2452 ex
1213 2405 1273 2452 tam
1287 2394 1424 2453 sollemni
1444 2397 1481 2453 in
1500 2393 1614 2454 concilio

364 2483 553 2540 oecumenico
578 2482 655 2539 facta
677 2484 888 2559 protestatione
920 2480 1144 2552 infallibilitatis
1178 2482 1303 2540 llornani
1333 2481 1497 2559 pontificis
1523 2501 1614 2539 neces

366 2570 475 2626 sarium
500 2569 620 2626 omnino
647 2589 830 2646 consequens
852 2579 939 2638 essct,
964 2579 994 2626 ut
1017 2579 1148 2646 pastores
1172 2577 1201 2626 ct
1223 2587 1294 2626 oves
1317 2569 1493 2627 Romanurn
1530 2569 1614 2646 ponti-
1667 2591 1668 2594 ¹

367 2656 455 2714 licem
491 2653 679 2712 infallibilem
718 2676 783 2714 csse
805 2654 967 2719 crederent,
992 2657 1049 2712 nisi
1073 2655 1186 2712 fortiter
1213 2652 1331 2712 obviam
1354 2655 1450 2712 iretur
1476 2665 1510 2714 et
1533 2675 1615 2732 aeque

366 2742 519 2801 sollemnis
543 2744 714 2818 protestatio
738 2741 828 2803 lieret.
853 2744 957 2800 iterum
981 2741 999 2798 d
1013 2763 1029 2799 e
1053 2741 1199 2799 tribus
1230 2761 1247 2799 u
1261 2759 1344 2798 num
1383 2741 1440 2798 eli
1451 2763 1474 2818 g
1485 2741 1614 2800 endon

367 2838 449 2888 est:
487 2838 537 2886 aut
576 2827 727 2886 nobiseum
764 2828 962 2898 statuendum,
1005 2831 1192 2887 omissionem
1231 2827 1417 2886 delinitionis
1452 2850 1535 2888 non
1561 2849 1614 2884 essi·

367 2924 471 2974 contra
501 2914 755 2986 infallibilitatem,
787 2935 852 2973 cum
877 2915 949 2973 haec
982 2918 1126 2992 promissa
1148 2917 1186 2972 sit
1220 2915 1363 2974 ecclesiae
1386 2925 1418 2972 et
1440 2917 1541 2994 capiti
1563 2917 1615 2972 eius

367 3010 482 3060 tanturn
506 3021 572 3078 pro
607 3002 828 3080 hypothesi
851 3002 930 3079 quod
964 3001 1077 3080 aliquid
1108 3001 1239 3074 deliniat,
1263 3011 1313 3060 aut
1336 3009 1435 3078 patres
1471 3003 1543 3060 illos
1567 3021 1614 3058 nou

366 3085 604 3147 contradicentes
641 3110 714 3146 non
750 3089 874 3146 fuisse
906 3088 1164 3146 inl'allibiles
1187 3086 1378 3146 auttandem
1404 3087 1503 3148 ideo
1527 3106 1615 3167 patres

367 3174 542 3234 infallibiles
567 3195 625 3232 non
649 3175 873 3248 contradixisse,
898 3178 986 3253 quia
1011 3175 1115 3233 nihil
1138 3173 1506 3234 contradicendum
1530 3191 1612 3233 erar.

367 3262 420 3324 sed
443 3262 572 3338 Agatho,
596 3262 839 3320 infallibilitatem
872 3264 996 3320 Romani
1024 3263 1171 3339 pontificis
1194 3259 1332 3338 urgendo,
1362 3282 1401 3318 ex
1426 3273 1534 3321 mente
1557 3263 1611 3318 illu-

366 3371 430 3409 rum
454 3360 569 3428 patrum
593 3351 837 3425 ipsissimum
861 3348 1000 3424 dogma
1022 3348 1264 3408 catholicum
1287 3348 1554 3426 proponebat.

472 3438 573 3513 Atque
596 3437 639 3494 sic
662 3438 758 3513 potius
782 3456 884 3493 revera
907 3457 971 3494 csse
987 3445 1068 3514 patet
1090 3457 1128 3494 ex
1151 3433 1347 3512 superioribus
1370 3437 1523 3505 conciliis,
1546 3453 1610 3513 qnae

368 3543 519 3602 nunquam
543 3524 707 3581 llomanum
738 3523 907 3601 pontificem
938 3543 1003 3580 cum
1026 3530 1110 3581 tauta
1141 3524 1322 3592 auctoritate,
1355 3523 1449 3580 etiam
1475 3525 1511 3582 in
1534 3521 1611 3581 rebus

367 3610 438 3669 fidei
460 3608 646 3680 deliniendis,
670 3611 750 3687 loqui
774 3630 861 3686 passa
884 3620 990 3681 essent,
1014 3610 1038 3667 si
1062 3629 1128 3666 cum
1152 3629 1210 3666 nou
1234 3617 1383 3685 tamquam
1409 3613 1534 3688 proprie
1558 3608 1609 3666 dic·

368 3710 430 3756 turn
461 3699 639 3774 superiorem
671 3717 754 3754 suum
778 3709 806 3753 ct
830 3695 933 3754 ducem
957 3698 989 3754 in
1013 3703 1092 3753 recta
1114 3695 1172 3753 fido
1196 3692 1385 3772 proponendo
1415 3695 1606 3756 infallibilem

369 3785 491 3844 reveriti
514 3794 620 3840 essent.

474 3872 523 3926 55.
546 3869 660 3943 Quodsi
683 3873 749 3948 quis
779 3869 896 3932 obiciat.
931 3869 1087 3927 concilium
1111 3879 1227 3926 sextum
1251 3869 1384 3926 Romano
1407 3869 1550 3944 pontifici
1572 3870 1608 3924 iu-

369 3954 582 4013 fallibilitatem
606 3956 662 4013 sibi
686 3955 851 4014 vindicanti
879 3975 1018 4014 revera
1052 3955 1351 4013 efficacissime
1388 3952 1610 4013 obstitisse⁴

406 4140 456 4207 1⁰²)
474 4141 582 4276 ¹Telprtus
600 4142 772 4224 praecipuus
791 4145 915 4266 hptpptur
933 4143 1094 4265 llarrsliglp,
1112 4141 1172 4202 239,
1185 4141 1240 4224 'ubi
1259 4137 1430 4263 rppetapgpm:
1456 4144 1553 4278 veiha
1571 4141 1610 4259 ln}

486 4226 505 4263 u
527 4226 545 4262 n
568 4226 635 4262 narn
653 4227 672 4264 a
690 4228 738 4264 vra
756 4229 816 4266 cerr
864 4227 888 4265 rs
909 4228 936 4264 m
977 4228 1033 4264 nar
1057 4229 1072 4265 e
1105 4227 1209 4265 erroris
1247 4227 1265 4264 a
1386 4225 1443 4264 exa
1461 4227 1496 4264 ea
1541 4225 1599 4266 curu

473 4227 684 4346 auctdiilatem,
719 4287 818 4349 utpote
841 4229 1037 4349 apostoliirum
1062 4282 1191 4334 omnium
1211 4227 1358 4348 piiucipis,
1386 4295 1506 4346 semper
1526 4279 1611 4335 omnis

474 4350 616 4403 catholica
635 4351 741 4404 Christi
761 4351 895 4418 ecclesia]
911 4358 938 4404 et
952 4351 1131 4404 universales
1153 4350 1254 4416 synodi
1267 4349 1392 4402 fideliter
1403 4351 1609 4416 amplectentes

473 4418 505 4472 in
522 4422 634 4473 cunctis
652 4423 769 4474 secutae
789 4425 857 4474 suut
878 4464 883 4473 .
903 4463 908 4473 .
930 4463 935 4472 .
955 4422 1019 4473 dico
1038 4421 1126 4473 verba
1146 4419 1259 4472 uncinis
1278 4418 1398 4484 inclusa,
1420 4435 1499 4484 quae
1519 4421 1551 4473 in
1568 4420 1610 4472 la·

474 4490 536 4542 tino
555 4490 698 4543 habentur
717 4491 747 4542 iu
765 4493 874 4544 Graeco
894 4507 960 4543 vero
980 4491 1191 4556 desiderantur,
1210 4491 1240 4542 in
1254 4489 1361 4542 Graeco
1380 4503 1417 4540 ex
1430 4503 1516 4542 mem
1527 4501 1610 4544 errore

475 4558 549 4612 oculi
573 4560 765 4612 describentis
784 4561 929 4613 excidisse
954 4561 1063 4626 optime
1089 4575 1123 4611 ex
1143 4559 1207 4624 ipso
1231 4558 1387 4624 superstite
1405 4560 1488 4611 textu
1510 4560 1610 4612 Graeco

475 4629 604 4749 pstprpgit
620 4630 811 4696 Kleutgen‚
831 4629 999 4682 Zeitsclnilt
1014 4631 1058 4682 ltir
1071 4629 1152 4681 laath.
1166 4626 1329 4696 theologie,
1348 4627 1525 4696 lnnsbruck,
1546 4627 1610 4681 tuti.

503 4737 509 4764 ,
600 4714 661 4763 sqq.
