3450 5342
304 501 640 660 Sleoorom
698 502 930 662 litterae
985 505 1385 702 theologicae.

467 722 842 858 Goospcetue
885 727 1220 860 periodicas.

722 912 961 978 Diriqentibus

221 994 272 1049 Dr.
292 995 374 1053 Jos.
394 995 603 1065 Tumpaeh.
630 995 682 1051 Dr.
706 996 796 1054 Aut.
817 996 1003 1057 Podlehe.
1035 997 1107 1056 Ad.
1129 989 1317 1070 spateae.
1346 1003 1469 1071 Progne.

219 1081 255 1139 J.
270 1081 416 1148 Urban-
437 1084 599 1139 cracoviae.
619 1085 666 1137 Dr.
682 1083 721 1141 F.
736 1082 896 1148 Grivee‚
917 1087 1031 1140 [tabeel.
1050 1087 1097 1140 Dr.
1112 1085 1203 1144 Luc.
1216 1085 1330 1152 50116,
1350 1089 1466 1142 ladrue.

222 1201 1469 1328 m

696 1482 987 1564 BOHEMICA.

323 1689 381 1755 Fr.
413 1674 566 1774 Stedrci:
599 1689 731 1762 otram
762 1710 811 1762 ar.
841 1693 922 1762 tana
952 1691 1203 1777 lteporoooiteho
1233 1693 1407 1782 (lipotopia
1430 1712 1459 1770 a.

219 1777 349 1848 loannis
373 1779 616 1863 tlepomuoeni.)
640 1785 757 1862 Pergae
783 1785 875 1861 1906,
899 1805 926 1861 p.
949 1784 999 1842 30.

326 1871 437 1927 Auctor
467 1871 517 1926 via
538 1890 573 1927 ao
602 1872 717 1929 ratione
746 1872 871 1949 inquirit
893 1873 924 1928 in
954 1869 1111 1928 nonnullas
1141 1873 1329 1948 quaestiones
1359 1871 1396 1928 de
1429 1872 1457 1929 S.

217 1957 328 2017 Ioanne
361 1957 576 2035 Nepomuceno.
598 1959 730 2016 Primum
763 1960 886 2036 quaerit,
920 1957 1058 2016 inerit-ne
1081 1978 1103 2016 e.
1127 1959 1253 2016 Ioannes
1277 1965 1306 2014 et
1330 1959 1457 2016 vicarius

217 2044 364 2120 generalis
386 2064 446 2102 una
468 2042 630 2122 eademque
654 2065 780 2122 persona
801 2066 819 2102 a
842 2044 1007 2102 Venoeslao
1031 2043 1083 2102 IV.
1107 2043 1287 2103 interfecta?

320 2131 417 2207 Quam
439 2133 642 2208 quaestionem
666 2111 699 2194 S.
726 2132 815 2190 solvit
838 2129 876 2189 ad
899 2129 1101 2190 evidentiam:
1133 2153 1154 2188 s.
1180 2135 1305 2190 loannes
1329 2131 1403 2208 Nep.
1428 2143 1456 2188 ct

217 2223 345 2277 vicarius
374 2218 521 2295 generalis
544 2229 588 2276 est
611 2239 671 2277 una
693 2217 856 2297 eademque
889 2237 1022 2296 persona.

321 2327 433 2382 Omnes
462 2341 574 2378 errores
597 2333 625 2379 et
649 2321 839 2380 difficultates
862 2323 893 2379 in
916 2320 972 2378 hac
996 2341 1026 2376 re
1049 2331 1129 2378 ortrto
1153 2332 1220 2378 sunt
1243 2341 1280 2376 ex
1306 2321 1462 2380 l'enoeslai

218 2412 318 2487 Heijek
341 2410 497 2467 chronicis.
532 2409 656 2469 Primus.
680 2411 731 2487 qui
754 2410 822 2467 huie
844 2409 955 2466 auctori
979 2406 1066 2464 tidem
1092 2408 1219 2482 negavit„
1246 2409 1298 2464 fuit
1325 2409 1460 2466 Athana-

216 2501 275 2556 sius
299 2520 316 2556 a
340 2500 368 2557 S.
392 2496 517 2575 losepho
541 2500 576 2554 l).
600 2497 689 2566 SA„
713 2498 832 2554 nomine
855 2496 972 2573 proprio
1003 2495 1087 2552 Elias
1120 2493 1326 2552 Saiidrioh.
1373 2496 1459 2554 luve-

216 2588 295 2643 nitur
316 2586 395 2643 euim
421 2587 451 2642 iu
473 2603 611 2640 caesarea
640 2583 821 2642 bibliotheca
844 2583 988 2654 Pragensi
1020 2583 1056 2658 (l.
1081 2582 1112 2638 p
1140 2579 1191 2658 19)
1218 2600 1290 2658 opns
1313 2585 1376 2639 eins
1400 2602 1460 2640 ma-

215 2675 396 2750 nuscriptum
427 2692 464 2729 er
487 2691 512 2727 a.
539 2673 640 2728 1747:
676 2671 872 2742 „Dissertatio
911 2667 1395 2744 historico-chronelegiae-critico,
1431 2671 1460 2727 in

216 2780 275 2838 qua
297 2761 390 2837 primo
414 2759 591 2837 proponitur,
615 2778 652 2814 an
677 2760 705 2816 S.
722 2758 848 2815 loannes
864 2757 939 2834 Nep.
963 2757 1001 2814 sit
1024 2776 1099 2813 unus
1116 2753 1252 2832 idemque
1268 2774 1333 2812 cum
1349 2756 1461 2815 Ioanne

216 2846 254 2904 de
269 2845 386 2904 Pomuk
401 2847 512 2903 vicario
534 2845 692 2921 generali.“
720 2846 830 2922 Opinio
854 2843 1019 2901 identitatis
1035 2843 1207 2920 proponitur
1221 2849 1372 2920 tamquam
1396 2863 1461 2920 pro·

218 2933 344 2992 habilior
375 2944 404 2990 et
427 2941 601 3009 argumenta
624 2933 758 3010 opposita
780 2939 967 2988 enervantur.
1013 2929 1188 2986 Attentione
1220 2927 1342 3006 dignum
1365 2939 1410 2988 eet
1432 2939 1463 2988 et

219 3021 294 3079 hene
317 3018 479 3078 nomndum
501 3019 601 3076 Ellam
632 3017 779 3076 Sandrieh
808 3017 887 3074 hanc
911 3035 993 3074 suam
1017 3017 1194 3073 sententiam
1218 3017 1347 3094 quinque
1378 3018 1465 3074 annia

219 3119 288 3166 ante
310 3109 370 3165 iarn
394 3104 571 3177 delendisse‚
594 3125 682 3182 quam
706 3106 861 3175 accusatio,
885 3123 943 3181 qua
966 3102 1093 3160 Ioannes
1116 3123 1134 3160 n
1157 3101 1358 3160 Gennanatein
1382 3102 1462 3160 Ven-

215 3196 344 3254 eeslaum
367 3214 465 3271 regem
488 3192 568 3271 apud
589 3212 697 3270 papam
720 3191 907 3250 Bouiiacium
941 3187 1111 3267 appellavit,
1136 3189 1259 3246 inventa
1281 3199 1325 3247 est
1349 3190 1459 3261 (Vatis.

219 3282 323 3359 1122).
347 3279 493 3340 Sandrieh
516 3281 620 3351 effecit,
644 3289 675 3336 ut
697 3277 835 3338 Gelenius
859 3275 982 3336 Dobner
1004 3276 1114 3353 aliique
1137 3275 1277 3333 chronico
1302 3275 1335 3331 V.
1359 3275 1461 3352 Hrljek

217 3372 318 3428 critice
349 3377 538 3445 exponerent.
583 3366 655 3424 Post
685 3386 734 3424 eos
764 3365 874 3436 Pelzel,
908 3361 1051 3441 Palaokp'q
1086 3361 1183 3434 Ginnl,
1218 3361 1328 3429 Helles,
1359 3361 1462 3434 Frind,

216 3458 343 3535 Borovp'*⁷
373 3456 409 3512 T.
441 3452 556 3525 Novello,
580 3454 607 3510 V
609 3453 680 3511 otka
702 3451 866 3512 defendunt
895 3449 1082 3509 identitatem
1106 3471 1127 3507 s.
1163 3449 1284 3507 loannis
1318 3469 1383 3506 oum
1417 3452 1461 3506 vi-

217 3547 295 3602 cario
335 3542 476 3619 generali.
512 3541 624 3599 Contra
656 3561 729 3619 qnos
752 3541 880 3618 (praeter
903 3537 1082 3614 Berghauer,
1104 3534 1298 3606 Pubitaehka‚
1322 3535 1463 3594 Zimmer·

216 3651 314 3701 mann,
345 3627 687 3728 SvoboquSohmudet
711 3629 838 3686 eximius
861 3622 1114 3701 historiographus
1138 3623 1174 3680 V.
1200 3621 1285 3682 Vlad.
1308 3621 1461 3694 'l'ourelr³

217 3717 296 3794 (Dej.
319 3717 422 3794 Prahy
444 3709 477 3772 ΙΙ
578 3717 608 3791 2)
639 3735 721 3773 suam
744 3715 921 3773 sententiam
946 3711 993 3770 his
1015 3709 1169 3769 defendit:
1207 3704 1251 3766 1⁰.
1276 3708 1367 3768 Sedes
1390 3728 1462 3787 apo-

216 3805 319 3863 stolica
348 3806 380 3861 in
410 3718 727 3946 eunounQ.
748 3801 824 3878 Nep.
854 3799 949 3859 noluit
987 3799 1161 3856 canonizare
1199 3797 1342 3854 vicariurn
1372 3816 1462 3874 gene·

216 3893 315 3957 talem,
348 3889 401 3948 sed
423 3891 553 3966 aliquem
583 3892 653 3945 anf
725 3898 736 3947 t
759 3909 797 3947 ex
819 3889 894 3946 actis
925 3893 1013 3963 patet.
1045 3877 1089 3941 2⁰.
1120 3885 1179 3941 Hic
1211 3883 1285 3942 alius
1308 3892 1371 3942 erat
1401 3884 1460 3954 ille,

215 3998 302 4057 quem
335 3977 459 4057 populus
492 3977 543 4054 pia
575 3977 767 4035 veneratione
798 3975 886 4032 initio
923 3975 970 4030 18.
1001 3972 1110 4030 sneouli
1141 3980 1312 4048 prosecutus
1343 3979 1396 4031 est.
1419 4003 1461 4013 -

213 4065 301 4126 Hauc
324 4065 608 4144 argumentationem
631 4072 731 4120 auctor
753 4071 852 4120 noster
875 4059 913 4118 ad
936 4059 1116 4118 evidentiam
1138 4059 1253 4116 evertit.

320 4169 402 4226 Haeo
411 4168 510 4245 opinio
518 4167 554 4223 Υ.
566 4163 842 4241 VludivojiTomek
854 4183 926 4221 vera
937 4171 1022 4231 esset,
1036 4163 1062 4219 si
1070 4158 1295 4220 fundamentum
1305 4163 1461 4219 canoniza-

214 4259 303 4315 tionis
317 4255 443 4314 fuiseent
459 4255 514 4312 soli
530 4262 621 4311 testes
636 4252 746 4311 saeculi
761 4253 808 4309 18.
832 4250 891 4309 Sed
908 4250 963 4308 hoc
979 4249 1085 4307 falsum
1109 4259 1161 4308 est.
1185 4246 1245 4323 Qui
1265 4255 1380 4305 tantum
1394 4265 1462 4306 acto

214 4343 448 4403 carroninationis
490 4342 604 4416 Pragae
640 4346 792 4398 asservata
824 4338 906 4415 legit,
940 4337 1100 4394 assentitur
1140 4333 1261 4412 quidem
1296 4337 1461 4392 necessario

212 4431 349 4493 'l'omelrz
372 4428 425 4489 sed
448 4431 473 4487 si
497 4429 694 4505 inspiciuntur
724 4434 791 4484 aeta
813 4425 925 4482 Romae
951 4425 1033 4482 1728
1066 4420 1154 4492 edita,
1178 4441 1225 4480 res
1247 4419 1307 4478 alia
1329 4437 1459 4498 apparot.

213 4519 316 4577 Prima
337 4529 367 4575 et
389 4515 520 4576 secunda
541 4535 610 4593 pars
632 4513 737 4571 horum
760 4511 801 4589 (S.
825 4514 934 4569 ritnurn
957 4509 1195 4586 congregationis
1226 4507 1459 4568 canonizationis

214 4625 265 4664 seu
287 4604 497 4663 declarationis
519 4602 655 4680 martyrii
667 4599 695 4658 h.
707 4600 828 4657 Ioannis
851 4598 928 4676 Nep.
949 4594 1069 4675 positio)
1086 4594 1162 4654 nihil
1179 4593 1299 4672 quidem
1315 4595 1455 4660 eontinet,

213 4713 270 4770 quo
292 4692 392 4770 opinio
423 4690 458 4747 V.
481 4688 597 4746 Tomek
620 4689 714 4745 everti
744 4695 851 4764 posset,
882 4683 933 4742 sed
956 4685 1045 4742 tertia
1076 4703 1143 4760 pars
1170 4679 1461 4754 „animadversiones

267 4825 327 4867 Stav.
341 4826 382 4866 titt.
396 4823 466 4866 theol.
1255 4798 1271 4849 7
