3450 5342
689 367 727 380 ·—
754 337 814 394 363
839 369 881 379 -

162 543 226 580 eam
245 521 416 601 quaerendi,
438 521 526 582 modo
542 524 616 583 alias
631 527 724 603 possit
739 527 914 604 recuperari.
939 557 979 568 -
1003 526 1049 583 Ex
1074 525 1161 584 dictis
1185 525 1302 585 videtur
1325 529 1406 606 sequi

160 609 250 668 licere
280 611 428 687 peccatori
459 610 537 668 nolle
565 614 716 689 poenitere
745 633 797 690 pro
828 613 928 690 aliquo
958 621 1097 690 temporo,
1133 633 1197 672 cum
1224 611 1357 672 videatur
1380 616 1406 670 ei

160 696 273 754 licitum
290 696 369 754 nolle
385 696 490 767 facere,
513 697 591 775 qnod
615 719 675 758 nou
697 710 813 758 tenetur
835 700 941 758 lacere.
965 698 1039 758 Inde
1064 709 1163 758 tamen
1186 719 1245 758 non
1269 702 1407 776 sequitur,

162 781 239 861 quod
262 786 408 860 peccatori
430 783 519 842 liceat
542 785 619 844 velle
641 805 829 865 perseverare
853 789 884 844 in
909 795 986 845 statu
1009 789 1122 864 peccati
1145 786 1276 844 mortalis
1299 795 1329 843 et
1351 787 1408 843 ini·

162 871 292 928 micitiae
307 869 382 928 Dei:
405 869 461 929 hoc
483 873 561 929 enim
585 884 664 931 esset
678 875 805 952 positive
828 882 858 930 et
881 873 1043 932 formaliter
1065 873 1142 932 velle
1165 872 1278 951 aliquid
1300 891 1353 950 per
1376 891 1407 930 se

162 968 192 1013 et
214 958 373 1015 intrinsece
398 957 516 1024 malum,
539 979 645 1038 nempe
668 980 733 1018 esse
751 959 898 1018 obiectum
923 958 1018 1018 divini
1042 959 1103 1018 odii
1126 979 1160 1018 ac
1183 959 1306 1037 proinde
1330 969 1407 1018 esset

163 1043 240 1101 velle
262 1045 355 1121 ipsam
385 1045 547 1118 malitiam3
582 1045 660 1124 qnod
691 1068 750 1106 non
780 1049 927 1124 contingit
958 1049 989 1105 in
1019 1048 1116 1126 priore
1146 1067 1224 1111 casu,
1259 1065 1324 1104 cum
1348 1067 1407 1104 nou

162 1132 311 1206 poenitere
342 1151 402 1189 nou
432 1132 470 1189 sit
501 1134 660 1192 intrinsece
690 1135 808 1206 malum,
842 1133 895 1192 sed
926 1133 1019 1192 solum
1050 1155 1101 1212 per
1128 1131 1265 1192 accidens
1294 1134 1408 1191 ratione

162 1220 319 1294 praecepti,
352 1218 470 1295 quando
500 1219 550 1278 hic
580 1232 610 1278 et
640 1241 719 1279 nuuc
748 1231 841 1298 urget.
882 1219 968 1280 Unde
999 1240 1065 1278 cnm
1090 1241 1147 1279 non
1171 1229 1262 1297 urget,
1293 1219 1404 1278 nullam

163 1304 289 1362 involvit
312 1305 465 1363 malitiam.
488 1306 593 1385 Neque
616 1310 694 1366 euim
719 1311 750 1366 in
773 1317 926 1386 peccatore
950 1329 1008 1366 non
1031 1309 1182 1386 poenitere
1205 1315 1249 1365 est
1272 1306 1410 1364 forma-

163 1390 260 1448 liter
281 1391 313 1448 in
328 1402 449 1468 peccato
464 1413 661 1471 perseverare,
685 1394 737 1453 sed
753 1396 846 1454 solum
870 1397 1135 1454 consecutive.
1161 1393 1246 1453 Unde
1265 1403 1409 1471 peccator,

163 1478 212 1555 (qui
236 1477 299 1535 vult
333 1478 381 1536 hic
412 1489 441 1536 et
472 1501 549 1538 nunc
572 1502 631 1539 non
655 1484 812 1560 poenitere,
842 1503 903 1540 non
935 1489 1090 1560 propterea
1123 1481 1186 1540 vult
1218 1500 1410 1560 perseveran-

163 1566 234 1621 tiam
258 1565 433 1623 inimicitiae
455 1567 531 1627 Dei:
565 1569 621 1626 etsi
652 1571 732 1628 enim
762 1572 795 1638 is,
830 1571 881 1648 qui
912 1569 975 1626 vult
1003 1567 1190 1633 antecedam,
1224 1568 1297 1625 velit
1320 1568 1410 1624 etiam

164 1671 345 1729 consequens
368 1653 472 1711 saltem
497 1656 719 1732 interpretativa
736 1665 784 1714 aut
800 1655 975 1726 virtualiter,
999 1654 1117 1733 quaudo
1140 1673 1323 1732 consequens
1347 1672 1411 1732 per

163 1758 202 1794 sc
224 1757 390 1796 connexum
413 1752 457 1798 est
480 1760 544 1799 cum
557 1742 761 1813 antecedente,
776 1752 956 1809 nontamen,
980 1740 1098 1820 quando
1115 1741 1206 1799 solum
1231 1760 1294 1817 per
1317 1741 1410 1798 acci-

163 1823 257 1882 dens
280 1844 445 1884 connexum
469 1842 522 1899 est,
545 1830 602 1886 nisi
625 1826 746 1888 aliunde
768 1832 806 1888 sit
822 1828 964 1906 obligatio
987 1827 1103 1886 vitandi
1127 1826 1199 1884 illud
1223 1824 1409 1889 antecedens.

164 1912 295 1986 Quorum
323 1921 457 1972 neutrum
480 1917 512 1972 iu
542 1926 641 1974 nostro
670 1935 740 1976 casu
769 1917 928 1995 reperitur;
963 1936 1033 1974 nam
1064 1935 1159 1993 neque
1189 1913 1411 1991 perseverantia

165 2000 311 2056 amicitiae
328 1999 385 2057 Dei
408 2020 461 2079 per·
483 2022 515 2059 se
537 2021 673 2061 connexa
691 2013 736 2062 est
751 2024 817 2062 cum
833 2004 991 2080 negatione
1014 2003 1223 2080 poenitentiae,
1246 1997 1298 2058 sed
1315 1999 1410 2058 solum

163 2104 215 2160 per
237 2083 383 2155 accidens,
414 2108 450 2144 ex
474 2091 676 2166 suppositione
698 2091 812 2168 peccati
835 2101 904 2148 ante
928 2091 1085 2160 commissi,
1117 2088 1228 2146 decreti
1252 2085 1348 2144 divini
1372 2085 1409 2143 dc

164 2182 283 2248 peccato
305 2173 369 2230 sine
393 2177 578 2251 poenitentia
599 2197 659 2236 nou
682 2176 885 2236 remittendo.“
912 2176 1125 2246 Platelius,
1150 2175 1294 2254 Synopsis
1317 2195 1343 2251 p.
1367 2173 1412 2240 V,

164 2279 192 2314 n.
217 2261 352 2316 620-2.

267 2346 304 2403 ln
327 2347 455 2405 secundo
478 2359 650 2426 argumento
675 2371 733 2408 non
756 2349 896 2428 probatur
928 2359 1041 2408 tautam
1065 2347 1251 2426 diligentiam
1276 2346 1411 2405 adhiberi

164 2441 296 2510 oportere
312 2431 490 2492 adsalutem
507 2436 754 2518 consequendam,
776 2449 807 2495 nt
823 2439 914 2496 etiam
930 2447 1072 2495 remotum
1091 2436 1251 2514 pericnlum
1269 2437 1412 2508 evitetur3

165 2529 194 2576 et
216 2539 287 2578 sane
317 2535 530 2599 consequenter
560 2523 719 2582 dicendum
749 2525 823 2582 foret
855 2525 990 2602 quemvis
1014 2524 1163 2582 homiuem
1194 2522 1412 2582 securissimum

164 2615 272 2663 statum
295 2605 403 2666 debere
426 2609 554 2686 eligere:
578 2611 624 2669 Of.
649 2611 702 2668 lle
726 2611 840 2688 Lago,
864 2611 911 2668 De
934 2630 1018 2688 poen.
1036 2608 1111 2687 disp.
1132 2613 1158 2682 7,
1183 2631 1204 2668 s.
1224 2612 1272 2678 11,
1296 2609 1412 2666 11228.

165 2693 206 2749 Et
228 2693 323 2770 quoad
347 2695 599 2756 confirmationem
622 2697 759 2774 neganda
783 2708 827 2756 est
850 2699 970 2775 paritas.
1005 2697 1050 2755 Of.
1075 2693 1340 2764 tt'jetrowski,
1364 2693 1411 2750 De

165 2799 248 2856 poen.
273 2782 364 2839 concl.
391 2785 438 2854 14,
462 2803 486 2841 c.
503 2787 531 2856 2,
554 2783 622 2862 §42
646 2785 781 2846 Gouet.
805 2785 883 2862 Clip.
906 2784 996 2842 theol.
1020 2795 1038 2840 t.
1057 2785 1084 2853 5,
1107 2782 1182 2861 disp.
1198 2785 1225 2854 7,
1249 2781 1411 2839 11101111.

270 2867 408 2927 Ceterum
439 2873 536 2930 mira
566 2885 671 2929 esset
704 2873 915 2929 institutio
947 2871 1127 2942 clavium,
1163 2871 1195 2928 si
1225 2869 1412 2948 proprius

166 2955 250 3012 eius
285 2955 383 3014 l'inis
418 2977 494 3015 non
527 2968 663 3036 posset
697 2961 783 3016 sine
818 2967 992 3036 peccato
1026 2958 1172 3016 saltem
1207 2953 1413 3014 materiali

166 3043 326 3117 attingi.
352 3079 390 3085 —
415 3045 490 3102 Item
508 3048 613 3103 mirum
637 3056 714 3103 esset
734 3055 922 3124 praeceptum
947 3045 1098 3116 ecclesiae,
1123 3053 1154 3102 ut
1169 3042 1272 3102 fideles
1295 3075 1338 3084 -
1354 3062 1413 3100 non

168 3129 268 3184 statim
291 3142 355 3206 post
377 3143 530 3208 peccatum
546 3134 742 3203 commissum,
766 3131 817 3190 sed
841 3166 883 3174 -
908 3132 999 3192 semel
1023 3134 1053 3188 in
1071 3151 1149 3189 anno
1173 3131 1272 3188 claves
1296 3127 1413 3188 adeant.

169 3213 214 3270 (¹t'.
237 3215 276 3275 11,
300 3215 426 3276 Linek
451 3219 529 3288 11,,
554 3219 826 3277 Commentationcs
848 3220 937 3277 theol.
961 3218 998 3277 de
1022 3219 1130 3296 poenit.
1154 3239 1181 3296 p.
1193 3218 1215 3288 l,
1240 3237 1264 3278 c.
1288 3218 1316 3282 4,
1333 3235 1413 3293 prop.

170 3303 197 3368 tl,
220 3323 261 3378 pr.
286 3297 329 3362 3⁰.
1481 3377 1484 3382 Ι

271 3388 386 3448 Eodem
408 3389 495 3450 modo
517 3392 668 3452 reicienda
690 3404 734 3450 est
757 3395 905 3450 sententia
928 3391 965 3450 de
988 3391 1169 3468 obligatione
1192 3389 1230 3447 ad
1252 3388 1413 3467 displicen-

168 3477 240 3532 tiam
263 3475 367 3534 saltem
390 3479 593 3556 imperfectam
609 3479 645 3536 de
661 3490 789 3557 peccato,
812 3481 927 3556 quoties
943 3481 1034 3537 ruenti
1051 3479 1183 3548 occurrit,
1206 3496 1293 3554 qnam
1310 3477 1412 3533 statuit

168 3583 195 3618 v.
207 3583 235 3638 g.
251 3563 486 3624 l'ellavicini.
500 3566 716 3643 Argumentum
733 3568 820 3638 enim,
834 3585 891 3644 quo
904 3565 1050 3644 probatur,
1066 3565 1214 3623 infirmum
1226 3572 1279 3620 est.
1303 3563 1414 3620 Dicunt

168 3650 264 3706 enim:
288 3649 348 3724 Qui
372 3671 431 3709 nou
453 3653 536 3711 elicit
558 3656 739 3710 attritionem
754 3653 791 3710 de
803 3663 926 3731 peccato
950 3673 1014 3711 cnm
1038 3653 1186 3731 proposito
1209 3647 1350 3708 tendendi
1376 3647 1414 3705 ad

169 3754 269 3794 reram
303 3740 534 3807 conversionem,
568 3752 704 3798 censetur
736 3738 898 3818 approbare
933 3749 1041 3798 statum
1072 3739 1193 3816 peccati.
1238 3736 1316 3793 Nam
1347 3755 1411 3792 curn

168 3825 258 3880 sentit
273 3825 466 3894 monitionem
478 3826 535 3884 Dei
554 3825 591 3884 de
607 3829 799 3884 conversione
821 3836 851 3884 et
875 3827 999 3904 negligit
1023 3827 1176 3902 concipere
1193 3823 1412 3900 displicentiam

168 3907 205 3968 de
231 3922 359 3988 peccato,
394 3915 520 3990 positive
548 3911 691 3992 approbat
714 3923 875 3990 peccatum,
910 3915 979 3990 quia
1011 3912 1063 3970 illa
1093 3912 1215 3970 monitio
1239 3911 1297 3968 Dei
1320 3910 1415 3986 exigit

168 3995 397 4058 declarationem
427 4003 594 4078 positivam,
629 4019 683 4058 nec
713 4002 784 4058 sinit
813 3999 962 4058 hominem
986 4019 1050 4057 esse
1073 3997 1245 4070 neutralem,
1279 4005 1311 4054 ut
1333 4003 1415 4074 patet

168 4103 205 4140 ex
229 4084 271 4142 Lc
296 4089 344 4155 11,
369 4089 426 4146 23:
450 4090 510 4163 Qui
534 4107 592 4145 nou
614 4100 659 4144 est
683 4107 804 4158 mecum,
828 4095 930 4145 contra
953 4107 999 4144 me
1022 4093 1074 4144 est.
1109 4120 1147 4127 -
1180 4082 1238 4142 Sed
1262 4085 1330 4142 talis
1355 4103 1415 4140 mo-

169 4172 242 4228 nitio
265 4191 325 4230 non
348 4183 393 4231 est
416 4173 564 4232 censenda
586 4175 644 4232 nisi
667 4176 840 4247 consilinm3
864 4193 920 4232 nec
944 4173 1035 4231 verba
1058 4173 1100 4230 Lc
1127 4175 1174 4241 11,
1199 4173 1238 4228 23
1263 4172 1352 4228 etiam
1377 4167 1415 4226 ad

167 4255 224 4314 hoc
246 4258 390 4336 applicari
412 4272 542 4338 possunt.

271 4345 359 4420 Quod
381 4368 451 4406 vero
474 4369 496 4405 s.
519 4348 673 4406 'l'homas
697 4347 769 4405 dicit
791 4345 834 4428 (S.
857 4347 900 4405 th.
923 4347 1019 4424 plII.
1042 4366 1069 4424 q.
1083 4347 1132 4416 et,
1156 4365 1181 4401 a.
1206 4342 1237 4420 8)
1261 4343 1413 4420 poeniten·

167 4432 240 4488 tiam
263 4431 371 4490 debere
394 4434 498 4492 durare
522 4455 613 4514 usque
637 4434 674 4492 ad
697 4435 787 4493 linem
809 4435 898 4506 vitae,
929 4453 1044 4510 semper
1067 4434 1144 4490 euim
1168 4429 1276 4488 debere
1300 4427 1413 4485 homini

168 4515 334 4596 displicere,
358 4521 434 4598 quod
457 4523 634 4600 peccaverit,
670 4523 812 4600 intelligit
835 4520 872 4580 de
895 4521 1077 4599 poenitentia
1100 4513 1303 4575 conservanda
1326 4533 1416 4590 nega-

168 4607 237 4676 tive,
261 4606 289 4664 h.
313 4627 337 4664 e.
361 4605 398 4665 do
421 4629 581 4687 numquam
605 4609 800 4686 concipienda
822 4607 1039 4685 complacentia
1061 4605 1174 4683 peccati
1198 4605 1251 4660 sui.
