<?xml version="1.0" encoding="UTF-8"?>
<!DOCTYPE html PUBLIC "-//W3C//DTD XHTML 1.0 Transitional//EN"
    "http://www.w3.org/TR/xhtml1/DTD/xhtml1-transitional.dtd">
<html xmlns="http://www.w3.org/1999/xhtml" xml:lang="en" lang="en">
 <head>
  <title>
</title>
<meta http-equiv="Content-Type" content="text/html;charset=utf-8" />
  <meta name='ocr-system' content='tesseract 3.04.00' />
  <meta name='ocr-capabilities' content='ocr_page ocr_carea ocr_par ocr_line ocrx_word'/>
</head>
<body>
  <div class='ocr_page' id='page_1' title='image "./slavorumlittera00unkngoog_0190.png"; bbox 0 0 3450 5342; ppageno 0'>
   <div class='ocr_carea' id='block_1_1' title="bbox 872 512 1064 567">
    <p class='ocr_par' dir='ltr' id='par_1_1' title="bbox 872 512 1064 567">
     <span class='ocr_line' id='line_1_1' title="bbox 872 512 1064 567; baseline 0 0"><span class='ocrx_word' id='word_1_1' title='bbox 872 512 1064 567; x_wconf 81' lang='lat'>-166-</span> 
     </span>
    </p>
   </div>
   <div class='ocr_carea' id='block_1_2' title="bbox 343 696 1592 1907">
    <p class='ocr_par' dir='ltr' id='par_1_2' title="bbox 343 696 1587 1019">
     <span class='ocr_line' id='line_1_2' title="bbox 343 696 1585 777; baseline 0 -20"><span class='ocrx_word' id='word_1_2' title='bbox 343 698 458 769; x_wconf 83' lang='lat' dir='ltr'>darum,</span> <span class='ocrx_word' id='word_1_3' title='bbox 486 698 785 777; x_wconf 68' lang='lat' dir='ltr'>Caprimulgidarum</span> <span class='ocrx_word' id='word_1_4' title='bbox 811 696 1103 777; x_wconf 78' lang='lat' dir='ltr'>&#39;l&#39;roglodytidarum</span> <span class='ocrx_word' id='word_1_5' title='bbox 1129 698 1265 758; x_wconf 88' lang='lat' dir='ltr'>Perdieis</span> <span class='ocrx_word' id='word_1_6' title='bbox 1287 701 1421 757; x_wconf 78' lang='lat' dir='ltr'><strong>cinereae</strong></span> <span class='ocrx_word' id='word_1_7' title='bbox 1445 714 1476 757; x_wconf 90' lang='lat' dir='ltr'>et</span> <span class='ocrx_word' id='word_1_8' title='bbox 1500 710 1585 757; x_wconf 89' lang='lat' dir='ltr'>cotur·</span> 
     </span>
     <span class='ocr_line' id='line_1_3' title="bbox 346 785 1587 864; baseline 0 -19"><span class='ocrx_word' id='word_1_9' title='bbox 346 788 432 856; x_wconf 89' lang='lat' dir='ltr'>uicis,</span> <span class='ocrx_word' id='word_1_10' title='bbox 464 786 658 864; x_wconf 86' lang='lat' dir='ltr'>complurium</span> <span class='ocrx_word' id='word_1_11' title='bbox 681 786 900 864; x_wconf 84' lang='lat' dir='ltr'>phasianorum,</span> <span class='ocrx_word' id='word_1_12' title='bbox 931 785 1124 863; x_wconf 82' lang='lat' dir='ltr'>scolopaeum,</span> <span class='ocrx_word' id='word_1_13' title='bbox 1155 789 1367 854; x_wconf 86' lang='lat' dir='ltr'>numeniorum,</span> <span class='ocrx_word' id='word_1_14' title='bbox 1397 785 1587 857; x_wconf 85' lang='lat' dir='ltr'>botaurorum,</span> 
     </span>
     <span class='ocr_line' id='line_1_4' title="bbox 346 872 1587 953; baseline -0.001 -22"><span class='ocrx_word' id='word_1_15' title='bbox 346 874 492 953; x_wconf 91' lang='lat' dir='ltr'>pullorum</span> <span class='ocrx_word' id='word_1_16' title='bbox 517 874 587 933; x_wconf 84' lang='lat' dir='ltr'>Lari</span> <span class='ocrx_word' id='word_1_17' title='bbox 612 875 768 950; x_wconf 84' lang='lat' dir='ltr'>argentati,</span> <span class='ocrx_word' id='word_1_18' title='bbox 797 874 920 931; x_wconf 87' lang='lat' dir='ltr'>aliorum</span> <span class='ocrx_word' id='word_1_19' title='bbox 944 872 1069 931; x_wconf 86' lang='lat' dir='ltr'>eandem</span> <span class='ocrx_word' id='word_1_20' title='bbox 1093 872 1140 931; x_wconf 77' lang='lat' dir='ltr'>vel</span> <span class='ocrx_word' id='word_1_21' title='bbox 1164 873 1291 931; x_wconf 83' lang='lat' dir='ltr'>similem</span> <span class='ocrx_word' id='word_1_22' title='bbox 1314 876 1479 931; x_wconf 82' lang='lat' dir='ltr'><strong>taeniarum</strong></span> <span class='ocrx_word' id='word_1_23' title='bbox 1502 876 1587 951; x_wconf 72' lang='lat' dir='ltr'>picto</span> 
     </span>
     <span class='ocr_line' id='line_1_5' title="bbox 346 960 584 1019; baseline 0 -1"><span class='ocrx_word' id='word_1_24' title='bbox 346 982 408 1019; x_wconf 91' lang='lat' dir='ltr'>ram</span> <span class='ocrx_word' id='word_1_25' title='bbox 432 960 584 1018; x_wconf 80' lang='lat' dir='ltr'>exhibent.</span> 
     </span>
    </p>

    <p class='ocr_par' dir='ltr' id='par_1_3' title="bbox 347 1046 1592 1907">
     <span class='ocr_line' id='line_1_6' title="bbox 453 1046 1588 1125; baseline -0.002 -20"><span class='ocrx_word' id='word_1_26' title='bbox 453 1046 520 1123; x_wconf 77' lang='lat' dir='ltr'>Quo</span> <span class='ocrx_word' id='word_1_27' title='bbox 543 1068 652 1125; x_wconf 86' lang='lat' dir='ltr'>quaeso</span> <span class='ocrx_word' id='word_1_28' title='bbox 682 1067 778 1105; x_wconf 86' lang='lat' dir='ltr'>rerum</span> <span class='ocrx_word' id='word_1_29' title='bbox 809 1066 960 1114; x_wconf 83' lang='lat' dir='ltr'>concursu,</span> <span class='ocrx_word' id='word_1_30' title='bbox 992 1066 1087 1125; x_wconf 84' lang='lat' dir='ltr'>quove</span> <span class='ocrx_word' id='word_1_31' title='bbox 1111 1066 1190 1117; x_wconf 87' lang='lat' dir='ltr'>casu,</span> <span class='ocrx_word' id='word_1_32' title='bbox 1213 1068 1271 1125; x_wconf 91' lang='lat' dir='ltr'>quo</span> <span class='ocrx_word' id='word_1_33' title='bbox 1293 1047 1431 1105; x_wconf 78' lang='lat' dir='ltr'>utilitatis</span> <span class='ocrx_word' id='word_1_34' title='bbox 1462 1062 1588 1124; x_wconf 85' lang='lat' dir='ltr'>respectu</span> 
     </span>
     <span class='ocr_line' id='line_1_7' title="bbox 347 1132 1588 1212; baseline -0.001 -21"><span class='ocrx_word' id='word_1_35' title='bbox 347 1134 466 1212; x_wconf 87' lang='lat' dir='ltr'>Papilio</span> <span class='ocrx_word' id='word_1_36' title='bbox 496 1134 546 1191; x_wconf 90' lang='lat' dir='ltr'>ille</span> <span class='ocrx_word' id='word_1_37' title='bbox 576 1134 723 1193; x_wconf 86' lang='lat' dir='ltr'>Machaon</span> <span class='ocrx_word' id='word_1_38' title='bbox 757 1134 856 1211; x_wconf 86' lang='lat' dir='ltr'>apices</span> <span class='ocrx_word' id='word_1_39' title='bbox 887 1154 938 1191; x_wconf 88' lang='lat' dir='ltr'>seu</span> <span class='ocrx_word' id='word_1_40' title='bbox 968 1134 1097 1191; x_wconf 84' lang='lat' dir='ltr'>calcaria</span> <span class='ocrx_word' id='word_1_41' title='bbox 1128 1136 1158 1191; x_wconf 91' lang='lat' dir='ltr'>in</span> <span class='ocrx_word' id='word_1_42' title='bbox 1189 1134 1245 1193; x_wconf 87' lang='lat' dir='ltr'>alis</span> <span class='ocrx_word' id='word_1_43' title='bbox 1277 1145 1379 1193; x_wconf 82' lang='lat' dir='ltr'>nactus</span> <span class='ocrx_word' id='word_1_44' title='bbox 1410 1135 1476 1193; x_wconf 78' lang='lat' dir='ltr'>est?</span> <span class='ocrx_word' id='word_1_45' title='bbox 1511 1132 1588 1208; x_wconf 81' lang='lat' dir='ltr'>Quae</span> 
     </span>
     <span class='ocr_line' id='line_1_8' title="bbox 348 1219 1589 1300; baseline -0.001 -22"><span class='ocrx_word' id='word_1_46' title='bbox 348 1220 465 1279; x_wconf 85' lang='lat' dir='ltr'>fortuna</span> <span class='ocrx_word' id='word_1_47' title='bbox 488 1221 643 1299; x_wconf 84' lang='lat' dir='ltr'>llesperiis</span> <span class='ocrx_word' id='word_1_48' title='bbox 673 1241 797 1300; x_wconf 90' lang='lat' dir='ltr'>quoque,</span> <span class='ocrx_word' id='word_1_49' title='bbox 829 1220 987 1299; x_wconf 83' lang='lat' dir='ltr'>Lycaenis,</span> <span class='ocrx_word' id='word_1_50' title='bbox 1011 1222 1166 1291; x_wconf 74' lang='lat' dir='ltr'>Saturuiis,</span> <span class='ocrx_word' id='word_1_51' title='bbox 1189 1220 1396 1293; x_wconf 79' lang='lat' dir='ltr'>Geometridis,</span> <span class='ocrx_word' id='word_1_52' title='bbox 1424 1220 1494 1279; x_wconf 86' lang='lat' dir='ltr'>aliis</span> <span class='ocrx_word' id='word_1_53' title='bbox 1517 1219 1589 1278; x_wconf 89' lang='lat' dir='ltr'>idem</span> 
     </span>
     <span class='ocr_line' id='line_1_9' title="bbox 348 1306 1589 1385; baseline -0.002 -20"><span class='ocrx_word' id='word_1_54' title='bbox 348 1308 495 1366; x_wconf 78' lang='lat' dir='ltr'>contulit?</span> <span class='ocrx_word' id='word_1_55' title='bbox 518 1308 559 1365; x_wconf 76' lang='lat' dir='ltr'>Et</span> <span class='ocrx_word' id='word_1_56' title='bbox 581 1308 655 1366; x_wconf 87' lang='lat' dir='ltr'>haec</span> <span class='ocrx_word' id='word_1_57' title='bbox 678 1328 748 1366; x_wconf 89' lang='lat' dir='ltr'>saue</span> <span class='ocrx_word' id='word_1_58' title='bbox 772 1306 944 1377; x_wconf 83' lang='lat' dir='ltr'>similitudo,</span> <span class='ocrx_word' id='word_1_59' title='bbox 977 1308 1120 1366; x_wconf 84' lang='lat' dir='ltr'>latissime</span> <span class='ocrx_word' id='word_1_60' title='bbox 1150 1318 1264 1385; x_wconf 87' lang='lat' dir='ltr'>patens,</span> <span class='ocrx_word' id='word_1_61' title='bbox 1294 1311 1383 1367; x_wconf 84' lang='lat' dir='ltr'>etiarn</span> <span class='ocrx_word' id='word_1_62' title='bbox 1415 1308 1589 1366; x_wconf 87' lang='lat' dir='ltr'>elementum</span> 
     </span>
     <span class='ocr_line' id='line_1_10' title="bbox 348 1394 1589 1473; baseline -0.001 -21"><span class='ocrx_word' id='word_1_63' title='bbox 348 1394 557 1473; x_wconf 86' lang='lat' dir='ltr'>explicandum</span> <span class='ocrx_word' id='word_1_64' title='bbox 579 1405 632 1467; x_wconf 84' lang='lat' dir='ltr'>est,</span> <span class='ocrx_word' id='word_1_65' title='bbox 655 1397 826 1472; x_wconf 89' lang='lat' dir='ltr'>praesertim</span> <span class='ocrx_word' id='word_1_66' title='bbox 843 1414 909 1452; x_wconf 90' lang='lat' dir='ltr'>curn</span> <span class='ocrx_word' id='word_1_67' title='bbox 933 1396 997 1472; x_wconf 87' lang='lat' dir='ltr'>ipsa</span> <span class='ocrx_word' id='word_1_68' title='bbox 1020 1394 1178 1453; x_wconf 78' lang='lat' dir='ltr'>ianuarum</span> <span class='ocrx_word' id='word_1_69' title='bbox 1194 1394 1356 1453; x_wconf 78' lang='lat' dir='ltr'>similitudo</span> <span class='ocrx_word' id='word_1_70' title='bbox 1379 1395 1512 1453; x_wconf 85' lang='lat' dir='ltr'>theoriae</span> <span class='ocrx_word' id='word_1_71' title='bbox 1528 1415 1589 1451; x_wconf 81' lang='lat' dir='ltr'>ero-</span> 
     </span>
     <span class='ocr_line' id='line_1_11' title="bbox 348 1478 1591 1559; baseline 0 -21"><span class='ocrx_word' id='word_1_72' title='bbox 348 1482 469 1540; x_wconf 89' lang='lat' dir='ltr'>lutiouis</span> <span class='ocrx_word' id='word_1_73' title='bbox 491 1481 650 1539; x_wconf 81' lang='lat' dir='ltr'>historicae</span> <span class='ocrx_word' id='word_1_74' title='bbox 672 1478 939 1539; x_wconf 85' lang='lat' dir='ltr'>comminiscendae</span> <span class='ocrx_word' id='word_1_75' title='bbox 963 1502 1065 1539; x_wconf 86' lang='lat' dir='ltr'>ausam</span> <span class='ocrx_word' id='word_1_76' title='bbox 1089 1479 1212 1539; x_wconf 85' lang='lat' dir='ltr'>dederit.</span> <span class='ocrx_word' id='word_1_77' title='bbox 1249 1482 1309 1559; x_wconf 80' lang='lat' dir='ltr'><strong>(cf.</strong></span> <span class='ocrx_word' id='word_1_78' title='bbox 1332 1480 1511 1559; x_wconf 71' lang='lat' dir='ltr'>Wigand,</span> <span class='ocrx_word' id='word_1_79' title='bbox 1535 1481 1591 1538; x_wconf 76' lang='lat' dir='ltr'>lter</span> 
     </span>
     <span class='ocr_line' id='line_1_12' title="bbox 350 1566 1591 1649; baseline 0.002 -22"><span class='ocrx_word' id='word_1_80' title='bbox 350 1568 566 1627; x_wconf 84' lang='lat' dir='ltr'>Darwinismus</span> <span class='ocrx_word' id='word_1_81' title='bbox 589 1567 649 1626; x_wconf 94' lang='lat' dir='ltr'>und</span> <span class='ocrx_word' id='word_1_82' title='bbox 672 1568 720 1626; x_wconf 91' lang='lat' dir='ltr'>die</span> <span class='ocrx_word' id='word_1_83' title='bbox 743 1567 1001 1644; x_wconf 79' lang='lat' dir='ltr'>Xatursorschuug</span> <span class='ocrx_word' id='word_1_84' title='bbox 1024 1569 1165 1627; x_wconf 80' lang='lat' dir='ltr'>Xewtous</span> <span class='ocrx_word' id='word_1_85' title='bbox 1188 1568 1249 1627; x_wconf 89' lang='lat' dir='ltr'>und</span> <span class='ocrx_word' id='word_1_86' title='bbox 1272 1569 1405 1628; x_wconf 83' lang='lat' dir='ltr'>Cuviers.</span> <span class='ocrx_word' id='word_1_87' title='bbox 1430 1570 1452 1627; x_wconf 92' lang='lat' dir='ltr'>l.</span> <span class='ocrx_word' id='word_1_88' title='bbox 1475 1566 1591 1649; x_wconf 65' lang='lat' dir='ltr'>(lein.</span> 
     </span>
     <span class='ocr_line' id='line_1_13' title="bbox 351 1653 1592 1735; baseline -0.002 -22"><span class='ocrx_word' id='word_1_89' title='bbox 351 1677 378 1735; x_wconf 90' lang='lat' dir='ltr'>p.</span> <span class='ocrx_word' id='word_1_90' title='bbox 415 1657 485 1713; x_wconf 73' lang='lat'><strong>256.</strong></span> <span class='ocrx_word' id='word_1_91' title='bbox 521 1658 591 1713; x_wconf 73' lang='lat'>261.</span> <span class='ocrx_word' id='word_1_92' title='bbox 628 1690 666 1697; x_wconf 96' lang='lat'><strong>—</strong></span> <span class='ocrx_word' id='word_1_93' title='bbox 701 1656 796 1713; x_wconf 80' lang='lat' dir='ltr'>Natur</span> <span class='ocrx_word' id='word_1_94' title='bbox 826 1653 887 1713; x_wconf 88' lang='lat' dir='ltr'>und</span> <span class='ocrx_word' id='word_1_95' title='bbox 920 1654 1127 1732; x_wconf 81' lang='lat' dir='ltr'>(lll&#39;eubaruug</span> <span class='ocrx_word' id='word_1_96' title='bbox 1150 1654 1231 1722; x_wconf 79' lang='lat' dir='ltr'>xll,</span> <span class='ocrx_word' id='word_1_97' title='bbox 1264 1658 1454 1729; x_wconf 66' lang='lat'>169-1113</span> <span class='ocrx_word' id='word_1_98' title='bbox 1489 1654 1592 1721; x_wconf 92' lang='lat' dir='ltr'>XLll.,</span> 
     </span>
     <span class='ocr_line' id='line_1_14' title="bbox 350 1742 1591 1821; baseline 0.002 -22"><span class='ocrx_word' id='word_1_99' title='bbox 350 1762 376 1821; x_wconf 91' lang='lat' dir='ltr'>p.</span> <span class='ocrx_word' id='word_1_100' title='bbox 390 1744 465 1812; x_wconf 58' lang='lat' dir='ltr'>sun</span> <span class='ocrx_word' id='word_1_101' title='bbox 490 1743 560 1799; x_wconf 71' lang='lat'>364.</span> <span class='ocrx_word' id='word_1_102' title='bbox 576 1778 612 1783; x_wconf 98' lang='lat'><strong>—</strong></span> <span class='ocrx_word' id='word_1_103' title='bbox 627 1744 771 1800; x_wconf 65' lang='lat' dir='ltr'>stimmen</span> <span class='ocrx_word' id='word_1_104' title='bbox 795 1761 847 1799; x_wconf 90' lang='lat' dir='ltr'>aus</span> <span class='ocrx_word' id='word_1_105' title='bbox 871 1742 966 1800; x_wconf 84' lang='lat' dir='ltr'>ltlaria</span> <span class='ocrx_word' id='word_1_106' title='bbox 989 1742 1100 1812; x_wconf 84' lang='lat' dir='ltr'>Laach,</span> <span class='ocrx_word' id='word_1_107' title='bbox 1124 1742 1366 1813; x_wconf 74' lang='lat' dir='ltr'>XXVlll.,l‘.l0.</span> <span class='ocrx_word' id='word_1_108' title='bbox 1390 1777 1431 1785; x_wconf 89' lang='lat'>-</span> <span class='ocrx_word' id='word_1_109' title='bbox 1456 1743 1591 1802; x_wconf 77' lang='lat' dir='ltr'>Altum.</span> 
     </span>
     <span class='ocr_line' id='line_1_15' title="bbox 350 1824 962 1907; baseline -0.002 -21"><span class='ocrx_word' id='word_1_110' title='bbox 350 1829 412 1886; x_wconf 77' lang='lat' dir='ltr'>Iler</span> <span class='ocrx_word' id='word_1_111' title='bbox 435 1829 529 1905; x_wconf 77' lang='lat' dir='ltr'>l&#39;ogel</span> <span class='ocrx_word' id='word_1_112' title='bbox 553 1849 579 1887; x_wconf 89' lang='lat' dir='ltr'>u.</span> <span class='ocrx_word' id='word_1_113' title='bbox 603 1832 666 1887; x_wconf 92' lang='lat' dir='ltr'>sein</span> <span class='ocrx_word' id='word_1_114' title='bbox 689 1824 824 1887; x_wconf 59' lang='lat' dir='ltr'>Lobenl.</span> <span class='ocrx_word' id='word_1_115' title='bbox 848 1850 875 1907; x_wconf 88' lang='lat' dir='ltr'>p.</span> <span class='ocrx_word' id='word_1_116' title='bbox 902 1830 962 1898; x_wconf 70' lang='lat' dir='ltr'>lt.)</span> 
     </span>
    </p>
   </div>
   <div class='ocr_carea' id='block_1_3' title="bbox 351 1932 1592 2166">
    <p class='ocr_par' dir='ltr' id='par_1_4' title="bbox 351 1932 1592 2166">
     <span class='ocr_line' id='line_1_16' title="bbox 454 1932 1592 2011; baseline -0.002 -20"><span class='ocrx_word' id='word_1_117' title='bbox 454 1932 539 2009; x_wconf 81' lang='lat' dir='ltr'>Quae</span> <span class='ocrx_word' id='word_1_118' title='bbox 570 1952 634 1991; x_wconf 91' lang='lat' dir='ltr'>cum</span> <span class='ocrx_word' id='word_1_119' title='bbox 658 1936 700 1990; x_wconf 93' lang='lat' dir='ltr'>ita</span> <span class='ocrx_word' id='word_1_120' title='bbox 723 1935 791 2005; x_wconf 89' lang='lat' dir='ltr'>sint,</span> <span class='ocrx_word' id='word_1_121' title='bbox 821 1936 923 2011; x_wconf 89' lang='lat' dir='ltr'>opinio</span> <span class='ocrx_word' id='word_1_122' title='bbox 953 1934 1085 2011; x_wconf 76' lang='lat' dir='ltr'>vulgaris</span> <span class='ocrx_word' id='word_1_123' title='bbox 1107 1933 1144 1991; x_wconf 90' lang='lat' dir='ltr'>de</span> <span class='ocrx_word' id='word_1_124' title='bbox 1167 1933 1287 1993; x_wconf 84' lang='lat' dir='ltr'>floribus</span> <span class='ocrx_word' id='word_1_125' title='bbox 1310 1942 1339 1991; x_wconf 91' lang='lat' dir='ltr'>et</span> <span class='ocrx_word' id='word_1_126' title='bbox 1363 1932 1467 1991; x_wconf 78' lang='lat' dir='ltr'>aribus</span> <span class='ocrx_word' id='word_1_127' title='bbox 1491 1956 1510 1991; x_wconf 83' lang='lat' dir='ltr'>a.</span> <span class='ocrx_word' id='word_1_128' title='bbox 1535 1933 1592 1989; x_wconf 85' lang='lat' dir='ltr'>Deo</span> 
     </span>
     <span class='ocr_line' id='line_1_17' title="bbox 352 2020 1591 2099; baseline -0.002 -22"><span class='ocrx_word' id='word_1_129' title='bbox 352 2022 469 2078; x_wconf 91' lang='lat' dir='ltr'>vestitis</span> <span class='ocrx_word' id='word_1_130' title='bbox 499 2022 617 2077; x_wconf 82' lang='lat' dir='ltr'>veritati</span> <span class='ocrx_word' id='word_1_131' title='bbox 649 2020 727 2078; x_wconf 88' lang='lat' dir='ltr'>haud</span> <span class='ocrx_word' id='word_1_132' title='bbox 761 2020 849 2099; x_wconf 78' lang='lat' dir='ltr'>poulo</span> <span class='ocrx_word' id='word_1_133' title='bbox 883 2023 1074 2099; x_wconf 85' lang='lat' dir='ltr'>propinquior</span> <span class='ocrx_word' id='word_1_134' title='bbox 1109 2020 1226 2079; x_wconf 87' lang='lat' dir='ltr'>videtur</span> <span class='ocrx_word' id='word_1_135' title='bbox 1261 2042 1325 2079; x_wconf 88' lang='lat' dir='ltr'>esse</span> <span class='ocrx_word' id='word_1_136' title='bbox 1359 2041 1445 2099; x_wconf 84' lang='lat' dir='ltr'>qumn</span> <span class='ocrx_word' id='word_1_137' title='bbox 1483 2039 1591 2078; x_wconf 88' lang='lat' dir='ltr'>summa</span> 
     </span>
     <span class='ocr_line' id='line_1_18' title="bbox 351 2106 790 2166; baseline 0.005 -3"><span class='ocrx_word' id='word_1_138' title='bbox 351 2107 624 2165; x_wconf 69' lang='lat' dir='ltr'>es&#39;olutianistaram</span> <span class='ocrx_word' id='word_1_139' title='bbox 647 2106 790 2166; x_wconf 89' lang='lat' dir='ltr'>doctrina.</span> 
     </span>
    </p>
   </div>
   <div class='ocr_carea' id='block_1_4' title="bbox 352 2210 1592 2376">
    <p class='ocr_par' dir='ltr' id='par_1_5' title="bbox 352 2210 1592 2376">
     <span class='ocr_line' id='line_1_19' title="bbox 456 2210 1592 2291; baseline -0.003 -22"><span class='ocrx_word' id='word_1_140' title='bbox 456 2210 536 2287; x_wconf 76' lang='lat' dir='ltr'>Quid</span> <span class='ocrx_word' id='word_1_141' title='bbox 559 2213 677 2281; x_wconf 72' lang='lat' dir='ltr'>verosi</span> <span class='ocrx_word' id='word_1_142' title='bbox 695 2214 879 2270; x_wconf 87' lang='lat' dir='ltr'>constantiae</span> <span class='ocrx_word' id='word_1_143' title='bbox 903 2210 1088 2270; x_wconf 88' lang='lat' dir='ltr'>subtiliorum</span> <span class='ocrx_word' id='word_1_144' title='bbox 1112 2213 1340 2291; x_wconf 88' lang='lat' dir='ltr'>proportionum,</span> <span class='ocrx_word' id='word_1_145' title='bbox 1358 2211 1437 2269; x_wconf 77' lang='lat' dir='ltr'>velut</span> <span class='ocrx_word' id='word_1_146' title='bbox 1458 2212 1592 2269; x_wconf 78' lang='lat' dir='ltr'>sectionis</span> 
     </span>
     <span class='ocr_line' id='line_1_20' title="bbox 352 2298 1592 2376; baseline -0.002 -21"><span class='ocrx_word' id='word_1_147' title='bbox 352 2318 466 2367; x_wconf 86' lang='lat' dir='ltr'>aureae,</span> <span class='ocrx_word' id='word_1_148' title='bbox 497 2300 641 2355; x_wconf 89' lang='lat' dir='ltr'>rationem</span> <span class='ocrx_word' id='word_1_149' title='bbox 671 2300 858 2375; x_wconf 78' lang='lat' dir='ltr'>exigeremus</span> <span class='ocrx_word' id='word_1_150' title='bbox 889 2300 1047 2373; x_wconf 74' lang='lat' dir='ltr'>(summer</span> <span class='ocrx_word' id='word_1_151' title='bbox 1080 2318 1104 2357; x_wconf 90' lang='lat' dir='ltr'>a.</span> <span class='ocrx_word' id='word_1_152' title='bbox 1126 2298 1166 2356; x_wconf 82' lang='lat' dir='ltr'>ll.</span> <span class='ocrx_word' id='word_1_153' title='bbox 1190 2298 1223 2359; x_wconf 91' lang='lat' dir='ltr'>L.</span> <span class='ocrx_word' id='word_1_154' title='bbox 1248 2298 1345 2355; x_wconf 89' lang='lat' dir='ltr'>XXX</span> <span class='ocrx_word' id='word_1_155' title='bbox 1378 2298 1494 2376; x_wconf 55' lang='grc' dir='ltr'>[1111115]Ἰ</span> <span class='ocrx_word' id='word_1_156' title='bbox 1527 2299 1592 2355; x_wconf 73' lang='grc'><strong>531.</strong></span> 
     </span>
    </p>
   </div>
   <div class='ocr_carea' id='block_1_5' title="bbox 353 2384 1684 2463">
    <p class='ocr_par' dir='ltr' id='par_1_6' title="bbox 353 2384 1684 2463">
     <span class='ocr_line' id='line_1_21' title="bbox 353 2384 1684 2463; baseline -0.002 -20"><span class='ocrx_word' id='word_1_157' title='bbox 353 2387 434 2457; x_wconf 71' lang='grc' dir='ltr'>53ϋς</span> <span class='ocrx_word' id='word_1_158' title='bbox 465 2385 573 2442; x_wconf 75' lang='lat' dir='ltr'>xxiv</span> <span class='ocrx_word' id='word_1_159' title='bbox 600 2384 717 2462; x_wconf 71' lang='lat'>[1883],</span> <span class='ocrx_word' id='word_1_160' title='bbox 741 2389 816 2457; x_wconf 66' lang='lat'>3:313,</span> <span class='ocrx_word' id='word_1_161' title='bbox 851 2386 888 2443; x_wconf 88' lang='lat' dir='ltr'>ef.</span> <span class='ocrx_word' id='word_1_162' title='bbox 913 2386 953 2443; x_wconf 69' lang='lat' dir='ltr'>n&#39;l.</span> <span class='ocrx_word' id='word_1_163' title='bbox 977 2386 994 2443; x_wconf 90' lang='lat' dir='ltr'>l.</span> <span class='ocrx_word' id='word_1_164' title='bbox 1018 2384 1059 2445; x_wconf 90' lang='lat' dir='ltr'>th.</span> <span class='ocrx_word' id='word_1_165' title='bbox 1093 2386 1125 2453; x_wconf 91' lang='lat' dir='ltr'>l.,</span> <span class='ocrx_word' id='word_1_166' title='bbox 1163 2387 1221 2443; x_wconf 88' lang='grc'>137</span> <span class='ocrx_word' id='word_1_167' title='bbox 1248 2384 1356 2463; x_wconf 80' lang='lat' dir='ltr'>[58ti]),</span> <span class='ocrx_word' id='word_1_168' title='bbox 1390 2385 1437 2443; x_wconf 77' lang='lat' dir='ltr'>vel</span> <span class='ocrx_word' id='word_1_169' title='bbox 1462 2404 1592 2443; x_wconf 83' lang='lat' dir='ltr'>sonorum</span> <span class='ocrx_word' id='word_1_170' title='bbox 1683 2390 1684 2431; x_wconf 76' lang='grc'><strong>1</strong></span> 
     </span>
    </p>
   </div>
   <div class='ocr_carea' id='block_1_6' title="bbox 353 2471 1593 2725">
    <p class='ocr_par' dir='ltr' id='par_1_7' title="bbox 353 2471 1593 2725">
     <span class='ocr_line' id='line_1_22' title="bbox 353 2471 1593 2550; baseline -0.004 -20"><span class='ocrx_word' id='word_1_171' title='bbox 353 2472 524 2530; x_wconf 90' lang='lat' dir='ltr'>harmoniae</span> <span class='ocrx_word' id='word_1_172' title='bbox 554 2472 601 2529; x_wconf 83' lang='lat' dir='ltr'>vel</span> <span class='ocrx_word' id='word_1_173' title='bbox 636 2472 763 2530; x_wconf 87' lang='lat' dir='ltr'>colorum</span> <span class='ocrx_word' id='word_1_174' title='bbox 787 2471 997 2550; x_wconf 86' lang='lat' dir='ltr'>dispositionis,</span> <span class='ocrx_word' id='word_1_175' title='bbox 1032 2492 1119 2550; x_wconf 84' lang='lat' dir='ltr'>qutun</span> <span class='ocrx_word' id='word_1_176' title='bbox 1149 2474 1179 2530; x_wconf 93' lang='lat' dir='ltr'>in</span> <span class='ocrx_word' id='word_1_177' title='bbox 1213 2471 1333 2529; x_wconf 86' lang='lat' dir='ltr'>floribus</span> <span class='ocrx_word' id='word_1_178' title='bbox 1356 2472 1505 2549; x_wconf 69' lang='lat' dir='ltr'>[exemplo</span> <span class='ocrx_word' id='word_1_179' title='bbox 1539 2474 1593 2528; x_wconf 91' lang='lat' dir='ltr'>siut</span> 
     </span>
     <span class='ocr_line' id='line_1_23' title="bbox 353 2558 1593 2639; baseline -0.003 -22"><span class='ocrx_word' id='word_1_180' title='bbox 353 2560 499 2617; x_wconf 86' lang='lat' dir='ltr'>Lonicera</span> <span class='ocrx_word' id='word_1_181' title='bbox 514 2558 707 2636; x_wconf 86' lang='lat' dir='ltr'>caprifolium,</span> <span class='ocrx_word' id='word_1_182' title='bbox 729 2560 879 2617; x_wconf 74' lang='lat' dir='ltr'>Gentiana</span> <span class='ocrx_word' id='word_1_183' title='bbox 893 2561 1068 2637; x_wconf 79' lang='lat' dir='ltr'>pannonica,</span> <span class='ocrx_word' id='word_1_184' title='bbox 1082 2558 1282 2639; x_wconf 83' lang='lat' dir='ltr'>Mcnyanthes</span> <span class='ocrx_word' id='word_1_185' title='bbox 1296 2560 1446 2627; x_wconf 83' lang='lat' dir='ltr'>trifoliata,</span> <span class='ocrx_word' id='word_1_186' title='bbox 1463 2560 1593 2636; x_wconf 74' lang='lat' dir='ltr'>Papauer</span> 
     </span>
     <span class='ocr_line' id='line_1_24' title="bbox 353 2644 1470 2725; baseline -0.002 -21"><span class='ocrx_word' id='word_1_187' title='bbox 353 2645 479 2722; x_wconf 86' lang='lat' dir='ltr'>rhoeas),</span> <span class='ocrx_word' id='word_1_188' title='bbox 503 2648 534 2703; x_wconf 94' lang='lat' dir='ltr'>in</span> <span class='ocrx_word' id='word_1_189' title='bbox 557 2644 764 2723; x_wconf 90' lang='lat' dir='ltr'>Lepidopteris</span> <span class='ocrx_word' id='word_1_190' title='bbox 786 2649 826 2725; x_wconf 78' lang='lat' dir='ltr'>(r.</span> <span class='ocrx_word' id='word_1_191' title='bbox 850 2668 877 2721; x_wconf 70' lang='lat' dir='ltr'>g.</span> <span class='ocrx_word' id='word_1_192' title='bbox 901 2644 1103 2725; x_wconf 75' lang='lat' dir='ltr'>Zygaenidisl,</span> <span class='ocrx_word' id='word_1_193' title='bbox 1128 2649 1159 2704; x_wconf 93' lang='lat' dir='ltr'>in</span> <span class='ocrx_word' id='word_1_194' title='bbox 1182 2645 1287 2705; x_wconf 83' lang='lat' dir='ltr'>avibus</span> <span class='ocrx_word' id='word_1_195' title='bbox 1310 2648 1470 2704; x_wconf 72' lang='lat' dir='ltr'>miramur?</span> 
     </span>
    </p>
   </div>
   <div class='ocr_carea' id='block_1_7' title="bbox 457 2749 1683 2829">
    <p class='ocr_par' dir='ltr' id='par_1_8' title="bbox 457 2749 1683 2829">
     <span class='ocr_line' id='line_1_25' title="bbox 457 2749 1683 2829; baseline -0.002 -22"><span class='ocrx_word' id='word_1_196' title='bbox 457 2749 516 2807; x_wconf 72' lang='lat' dir='ltr'>Sed</span> <span class='ocrx_word' id='word_1_197' title='bbox 540 2752 691 2808; x_wconf 84' lang='lat' dir='ltr'>mittamus</span> <span class='ocrx_word' id='word_1_198' title='bbox 721 2752 780 2809; x_wconf 88' lang='lat' dir='ltr'>iam</span> <span class='ocrx_word' id='word_1_199' title='bbox 815 2752 897 2808; x_wconf 88' lang='lat' dir='ltr'>illam</span> <span class='ocrx_word' id='word_1_200' title='bbox 930 2753 1072 2809; x_wconf 83' lang='lat' dir='ltr'>rationem</span> <span class='ocrx_word' id='word_1_201' title='bbox 1105 2772 1164 2808; x_wconf 92' lang='lat' dir='ltr'>nou</span> <span class='ocrx_word' id='word_1_202' title='bbox 1196 2750 1349 2829; x_wconf 87' lang='lat' dir='ltr'>explicari,</span> <span class='ocrx_word' id='word_1_203' title='bbox 1373 2772 1447 2829; x_wconf 84' lang='lat' dir='ltr'>quae</span> <span class='ocrx_word' id='word_1_204' title='bbox 1471 2752 1592 2829; x_wconf 84' lang='lat' dir='ltr'>primurn</span> <span class='ocrx_word' id='word_1_205' title='bbox 1682 2766 1683 2773; x_wconf 56' lang='lat'>¹</span> 
     </span>
    </p>
   </div>
   <div class='ocr_carea' id='block_1_8' title="bbox 354 2835 1593 3089">
    <p class='ocr_par' dir='ltr' id='par_1_9' title="bbox 354 2835 1593 3089">
     <span class='ocr_line' id='line_1_26' title="bbox 354 2835 1592 2915; baseline -0.003 -20"><span class='ocrx_word' id='word_1_206' title='bbox 354 2838 443 2895; x_wconf 90' lang='lat' dir='ltr'>totius</span> <span class='ocrx_word' id='word_1_207' title='bbox 466 2835 617 2895; x_wconf 88' lang='lat' dir='ltr'>doctrinae</span> <span class='ocrx_word' id='word_1_208' title='bbox 640 2837 727 2895; x_wconf 90' lang='lat' dir='ltr'>huius</span> <span class='ocrx_word' id='word_1_209' title='bbox 750 2838 974 2896; x_wconf 83' lang='lat' dir='ltr'>fundamentum</span> <span class='ocrx_word' id='word_1_210' title='bbox 998 2848 1050 2909; x_wconf 81' lang='lat' dir='ltr'>est,</span> <span class='ocrx_word' id='word_1_211' title='bbox 1074 2840 1167 2915; x_wconf 90' lang='lat' dir='ltr'>ipsam</span> <span class='ocrx_word' id='word_1_212' title='bbox 1192 2838 1347 2895; x_wconf 80' lang='lat' dir='ltr'>farmanim</span> <span class='ocrx_word' id='word_1_213' title='bbox 1374 2836 1592 2897; x_wconf 83' lang='lat' dir='ltr'>similitudinem</span> 
     </span>
     <span class='ocr_line' id='line_1_27' title="bbox 354 2922 1593 3003; baseline -0.002 -22"><span class='ocrx_word' id='word_1_214' title='bbox 354 2935 383 2981; x_wconf 88' lang='lat' dir='ltr'>et</span> <span class='ocrx_word' id='word_1_215' title='bbox 406 2926 653 2982; x_wconf 83' lang='lat' dir='ltr'>convenientiam.</span> <span class='ocrx_word' id='word_1_216' title='bbox 684 2928 781 2999; x_wconf 71' lang='lat' dir='ltr'>Quam</span> <span class='ocrx_word' id='word_1_217' title='bbox 812 2926 905 2983; x_wconf 86' lang='lat' dir='ltr'>multa</span> <span class='ocrx_word' id='word_1_218' title='bbox 928 2938 1079 3002; x_wconf 84' lang='lat' dir='ltr'>praeterea</span> <span class='ocrx_word' id='word_1_219' title='bbox 1103 2922 1282 3003; x_wconf 82' lang='lat' dir='ltr'>explicanda</span> <span class='ocrx_word' id='word_1_220' title='bbox 1305 2936 1424 2983; x_wconf 85' lang='lat' dir='ltr'>restant.</span> <span class='ocrx_word' id='word_1_221' title='bbox 1449 2945 1523 3002; x_wconf 83' lang='lat' dir='ltr'>quae</span> <span class='ocrx_word' id='word_1_222' title='bbox 1547 2942 1593 2979; x_wconf 84' lang='lat' dir='ltr'>ex·</span> 
     </span>
     <span class='ocr_line' id='line_1_28' title="bbox 354 3009 956 3089; baseline 0.003 -22"><span class='ocrx_word' id='word_1_223' title='bbox 354 3009 484 3089; x_wconf 85' lang='lat' dir='ltr'>plicandi</span> <span class='ocrx_word' id='word_1_224' title='bbox 508 3011 676 3069; x_wconf 81' lang='lat' dir='ltr'>evolutione</span> <span class='ocrx_word' id='word_1_225' title='bbox 699 3014 783 3089; x_wconf 83' lang='lat' dir='ltr'>copia</span> <span class='ocrx_word' id='word_1_226' title='bbox 806 3013 888 3070; x_wconf 91' lang='lat' dir='ltr'>nulla</span> <span class='ocrx_word' id='word_1_227' title='bbox 911 3022 956 3069; x_wconf 88' lang='lat' dir='ltr'>est</span> 
     </span>
    </p>
   </div>
   <div class='ocr_carea' id='block_1_9' title="bbox 354 3112 1682 3608">
    <p class='ocr_par' dir='ltr' id='par_1_10' title="bbox 354 3112 1682 3608">
     <span class='ocr_line' id='line_1_29' title="bbox 457 3112 1595 3195; baseline -0.003 -23"><span class='ocrx_word' id='word_1_228' title='bbox 457 3112 546 3189; x_wconf 85' lang='lat' dir='ltr'>Quid,</span> <span class='ocrx_word' id='word_1_229' title='bbox 570 3135 687 3193; x_wconf 83' lang='lat' dir='ltr'>quaeso,</span> <span class='ocrx_word' id='word_1_230' title='bbox 711 3117 832 3173; x_wconf 86' lang='lat' dir='ltr'>interest</span> <span class='ocrx_word' id='word_1_231' title='bbox 856 3113 1094 3195; x_wconf 75' lang='lat' dir='ltr'>(physiologice),</span> <span class='ocrx_word' id='word_1_232' title='bbox 1119 3113 1265 3173; x_wconf 80' lang='lat' dir='ltr'>habeatne</span> <span class='ocrx_word' id='word_1_233' title='bbox 1290 3114 1381 3173; x_wconf 89' lang='lat' dir='ltr'>herba</span> <span class='ocrx_word' id='word_1_234' title='bbox 1405 3115 1503 3193; x_wconf 87' lang='lat' dir='ltr'>aliqua</span> <span class='ocrx_word' id='word_1_235' title='bbox 1529 3113 1595 3171; x_wconf 82' lang='lat' dir='ltr'>lolia</span> 
     </span>
     <span class='ocr_line' id='line_1_30' title="bbox 355 3201 1682 3280; baseline -0.001 -23"><span class='ocrx_word' id='word_1_236' title='bbox 355 3201 479 3280; x_wconf 88' lang='lat' dir='ltr'>pinnata</span> <span class='ocrx_word' id='word_1_237' title='bbox 501 3222 539 3259; x_wconf 89' lang='lat' dir='ltr'>an</span> <span class='ocrx_word' id='word_1_238' title='bbox 562 3222 689 3269; x_wconf 88' lang='lat' dir='ltr'>acerosa,</span> <span class='ocrx_word' id='word_1_239' title='bbox 721 3205 912 3279; x_wconf 73' lang='lat' dir='ltr'>integerrima</span> <span class='ocrx_word' id='word_1_240' title='bbox 943 3224 980 3260; x_wconf 87' lang='lat' dir='ltr'>un</span> <span class='ocrx_word' id='word_1_241' title='bbox 1011 3212 1121 3261; x_wconf 83' lang='lat' dir='ltr'>serrato</span> <span class='ocrx_word' id='word_1_242' title='bbox 1151 3202 1272 3273; x_wconf 87' lang='lat' dir='ltr'>ambitu,</span> <span class='ocrx_word' id='word_1_243' title='bbox 1304 3202 1431 3261; x_wconf 80' lang='lat' dir='ltr'>obovata</span> <span class='ocrx_word' id='word_1_244' title='bbox 1462 3222 1498 3260; x_wconf 85' lang='lat' dir='ltr'>au</span> <span class='ocrx_word' id='word_1_245' title='bbox 1523 3202 1595 3259; x_wconf 87' lang='lat' dir='ltr'>reni-</span> <span class='ocrx_word' id='word_1_246' title='bbox 1681 3260 1682 3277; x_wconf 24' lang='lat'>1</span> 
     </span>
     <span class='ocr_line' id='line_1_31' title="bbox 354 3288 1682 3368; baseline -0.002 -23"><span class='ocrx_word' id='word_1_247' title='bbox 354 3289 467 3358; x_wconf 84' lang='lat' dir='ltr'>fannia,</span> <span class='ocrx_word' id='word_1_248' title='bbox 490 3291 624 3366; x_wconf 90' lang='lat' dir='ltr'>opposita</span> <span class='ocrx_word' id='word_1_249' title='bbox 646 3310 685 3346; x_wconf 87' lang='lat' dir='ltr'>an</span> <span class='ocrx_word' id='word_1_250' title='bbox 709 3289 831 3359; x_wconf 84' lang='lat' dir='ltr'>alterna,</span> <span class='ocrx_word' id='word_1_251' title='bbox 867 3290 951 3347; x_wconf 87' lang='lat' dir='ltr'>tiores</span> <span class='ocrx_word' id='word_1_252' title='bbox 974 3292 1118 3368; x_wconf 76' lang='lat' dir='ltr'>epigyuos</span> <span class='ocrx_word' id='word_1_253' title='bbox 1142 3310 1180 3347; x_wconf 87' lang='lat' dir='ltr'>an</span> <span class='ocrx_word' id='word_1_254' title='bbox 1204 3289 1389 3368; x_wconf 75' lang='lat' dir='ltr'>hypogynos.</span> <span class='ocrx_word' id='word_1_255' title='bbox 1419 3288 1593 3366; x_wconf 87' lang='lat' dir='ltr'>octopetalos</span> <span class='ocrx_word' id='word_1_256' title='bbox 1681 3292 1682 3297; x_wconf 76' lang='grc'>’</span> 
     </span>
     <span class='ocr_line' id='line_1_32' title="bbox 354 3372 1594 3454; baseline -0.003 -21"><span class='ocrx_word' id='word_1_257' title='bbox 354 3397 390 3434; x_wconf 85' lang='lat' dir='ltr'>au</span> <span class='ocrx_word' id='word_1_258' title='bbox 415 3374 574 3454; x_wconf 75' lang='lat' dir='ltr'>triphyllas</span> <span class='ocrx_word' id='word_1_259' title='bbox 597 3377 672 3433; x_wconf 75' lang='lat' dir='ltr'>ete?</span> <span class='ocrx_word' id='word_1_260' title='bbox 697 3376 755 3451; x_wconf 75' lang='lat' dir='ltr'>(tt.</span> <span class='ocrx_word' id='word_1_261' title='bbox 778 3377 929 3451; x_wconf 69' lang='lat' dir='ltr'>Ntigeli,</span> <span class='ocrx_word' id='word_1_262' title='bbox 954 3375 1270 3451; x_wconf 49' lang='lat' dir='ltr'>illistamrnungslehre</span> <span class='ocrx_word' id='word_1_263' title='bbox 1295 3379 1357 3435; x_wconf 70' lang='lat'><strong>29⁴.)</strong></span> <span class='ocrx_word' id='word_1_264' title='bbox 1382 3399 1403 3435; x_wconf 90' lang='lat' dir='ltr'>s.</span> <span class='ocrx_word' id='word_1_265' title='bbox 1420 3372 1594 3447; x_wconf 68' lang='lat' dir='ltr'>Wieand,</span> 
     </span>
     <span class='ocr_line' id='line_1_33' title="bbox 354 3452 1591 3533; baseline -0.002 -14"><span class='ocrx_word' id='word_1_266' title='bbox 354 3463 416 3520; x_wconf 70' lang='lat' dir='ltr'>lter</span> <span class='ocrx_word' id='word_1_267' title='bbox 446 3462 662 3520; x_wconf 86' lang='lat' dir='ltr'>Darwiuismus</span> <span class='ocrx_word' id='word_1_268' title='bbox 681 3464 704 3526; x_wconf 88' lang='lat' dir='ltr'>l,</span> <span class='ocrx_word' id='word_1_269' title='bbox 731 3466 798 3525; x_wconf 64' lang='lat'><strong>1313.</strong></span> <span class='ocrx_word' id='word_1_270' title='bbox 833 3467 901 3521; x_wconf 70' lang='lat' dir='ltr'>ltu.</span> <span class='ocrx_word' id='word_1_271' title='bbox 937 3460 1013 3533; x_wconf 66' lang='lat'>422)</span> <span class='ocrx_word' id='word_1_272' title='bbox 1048 3464 1125 3521; x_wconf 83' lang='lat' dir='ltr'>Xuru</span> <span class='ocrx_word' id='word_1_273' title='bbox 1161 3462 1227 3521; x_wconf 89' lang='lat' dir='ltr'>ideo</span> <span class='ocrx_word' id='word_1_274' title='bbox 1262 3452 1458 3521; x_wconf 69' lang='lat' dir='ltr'>constentiam</span> <span class='ocrx_word' id='word_1_275' title='bbox 1494 3462 1591 3520; x_wconf 85' lang='lat' dir='ltr'>harum</span> 
     </span>
     <span class='ocr_line' id='line_1_34' title="bbox 355 3550 822 3608; baseline 0 -2"><span class='ocrx_word' id='word_1_276' title='bbox 355 3550 512 3607; x_wconf 68' lang='lat' dir='ltr'>hormarum</span> <span class='ocrx_word' id='word_1_277' title='bbox 537 3552 616 3607; x_wconf 86' lang='lat' dir='ltr'>casui</span> <span class='ocrx_word' id='word_1_278' title='bbox 640 3550 822 3608; x_wconf 76' lang='lat' dir='ltr'>tribuemus?</span> 
     </span>
    </p>
   </div>
   <div class='ocr_carea' id='block_1_10' title="bbox 460 3652 1681 3733">
    <p class='ocr_par' dir='ltr' id='par_1_11' title="bbox 460 3652 1681 3733">
     <span class='ocr_line' id='line_1_35' title="bbox 460 3652 1681 3733; baseline -0.002 -24"><span class='ocrx_word' id='word_1_279' title='bbox 460 3654 514 3711; x_wconf 83' lang='lat' dir='ltr'>Est</span> <span class='ocrx_word' id='word_1_280' title='bbox 537 3655 567 3711; x_wconf 94' lang='lat' dir='ltr'>in</span> <span class='ocrx_word' id='word_1_281' title='bbox 580 3652 797 3727; x_wconf 73' lang='lat' dir='ltr'>vegetabilibus</span> <span class='ocrx_word' id='word_1_282' title='bbox 813 3654 861 3711; x_wconf 84' lang='lat' dir='ltr'>lex</span> <span class='ocrx_word' id='word_1_283' title='bbox 875 3654 1051 3712; x_wconf 84' lang='lat' dir='ltr'>universalis</span> <span class='ocrx_word' id='word_1_284' title='bbox 1072 3676 1106 3712; x_wconf 87' lang='lat' dir='ltr'>ac</span> <span class='ocrx_word' id='word_1_285' title='bbox 1123 3656 1186 3713; x_wconf 87' lang='lat' dir='ltr'>sine</span> <span class='ocrx_word' id='word_1_286' title='bbox 1202 3656 1386 3733; x_wconf 83' lang='lat' dir='ltr'>exceptione,</span> <span class='ocrx_word' id='word_1_287' title='bbox 1403 3667 1433 3713; x_wconf 88' lang='lat' dir='ltr'>ut</span> <span class='ocrx_word' id='word_1_288' title='bbox 1449 3656 1479 3711; x_wconf 91' lang='lat' dir='ltr'>in</span> <span class='ocrx_word' id='word_1_289' title='bbox 1494 3654 1594 3731; x_wconf 78' lang='lat' dir='ltr'>quovis</span> <span class='ocrx_word' id='word_1_290' title='bbox 1680 3688 1681 3731; x_wconf 19' lang='grc' dir='ltr'>ἐ</span> 
     </span>
    </p>
   </div>
   <div class='ocr_carea' id='block_1_11' title="bbox 353 3740 1679 4859">
    <p class='ocr_par' dir='ltr' id='par_1_12' title="bbox 354 3740 1679 4599">
     <span class='ocr_line' id='line_1_36' title="bbox 354 3740 1593 3814; baseline -0.002 -17"><span class='ocrx_word' id='word_1_291' title='bbox 354 3743 467 3797; x_wconf 87' lang='lat' dir='ltr'>semine</span> <span class='ocrx_word' id='word_1_292' title='bbox 499 3741 664 3814; x_wconf 76' lang='lat' dir='ltr'>gemmulae</span> <span class='ocrx_word' id='word_1_293' title='bbox 694 3742 767 3799; x_wconf 93' lang='lat' dir='ltr'>situs</span> <span class='ocrx_word' id='word_1_294' title='bbox 790 3743 827 3799; x_wconf 92' lang='lat' dir='ltr'>sit</span> <span class='ocrx_word' id='word_1_295' title='bbox 851 3744 900 3799; x_wconf 88' lang='lat' dir='ltr'>axi</span> <span class='ocrx_word' id='word_1_296' title='bbox 927 3740 1034 3799; x_wconf 84' lang='lat' dir='ltr'>herbae</span> <span class='ocrx_word' id='word_1_297' title='bbox 1065 3744 1167 3799; x_wconf 86' lang='lat' dir='ltr'>matris</span> <span class='ocrx_word' id='word_1_298' title='bbox 1196 3744 1369 3801; x_wconf 84' lang='lat' dir='ltr'>contrarius.</span> <span class='ocrx_word' id='word_1_299' title='bbox 1404 3740 1438 3798; x_wconf 91' lang='lat' dir='ltr'>ld</span> <span class='ocrx_word' id='word_1_300' title='bbox 1463 3740 1593 3799; x_wconf 76' lang='lat' dir='ltr'>utilitatis</span> 
     </span>
     <span class='ocr_line' id='line_1_37' title="bbox 355 3826 1592 3907; baseline -0.002 -24"><span class='ocrx_word' id='word_1_301' title='bbox 355 3827 430 3884; x_wconf 93' lang='lat' dir='ltr'>nihil</span> <span class='ocrx_word' id='word_1_302' title='bbox 454 3826 594 3903; x_wconf 88' lang='lat' dir='ltr'>praebere</span> <span class='ocrx_word' id='word_1_303' title='bbox 617 3828 665 3884; x_wconf 83' lang='lat' dir='ltr'>vel</span> <span class='ocrx_word' id='word_1_304' title='bbox 689 3827 759 3885; x_wconf 91' lang='lat' dir='ltr'>inde</span> <span class='ocrx_word' id='word_1_305' title='bbox 782 3841 871 3906; x_wconf 86' lang='lat' dir='ltr'>patet,</span> <span class='ocrx_word' id='word_1_306' title='bbox 895 3826 971 3904; x_wconf 90' lang='lat' dir='ltr'>quod</span> <span class='ocrx_word' id='word_1_307' title='bbox 996 3830 1027 3885; x_wconf 87' lang='lat' dir='ltr'>in</span> <span class='ocrx_word' id='word_1_308' title='bbox 1050 3826 1185 3886; x_wconf 89' lang='lat' dir='ltr'>omuibus</span> <span class='ocrx_word' id='word_1_309' title='bbox 1208 3826 1328 3907; x_wconf 87' lang='lat' dir='ltr'>quidem</span> <span class='ocrx_word' id='word_1_310' title='bbox 1357 3827 1456 3885; x_wconf 84' lang='lat' dir='ltr'>herbis</span> <span class='ocrx_word' id='word_1_311' title='bbox 1480 3828 1592 3887; x_wconf 86' lang='lat' dir='ltr'>seurini·</span> 
     </span>
     <span class='ocr_line' id='line_1_38' title="bbox 356 3914 1592 3992; baseline -0.004 -20"><span class='ocrx_word' id='word_1_312' title='bbox 356 3915 425 3972; x_wconf 88' lang='lat' dir='ltr'>feris</span> <span class='ocrx_word' id='word_1_313' title='bbox 448 3915 595 3971; x_wconf 84' lang='lat' dir='ltr'>contraria</span> <span class='ocrx_word' id='word_1_314' title='bbox 618 3914 670 3972; x_wconf 89' lang='lat' dir='ltr'>illa</span> <span class='ocrx_word' id='word_1_315' title='bbox 692 3916 857 3988; x_wconf 65' lang='lat' dir='ltr'>gemmulae</span> <span class='ocrx_word' id='word_1_316' title='bbox 882 3914 1004 3973; x_wconf 85' lang='lat' dir='ltr'>directio</span> <span class='ocrx_word' id='word_1_317' title='bbox 1028 3935 1078 3972; x_wconf 90' lang='lat' dir='ltr'>seu</span> <span class='ocrx_word' id='word_1_318' title='bbox 1103 3916 1183 3991; x_wconf 75' lang='lat' dir='ltr'>regio</span> <span class='ocrx_word' id='word_1_319' title='bbox 1207 3916 1237 3971; x_wconf 94' lang='lat' dir='ltr'>in</span> <span class='ocrx_word' id='word_1_320' title='bbox 1260 3916 1374 3992; x_wconf 84' lang='lat' dir='ltr'>origine</span> <span class='ocrx_word' id='word_1_321' title='bbox 1391 3915 1468 3973; x_wconf 89' lang='lat' dir='ltr'>adsit</span> <span class='ocrx_word' id='word_1_322' title='bbox 1485 3916 1592 3974; x_wconf 75' lang='lat' dir='ltr'>ianrues</span> 
     </span>
     <span class='ocr_line' id='line_1_39' title="bbox 356 4000 1591 4079; baseline -0.004 -20"><span class='ocrx_word' id='word_1_323' title='bbox 356 4012 423 4059; x_wconf 86' lang='lat' dir='ltr'>sunt</span> <span class='ocrx_word' id='word_1_324' title='bbox 446 4003 585 4077; x_wconf 86' lang='lat' dir='ltr'>primarie</span> <span class='ocrx_word' id='word_1_325' title='bbox 608 4002 807 4079; x_wconf 89' lang='lat' dir='ltr'>orthotropae)</span> <span class='ocrx_word' id='word_1_326' title='bbox 830 4004 976 4059; x_wconf 82' lang='lat' dir='ltr'>aminare</span> <span class='ocrx_word' id='word_1_327' title='bbox 1000 4015 1098 4059; x_wconf 88' lang='lat' dir='ltr'>tamen</span> <span class='ocrx_word' id='word_1_328' title='bbox 1123 4010 1205 4079; x_wconf 89' lang='lat' dir='ltr'>parte</span> <span class='ocrx_word' id='word_1_329' title='bbox 1229 4002 1397 4079; x_wconf 80' lang='lat' dir='ltr'>(Urticaeis,</span> <span class='ocrx_word' id='word_1_330' title='bbox 1420 4000 1591 4078; x_wconf 72' lang='lat' dir='ltr'>duglandeis</span> 
     </span>
     <span class='ocr_line' id='line_1_40' title="bbox 356 4084 1593 4168; baseline -0.001 -24"><span class='ocrx_word' id='word_1_331' title='bbox 356 4084 423 4163; x_wconf 84' lang='lat' dir='ltr'>etc.)</span> <span class='ocrx_word' id='word_1_332' title='bbox 448 4088 598 4156; x_wconf 84' lang='lat' dir='ltr'>retinetur,</span> <span class='ocrx_word' id='word_1_333' title='bbox 622 4092 727 4145; x_wconf 88' lang='lat' dir='ltr'>ceteris</span> <span class='ocrx_word' id='word_1_334' title='bbox 750 4088 906 4165; x_wconf 70' lang='lat' dir='ltr'>gemmulis</span> <span class='ocrx_word' id='word_1_335' title='bbox 925 4090 1083 4165; x_wconf 81' lang='lat' dir='ltr'>anati-opis,</span> <span class='ocrx_word' id='word_1_336' title='bbox 1107 4088 1345 4166; x_wconf 85' lang='lat' dir='ltr'>hemiauatropis,</span> <span class='ocrx_word' id='word_1_337' title='bbox 1369 4088 1593 4168; x_wconf 71' lang='lat' dir='ltr'>campylotropis</span> 
     </span>
     <span class='ocr_line' id='line_1_41' title="bbox 355 4173 1591 4251; baseline -0.002 -20"><span class='ocrx_word' id='word_1_338' title='bbox 355 4173 577 4231; x_wconf 82' lang='lat' dir='ltr'>exsistentibus.</span> <span class='ocrx_word' id='word_1_339' title='bbox 600 4175 685 4250; x_wconf 77' lang='lat' dir='ltr'>Quae.</span> <span class='ocrx_word' id='word_1_340' title='bbox 709 4178 844 4242; x_wconf 68' lang='lat' dir='ltr'>rationes</span> <span class='ocrx_word' id='word_1_341' title='bbox 869 4178 994 4250; x_wconf 80' lang='lat' dir='ltr'>exiguae</span> <span class='ocrx_word' id='word_1_342' title='bbox 1018 4177 1123 4251; x_wconf 84' lang='lat' dir='ltr'>speeie,</span> <span class='ocrx_word' id='word_1_343' title='bbox 1147 4177 1177 4231; x_wconf 93' lang='lat' dir='ltr'>in</span> <span class='ocrx_word' id='word_1_344' title='bbox 1202 4194 1271 4233; x_wconf 83' lang='lat' dir='ltr'>vero</span> <span class='ocrx_word' id='word_1_345' title='bbox 1295 4176 1450 4235; x_wconf 87' lang='lat' dir='ltr'>t&#39;ornrarurn</span> <span class='ocrx_word' id='word_1_346' title='bbox 1472 4174 1591 4234; x_wconf 83' lang='lat' dir='ltr'>naturali</span> 
     </span>
     <span class='ocr_line' id='line_1_42' title="bbox 356 4260 1594 4342; baseline 0.003 -25"><span class='ocrx_word' id='word_1_347' title='bbox 356 4282 433 4318; x_wconf 86' lang='lat' dir='ltr'>nexu</span> <span class='ocrx_word' id='word_1_348' title='bbox 459 4280 493 4317; x_wconf 89' lang='lat' dir='ltr'>ac</span> <span class='ocrx_word' id='word_1_349' title='bbox 516 4263 592 4319; x_wconf 81' lang='lat' dir='ltr'>serie</span> <span class='ocrx_word' id='word_1_350' title='bbox 615 4261 820 4335; x_wconf 73' lang='lat' dir='ltr'>cognoscenda</span> <span class='ocrx_word' id='word_1_351' title='bbox 842 4264 964 4319; x_wconf 88' lang='lat' dir='ltr'>maximi</span> <span class='ocrx_word' id='word_1_352' title='bbox 985 4271 1052 4319; x_wconf 89' lang='lat' dir='ltr'>sont</span> <span class='ocrx_word' id='word_1_353' title='bbox 1075 4263 1216 4320; x_wconf 89' lang='lat' dir='ltr'>momenti</span> <span class='ocrx_word' id='word_1_354' title='bbox 1240 4260 1300 4342; x_wconf 73' lang='lat' dir='ltr'>(Cf.</span> <span class='ocrx_word' id='word_1_355' title='bbox 1335 4262 1368 4319; x_wconf 79' lang='lat' dir='ltr'>F.</span> <span class='ocrx_word' id='word_1_356' title='bbox 1401 4262 1594 4321; x_wconf 77' lang='lat' dir='ltr'>blichelis.</span> 
     </span>
     <span class='ocr_line' id='line_1_43' title="bbox 355 4347 1591 4425; baseline 0.001 -22"><span class='ocrx_word' id='word_1_357' title='bbox 355 4347 418 4404; x_wconf 81' lang='lat' dir='ltr'>llas</span> <span class='ocrx_word' id='word_1_358' title='bbox 456 4348 904 4422; x_wconf 69' lang='lat' dir='ltr'>Formenentwichluugsgcsetz</span> <span class='ocrx_word' id='word_1_359' title='bbox 939 4351 978 4405; x_wconf 84' lang='lat' dir='ltr'>ini</span> <span class='ocrx_word' id='word_1_360' title='bbox 1021 4348 1271 4407; x_wconf 84' lang='lat' dir='ltr'>l&#39;tlanzenreiche.</span> <span class='ocrx_word' id='word_1_361' title='bbox 1317 4349 1404 4408; x_wconf 88' lang='lat' dir='ltr'>Bonn</span> <span class='ocrx_word' id='word_1_362' title='bbox 1453 4353 1533 4407; x_wconf 66' lang='lat' dir='ltr'>lsai»</span> <span class='ocrx_word' id='word_1_363' title='bbox 1569 4368 1591 4425; x_wconf 91' lang='lat' dir='ltr'>p.</span> 
     </span>
     <span class='ocr_line' id='line_1_44' title="bbox 355 4432 1679 4513; baseline -0.002 -22"><span class='ocrx_word' id='word_1_364' title='bbox 355 4434 548 4510; x_wconf 69' lang='lat' dir='ltr'>:hiri-4:31).</span> <span class='ocrx_word' id='word_1_365' title='bbox 583 4438 614 4491; x_wconf 67' lang='lat' dir='ltr'>u&#39;i</span> <span class='ocrx_word' id='word_1_366' title='bbox 649 4435 820 4513; x_wconf 80' lang='lat' dir='ltr'>quidquam,</span> <span class='ocrx_word' id='word_1_367' title='bbox 854 4454 925 4491; x_wconf 86' lang='lat' dir='ltr'>sane</span> <span class='ocrx_word' id='word_1_368' title='bbox 960 4446 1043 4493; x_wconf 84' lang='lat' dir='ltr'>tanta</span> <span class='ocrx_word' id='word_1_369' title='bbox 1076 4438 1243 4494; x_wconf 82' lang='lat' dir='ltr'>constantia</span> <span class='ocrx_word' id='word_1_370' title='bbox 1284 4437 1427 4493; x_wconf 89' lang='lat' dir='ltr'>rationem</span> <span class='ocrx_word' id='word_1_371' title='bbox 1463 4438 1505 4494; x_wconf 90' lang='lat' dir='ltr'>sui</span> <span class='ocrx_word' id='word_1_372' title='bbox 1540 4432 1592 4491; x_wconf 88' lang='lat' dir='ltr'>sul·</span> <span class='ocrx_word' id='word_1_373' title='bbox 1678 4498 1679 4503; x_wconf 7' lang='grc' dir='ltr'>ἵ</span> 
     </span>
     <span class='ocr_line' id='line_1_45' title="bbox 354 4522 661 4599; baseline 0.013 -23"><span class='ocrx_word' id='word_1_374' title='bbox 354 4522 501 4579; x_wconf 86' lang='lat' dir='ltr'>lieicntem</span> <span class='ocrx_word' id='word_1_375' title='bbox 525 4523 661 4599; x_wconf 88' lang='lat' dir='ltr'>postulat.</span> 
     </span>
    </p>

    <p class='ocr_par' dir='ltr' id='par_1_13' title="bbox 353 4607 1592 4859">
     <span class='ocr_line' id='line_1_46' title="bbox 459 4607 1592 4689; baseline -0.004 -24"><span class='ocrx_word' id='word_1_376' title='bbox 459 4607 518 4666; x_wconf 72' lang='lat' dir='ltr'>sed</span> <span class='ocrx_word' id='word_1_377' title='bbox 549 4609 694 4685; x_wconf 90' lang='lat' dir='ltr'>quomodo</span> <span class='ocrx_word' id='word_1_378' title='bbox 726 4608 869 4667; x_wconf 84' lang='lat' dir='ltr'>eiusmodi</span> <span class='ocrx_word' id='word_1_379' title='bbox 902 4630 947 4665; x_wconf 87' lang='lat' dir='ltr'>res</span> <span class='ocrx_word' id='word_1_380' title='bbox 978 4608 1118 4666; x_wconf 74' lang='lat' dir='ltr'>historice</span> <span class='ocrx_word' id='word_1_381' title='bbox 1152 4609 1320 4668; x_wconf 77' lang='lat' dir='ltr'>evolutione</span> <span class='ocrx_word' id='word_1_382' title='bbox 1350 4607 1592 4689; x_wconf 79' lang='lat' dir='ltr'>explicabuntur?</span> 
     </span>
     <span class='ocr_line' id='line_1_47' title="bbox 355 4695 1590 4775; baseline -0.002 -23"><span class='ocrx_word' id='word_1_383' title='bbox 355 4695 405 4752; x_wconf 79' lang='lat' dir='ltr'>Au</span> <span class='ocrx_word' id='word_1_384' title='bbox 428 4714 514 4753; x_wconf 83' lang='lat' dir='ltr'>caeco</span> <span class='ocrx_word' id='word_1_385' title='bbox 537 4716 606 4753; x_wconf 87' lang='lat' dir='ltr'>cusu</span> <span class='ocrx_word' id='word_1_386' title='bbox 637 4706 666 4754; x_wconf 93' lang='lat' dir='ltr'>et</span> <span class='ocrx_word' id='word_1_387' title='bbox 689 4697 808 4754; x_wconf 78' lang='lat' dir='ltr'>tortuita</span> <span class='ocrx_word' id='word_1_388' title='bbox 836 4695 1024 4753; x_wconf 75' lang='lat' dir='ltr'>hereditate?</span> <span class='ocrx_word' id='word_1_389' title='bbox 1069 4695 1158 4755; x_wconf 79' lang='lat' dir='ltr'>blodo</span> <span class='ocrx_word' id='word_1_390' title='bbox 1181 4717 1199 4753; x_wconf 91' lang='lat' dir='ltr'>a</span> <span class='ocrx_word' id='word_1_391' title='bbox 1222 4700 1299 4755; x_wconf 87' lang='lat' dir='ltr'>seria</span> <span class='ocrx_word' id='word_1_392' title='bbox 1328 4699 1519 4775; x_wconf 86' lang='lat' dir='ltr'>inquisitione</span> <span class='ocrx_word' id='word_1_393' title='bbox 1541 4696 1590 4751; x_wconf 87' lang='lat' dir='ltr'>uti·</span> 
     </span>
     <span class='ocr_line' id='line_1_48' title="bbox 353 4782 551 4859; baseline 0.015 -22"><span class='ocrx_word' id='word_1_394' title='bbox 353 4802 411 4859; x_wconf 88' lang='lat' dir='ltr'>que</span> <span class='ocrx_word' id='word_1_395' title='bbox 434 4782 551 4840; x_wconf 87' lang='lat' dir='ltr'>alieno!</span> 
     </span>
    </p>
   </div>
   <div class='ocr_carea' id='block_1_12' title="bbox 0 0 1743 5342">
    <p class='ocr_par' dir='ltr' id='par_1_14' title="bbox 0 0 1743 5342">
     <span class='ocr_line' id='line_1_49' title="bbox 0 0 1743 5342; baseline 0 0"><span class='ocrx_word' id='word_1_396' title='bbox 0 0 1743 5342; x_wconf 95' lang='lat' dir='ltr'> </span> 
     </span>
    </p>
   </div>
  </div>
 </body>
</html>
