3450 5342
874 456 911 465 —-
939 424 999 480 los
1026 455 1063 464 -—

344 629 429 688 aptas
452 630 608 669 nervorum
639 614 812 690 systematis
843 622 942 690 partes
972 621 1052 671 certo
1075 614 1134 671 ictn
1166 613 1346 689 compungit,
1372 612 1511 689 alioquin
1536 613 1598 689 ipse

344 695 488 755 audaciae
522 717 593 756 suae
627 698 804 776 supplicium
837 718 1028 778 expensuras.
1062 700 1202 759 Forsitan
1235 719 1320 758 usum
1353 702 1395 757 rei
1426 696 1597 757 hereditate

343 785 512 861 acceperit?
536 784 595 843 Sed
618 806 746 843 errorem
768 788 896 864 primum
920 788 1016 865 capite
1039 786 1150 859 luisset,
1175 806 1233 845 aaa
1256 786 1361 844 relicta
1383 784 1495 857 sobole,
1521 805 1596 864 quae

343 871 555 949 perlectionem
578 875 719 931 maiorem
750 874 782 931 ia
812 872 867 931 boc
891 876 1009 950 negotio
1032 876 1218 952 acquireret!
1253 871 1399 951 (Fabre,
1430 875 1595 931 Sourenirs

343 958 597 1037 eatomologiqaes
624 959 684 1029 ll',
720 958 869 1036 ate-7).
915 960 961 1019 cf.
985 959 1180 1037 Wigand,
1215 961 1278 1017 Iler
1300 960 1530 1027 Darwinismns,
1564 959 1594 1028 1,

346 1046 528 1116 123-1493
552 1045 617 1118 111,
641 1048 778 1103 ala-5.

446 1158 532 1217 Haec
555 1178 648 1236 pauca
671 1159 805 1217 sufficere
831 1158 972 1218 videatur
1000 1159 1039 1217 ad
1061 1160 1284 1219 evolationismi
1315 1162 1484 1237 opinionem
1510 1160 1594 1217 infir·

343 1246 456 1303 mitatis
478 1245 669 1324 levitatisque
691 1245 918 1323 coarguendam.

449 1353 493 1418 3⁰.
516 1358 625 1415 Nostra
648 1360 798 1417 sententia
820 1362 929 1431 omnia,
953 1362 1043 1419 etiarn
1061 1362 1267 1431 minutissima,
1291 1360 1418 1437 perfecte
1442 1358 1590 1437 explicari

344 1443 393 1501 hic
416 1444 571 1502 ostendere
595 1466 666 1504 sane
690 1466 749 1504 noa
772 1466 933 1524 possamus.
959 1446 1040 1522 Quin
1064 1448 1154 1504 etiam
1174 1447 1308 1515 fatemur,
1331 1448 1362 1505 in
1386 1446 1589 1525 explicatione

342 1529 442 1603 ideali,
465 1551 553 1609 quam
576 1541 719 1600 tenemus,
750 1533 843 1590 malta
864 1532 961 1591 adbuc
993 1531 1171 1611 praestanda
1193 1553 1258 1592 csse
1289 1534 1376 1611 (qaae
1399 1535 1589 1610 exegesis

343 1617 440 1676 libri
471 1628 638 1677 naturae
661 1630 739 1677 certe
767 1618 919 1678 etiamad
950 1620 1160 1697 theologos
1191 1621 1353 1699 pertinetl),
1384 1622 1463 1678 velut
1496 1620 1588 1678 talem

341 1704 611 1783 comprobationem
642 1709 706 1765 eins
735 1726 788 1785 per
816 1708 970 1783 ingentem
994 1707 1167 1765 animalium
1199 1709 1383 1779 varietatem,
1414 1706 1533 1787 qualem
1557 1708 1588 1764 in

341 1811 432 1868 regno
454 1791 665 1869 vegetabilium
698 1814 758 1852 aon
780 1794 889 1852 frustra
911 1804 1033 1853 conatus
1065 1804 1110 1853 cst
1139 1815 1226 1872 opere
1257 1796 1348 1853 citato
1371 1794 1406 1852 F.
1428 1794 1587 1863 nicheam

340 1876 378 1936 de
402 1879 461 1937 illis
477 1881 596 1937 interim
613 1880 761 1939 sufficiant
778 1883 891 1957 primae
915 1880 1012 1939 lineae
1036 1882 1066 1939 ia
1083 1881 1179 1939 Natur
1202 1880 1262 1939 und
1278 1880 1482 1959 Offenbarung
1500 1880 1585 1946 VIII,

342 1966 512 2023 248-261
544 1965 717 2044 descriptae.
748 1967 808 2025 Hic.
839 1966 912 2025 illud
942 1978 1057 2026 tantam
1089 1979 1223 2027 notamus
1254 1970 1389 2047 quemvis
1419 1980 1525 2048 typum
1547 1989 1584 2026 ex

341 2055 526 2111 connexione
549 2054 742 2131 complurium
766 2055 944 2113 evolationis
966 2053 1073 2113 idealis
1096 2057 1248 2131 regionam
1273 2056 1351 2125 ariri,
1378 2076 1437 2113 noa
1459 2054 1584 2113 arbitra·

340 2141 424 2209 rium,
454 2138 505 2197 sed
530 2160 652 2217 (quaram
676 2161 790 2199 summa
813 2140 911 2199 ideam
934 2140 1147 2219 vegetabilium
1179 2142 1267 2220 (resp.
1290 2143 1473 2219 animalium)
1499 2142 1586 2199 exhi·

340 2224 417 2288 beat,
452 2228 470 2283 i.
493 2248 518 2284 e.
552 2225 679 2285 ideam
714 2228 929 2297 Creatoris,
964 2248 1039 2307 quae
1070 2228 1275 2306 phaenomena
1308 2227 1463 2287 barbaram
1499 2228 1584 2287 arbo-

340 2332 463 2390 rumque
486 2312 593 2374 subest.

445 2426 549 2484 Restat
564 2422 609 2497 4⁰,
633 2439 664 2485 ut
679 2427 877 2498 ostendamus,
901 2430 1069 2487 universam
1087 2428 1169 2486 illam
1185 2430 1364 2506 opinionem,
1388 2448 1461 2507 quae
1477 2448 1582 2486 omnes

340 2512 449 2570 formas
471 2512 649 2591 procedente
671 2525 803 2592 tempore
834 2536 871 2573 ex
896 2518 983 2574 unica
1006 2525 1084 2573 ortas
1114 2535 1179 2573 esse
1202 2514 1267 2587 fert,
1297 2518 1377 2573 veris
1401 2518 1582 2593 argumentis

340 2618 447 2659 carere.

447 2712 486 2794 a)
512 2713 631 2771 Certum
650 2723 738 2791 atque
754 2714 944 2771 manifestum
960 2726 1005 2772 est
1028 2714 1177 2792 quandam
1195 2714 1354 2773 formarum
1377 2716 1579 2793 organicamm

338 2798 565 2857 mutabilitatem
590 2802 693 2876 negari
715 2822 775 2858 noa
804 2800 899 2879 posse.
934 2800 1021 2860 Unde
1053 2820 1106 2859 nec
1137 2804 1301 2881 antiquitus
1324 2802 1478 2861 christiani
1500 2800 1578 2861 docti

339 2893 519 2964 naturaeque
543 2888 630 2964 periti
653 2886 690 2944 ab
714 2889 853 2965 opinione
877 2908 927 2946 eae
950 2890 1056 2945 matari
1080 2886 1279 2948 abhorrebant
1306 2888 1347 2969 (v.
1370 2912 1398 2967 g.
1421 2888 1579 2965 Gregor.

338 2972 431 3039 Nan,
455 2972 505 3032 Or.
529 2976 579 3044 31,
604 2994 631 3034 n.
658 2975 718 3051 lli).

447 3085 612 3163 Explorate
642 3107 757 3165 quoque
787 3108 834 3145 res
864 3096 909 3145 est
944 3090 1013 3146 oriri
1048 3109 1132 3166 posse
1164 3089 1260 3167 pullos
1290 3088 1397 3148 nothos
1427 3090 1519 3147 leonis
1550 3098 1578 3147 et

338 3171 464 3247 tigridis,
495 3193 600 3249 caprae
631 3184 660 3231 et
684 3176 756 3243 ovis,
788 3174 881 3232 Canis
911 3173 1066 3233 familiaris
1097 3184 1126 3233 et
1156 3175 1218 3255 lapi
1250 3185 1279 3233 et
1302 3178 1392 3248 aurei,
1423 3176 1575 3233 Tetraouis

338 3259 463 3336 arogalli
493 3270 523 3317 et
546 3262 667 3327 tetricis,
700 3261 824 3339 Leporis
846 3260 946 3319 timidi
976 3272 1006 3319 et
1036 3262 1166 3321 cuniculi
1197 3262 1263 3339 (hos
1285 3265 1376 3321 etiam
1400 3262 1574 3341 proliferos);

338 3354 367 3404 et
390 3367 406 3404 e
429 3344 529 3405 herbis
553 3348 671 3405 misceri
694 3350 850 3426 praecipue
876 3348 973 3406 Cirsia
996 3346 1089 3429 (velut
1105 3350 1236 3427 palustre
1252 3349 1392 3420 oleraceo,
1417 3350 1575 3409 oleraceum

337 3452 403 3491 cnm
427 3435 554 3504 arvensi,
577 3434 773 3492 lanceolatum
789 3456 853 3493 cam
872 3432 1026 3517 palastri)3
1050 3438 1139 3494 etiam
1155 3435 1264 3505 Rubos,
1281 3436 1410 3516 Cytisos,
1428 3437 1575 3515 Asplania,

340 3520 422 3592 alias,
453 3532 485 3579 ut
508 3519 615 3579 herbas
648 3520 824 3599 arboresque
847 3521 982 3581 diversas
1013 3530 1113 3581 mutuo
1143 3525 1233 3581 inseri
1266 3544 1351 3601 posse
1373 3532 1496 3582 taceam.
1518 3522 1573 3602 (cf.

337 3607 517 3685 Wigand,
541 3608 603 3666 Der
627 3599 844 3667 Darwinismus
870 3608 890 3679 l,
914 3611 1042 3667 tria-4
1066 3606 1133 3689 etc.)

445 3738 628 3813 Organorum
660 3741 783 3797 mutatio
815 3760 833 3797 a
863 3743 968 3819 quovis
1001 3740 1088 3798 facile
1119 3738 1270 3799 observari
1300 3749 1405 3819 potest.
1440 3742 1476 3799 ln
1506 3742 1572 3799 rosis

338 3823 497 3883 centifoliis
521 3824 691 3903 frequenter
713 3827 900 3884 filamentum
923 3828 1083 3897 invenitur,
1107 3828 1188 3886 cuias
1212 3828 1336 3885 mutatio
1360 3827 1493 3887 nondum
1517 3848 1576 3906 per-

336 3908 414 3968 fecta
436 3921 488 3971 est.
514 3911 549 3969 In
573 3913 670 3970 salice
694 3915 808 3990 repenti
840 3913 952 3991 pistilla
974 3934 1196 3993 nonnumquam
1227 3914 1352 3971 formam
1375 3918 1511 3974 staminis
1534 3918 1573 3974 in·

336 3995 438 4065 duunt,
462 4001 589 4055 stamina
613 4000 737 4057 {ormam
760 4000 937 4078 pistillorum
961 4002 1068 4077 (natur
1084 4022 1110 4063 a.
1128 3999 1245 4060 (Ilienb.
1260 4001 1326 4071 xl,
1350 4002 1440 4079 332);
1463 4005 1496 4061 ia
1512 4003 1573 4061 aliis

335 4082 455 4141 floribus
479 4085 578 4162 petala
601 4088 631 4144 ia
655 4087 726 4143 folia
749 4090 897 4145 vertentia
919 4090 1090 4165 conspicies,
1114 4088 1162 4145 vel
1186 4086 1316 4146 emedio
1339 4088 1410 4147 flore
1433 4090 1572 4147 ramulam

335 4181 532 4229 enascentem.
563 4173 637 4230 Item
662 4172 791 4250 amplam
823 4194 1033 4253 nonnunquam
1058 4194 1122 4233 esse
1150 4195 1326 4251 organorum
1350 4174 1573 4235 mutabilitatem

333 4257 421 4315 facile
452 4260 649 4335 cognoscitur3
683 4260 764 4318 velut
794 4261 935 4319 Linariae
968 4261 1098 4338 vulgaris
1130 4262 1223 4319 lorma
1253 4272 1412 4340 personata
1446 4264 1573 4334 corollae,

335 4346 551 4422 irregularitate
567 4348 719 4412 eminenti,
743 4359 912 4425 comparata
927 4367 992 4405 cam
1010 4348 1129 4425 peloria,
1154 4348 1295 4426 regulari3
1321 4348 1369 4406 vel
1392 4368 1429 4406 ex
1447 4348 1573 4409 bestiolis

334 4431 492 4511 Zygaenae
515 4433 676 4511 Ephialtac
707 4436 809 4491 formis
839 4436 917 4492 inter
940 4456 970 4492 se
994 4435 1110 4493 collatis
1142 4436 1190 4493 vel
1215 4436 1337 4493 Arctiaa
1361 4434 1453 4494 Gaiae
1486 4438 1571 4497 erucis

331 4517 453 4577 diverso
482 4520 623 4579 alimento
655 4523 793 4593 nutritis3
830 4520 958 4599 danique
989 4521 1189 4581 columbarum
1222 4522 1323 4579 formis
1358 4522 1416 4601 (ap.
1445 4522 1571 4582 Babdk

331 4626 362 4685 p.
380 4609 450 4665 104.
468 4610 529 4664 105
546 4606 717 4684 delineatis)
733 4607 936 4675 consideratis,
961 4608 1074 4667 foetura
1090 4610 1247 4686 praefinita
1270 4608 1390 4679 effectis,
1414 4630 1473 4688 qua
1488 4613 1569 4669 etiam

332 4692 424 4751 boves
448 4693 594 4765 cornibus,
617 4714 705 4752 canes
729 4694 860 4753 crinibus
883 4698 992 4774 privati
1016 4706 1092 4753 sunt.
