3450 5342
910 273 1101 328 „234-

384 464 561 522 Commeani
587 495 624 504 -
650 481 708 520 non
740 459 786 519 his
810 463 882 540 ipsis
905 460 1093 522 adscribendi
1116 475 1193 535 sunt,
1222 462 1276 521 sed
1306 475 1381 521 sunt
1416 463 1630 541 compilarem*

384 551 509 608 alterins
530 547 681 608 cniusdam
706 549 798 626 ignoti
823 551 957 608 auctoris.

493 637 537 694 llo
560 647 699 713 ternpore.
723 655 780 714 qno
803 637 898 714 primo
920 635 988 693 libri
1004 637 1232 714 poenitentiales
1254 639 1287 694 in
1304 637 1445 694 ecclesia
1470 636 1631 694 occides-s?

382 723 553 802 prodierint,
577 721 673 780 edbtm
697 721 871 800 disputatur.
895 721 1093 783 Probabilitor
1116 737 1214 783 antem
1239 743 1342 781 eorum
1370 725 1465 800 origo
1493 745 1556 782 nou
1577 725 1634 780 ultre

383 812 499 870 initium
524 829 599 868 saec.
624 805 723 866 ΥΙΙΙνᾶ
744 807 912 868 reducenda
933 821 986 872 est.

491 898 583 955 Primi
614 895 680 954 libri
710 895 936 973 poenitentiales
959 898 1124 955 conformes
1146 907 1231 956 erent
1257 895 1448 973 disciplinae
1474 899 1634 960 canoniea

383 983 456 1044 lnde
479 997 578 1042 temen
606 1003 624 1040 a
651 981 748 1041 medio
771 1001 845 1044 saec.
872 983 978 1042 Vllll⁰
1005 1004 1097 1062 usqne
1127 983 1166 1042 ad
1188 986 1306 1042 initium
1329 1003 1414 1040 saec.
1442 979 1525 1041 lei
1558 1005 1632 1061 appu·

382 1081 500 1130 ruerunt
524 1071 584 1140 alii,
618 1073 667 1148 qui
691 1071 812 1128 omnino
846 1069 1001 1128 arbitrario
1024 1069 1111 1128 ruodo
1140 1069 1381 1130 determinabant
1420 1073 1633 1148 poenitentiae

383 1158 464 1216 nullo
486 1166 620 1235 respectu
644 1155 744 1214 habito
768 1155 806 1215 ad
819 1156 1007 1236 disciplinam
1030 1158 1270 1234 poenitentialem
1296 1160 1325 1213 in
1340 1158 1494 1216 conciliis
1520 1159 1626 1236 aliisqn

383 1243 513 1303 fontibus
537 1246 608 1302 iuris
631 1246 793 1302 communis
817 1243 989 1302 stabilitam.
1020 1245 1178 1303 Praeterea
1200 1245 1361 1303 nonnullae
1385 1246 1526 1320 regulae
1550 1266 1634 1302 eumn

382 1330 616 1390 adversabantur
650 1329 800 1388 doctrinae
823 1331 1042 1390 ecclesiasticae
1064 1353 1090 1390 e.
1112 1353 1154 1410 gr.
1176 1331 1329 1390 doctrinae
1353 1329 1391 1388 de
1419 1332 1630 1390 insolubilium

382 1419 575 1483 matrimonii;
599 1417 747 1476 evolutum
764 1438 879 1496 quoque
894 1430 958 1476 erat
980 1417 1033 1476 snb
1049 1418 1108 1476 fine
1130 1439 1206 1478 saec.
1220 1413 1319 1478 vult*
1339 1433 1485 1496 systema
1513 1419 1638 1496 redemf-

382 1507 495 1564 tionum
525 1507 555 1562 in
579 1525 612 1562 co
636 1507 808 1574 consistens,
839 1503 917 1584 quod
941 1508 1141 1584 unusquisqne
1169 1507 1323 1584 poenitens
1354 1505 1425 1563 leco
1457 1518 1597 1564 statutae
1615 1525 1636 1562 e*

382 1594 537 1670 impositae
569 1593 767 1670 poeniteutiae
798 1591 919 1670 aliquod
942 1589 1022 1649 aliud
1052 1613 1125 1670 opus
1146 1592 1255 1652 bonnm
1284 1592 1398 1668 eligere
1433 1603 1467 1650 et
1503 1597 1637 1671 perlicere

382 1689 504 1758 poterat.
529 1677 602 1736 Inde
626 1678 699 1736 nihil
725 1681 838 1741 mirum„
862 1677 940 1757 qnod
964 1681 1023 1736 iam
1047 1681 1132 1738 initio
1155 1699 1230 1738 saec.
1255 1674 1326 1736 1X¹¹¹
1359 1682 1504 1737 concilia
1530 1681 1638 1738 Gallis:

380 1765 613 1825 condemnarunt
647 1765 721 1822 tales
756 1765 845 1824 libros
881 1767 1108 1844 poenitentiales
1147 1786 1295 1846 „quorum
1330 1779 1362 1822 nt
1397 1767 1445 1824 nit
1477 1771 1635 1826 concilium
1681 1794 1683 1799 ·

381 1851 619 1922 Catelaunicnsc,
644 1861 711 1910 silut
734 1855 806 1910 corti
830 1873 951 1917 errores.
974 1855 1077 1911 incerti
1101 1857 1264 1911 auctores“.

489 1939 625 2017 lienique
664 1959 739 2000 saec.
777 1939 853 1996 lX¹¹⁰
890 1939 1059 2018 prodierunt
1100 1939 1169 1998 libri
1203 1939 1438 2019 poenitentiales
1475 1941 1636 2016 Halitgsri
1681 2010 1683 2023 Ι

379 2025 496 2086 linbani
530 2027 623 2083 Mauri
648 2027 829 2104 aliorumque
852 2037 1011 2097 auctorum,
1042 2029 1092 2105 qui
1116 2027 1232 2104 regulas
1253 2025 1291 2084 de
1315 2026 1513 2103 imponenda
1546 2029 1637 2105 poeni·
1681 2027 1683 2110 ξ

381 2116 474 2170 tentia
505 2115 563 2170 iam
599 2133 657 2170 non
688 2114 814 2191 amplius
845 2113 1000 2172 arbitrarie
1030 2113 1207 2190 statuebant,
1241 2111 1293 2171 sed
1323 2133 1362 2170 ex
1394 2113 1544 2173 fontibus
1576 2118 1635 2171 iuris
1681 2124 1683 2157 ³

379 2201 541 2258 communis
566 2199 740 2258 hauriebant
767 2235 803 2242 -κ
830 2211 858 2258 ct
875 2199 1006 2278 proinde,
1030 2201 1121 2260 relate
1144 2200 1182 2259 ad
1204 2202 1316 2279 priores
1339 2214 1421 2258 recte
1447 2201 1527 2260 libri
1544 2204 1636 2280 poeni-

379 2287 517 2346 tentiales
553 2287 745 2358 „renctiouis‘
780 2285 838 2344 dici
871 2296 1001 2366 possunt.
1030 2287 1183 2364 (Schmitn,
1215 2284 1405 2346 Bussbtlcher
1439 2289 1464 2345 l.
1491 2292 1576 2349 712:
1604 2287 1637 2347 ll.
1681 2340 1682 2345 ,

382 2377 561 2453 110.137γ

489 2461 563 2519 Cum
587 2462 677 2536 igitur
700 2481 800 2518 omnes
818 2461 878 2517 lore
901 2463 1098 2538 (quaestiones,
1121 2481 1196 2539 qnae
1219 2459 1416 2519 versabantur
1440 2463 1531 2519 circa
1555 2461 1636 2518 libros

378 2547 605 2626 poenitentiales
636 2547 777 2604 ecclesiae
801 2547 992 2605 occidentalis
1014 2548 1126 2606 solutae
1150 2550 1274 2606 sint-
1296 2569 1356 2606 nou
1379 2547 1466 2605 idem
1494 2549 1585 2606 valet
1605 2547 1635 2603 de
1681 2568 1683 2598 ε

378 2633 462 2692 libris
487 2633 755 2712 poenitentialibus,
779 2633 886 2712 quibus
905 2635 976 2692 olim
999 2635 1125 2694 ecclesia
1146 2635 1298 2693 orientalis
1320 2633 1472 2693 utebatur.
1497 2635 1554 2693 Illi
1571 2635 1634 2692 libri
1681 2682 1683 2685 .

378 2741 479 2780 omues
510 2719 710 2779 inscribuntur
741 2723 859 2779 nominc
884 2723 1004 2780 Ioannis
1031 2722 1191 2780 Nestentae
1219 2743 1272 2780 seu
1301 2723 1487 2780 Ieinnateris
1520 2723 1632 2799 sibique
1681 2692 1683 2733 Ι

378 2811 581 2866 anctoritatem
612 2807 766 2866 vindicent
799 2808 877 2866 illius
912 2809 1096 2886 patriarchae
1127 2807 1465 2886 constantinopolitani,
1496 2813 1555 2887 qni
1586 2808 1632 2867 sul·

378 2893 438 2952 fine
461 2914 536 2952 saec.
561 2890 621 2951 vqs
646 2891 843 2974 (sss-595)
867 2898 978 2974 primus
1001 2896 1118 2954 titulum
1147 2897 1362 2967 „oecumenici“
1390 2901 1576 2974 assumpsit.
1599 2929 1634 2936 -
1681 2928 1682 2961 1

487 2980 578 3039 Liber
593 2982 814 3060 poenitentialis
837 3003 888 3040 seu
901 3003 1083 3041 nomocanon
1095 2983 1315 3061 poenitentialis
1327 2982 1453 3043 loannis
1468 2983 1632 3042 Nesteutae

378 3070 515 3145 pervenit
538 3067 574 3126 ad
607 3089 659 3126 nos
684 3071 713 3126 in
737 3067 869 3146 pluribus
893 3069 1118 3137 reductionibus,
1149 3089 1225 3148 quse
1248 3089 1350 3128 omncs
1371 3068 1411 3126 ad
1434 3067 1500 3128 duo
1524 3091 1631 3148 genera

378 3153 478 3214 reduci
502 3167 631 3232 possunt.
656 3156 742 3213 Aliae
766 3159 845 3214 onim
869 3155 1053 3214 reductiones
1076 3160 1230 3215 continent
1252 3159 1483 3215 instructionem
1508 3157 1551 3216 de
1575 3178 1630 3215 su·-

377 3240 516 3320 cipienda
538 3242 721 3300 confessione
745 3262 810 3300 cnm
834 3243 1015 3302 orationibus
1037 3253 1067 3302 et
1089 3246 1291 3315 caeremoniis,
1313 3241 1423 3302 deiude
1447 3246 1577 3322 regulas
1598 3243 1630 3299 de

378 3327 558 3408 imponenda
580 3332 763 3407 poenitentia
786 3329 930 3388 exhibent
960 3365 1001 3373 -
1031 3332 1108 3389 aliae
1138 3351 1208 3389 vero
1230 3332 1382 3389 continent
1405 3330 1491 3390 solas
1515 3333 1630 3407 regnis<

377 3415 414 3474 de
438 3415 618 3494 imponenda
642 3419 824 3494 poenitentia
846 3437 899 3494 pro
922 3417 1047 3495 siugulis
1070 3420 1205 3495 peccatis.
1229 3451 1272 3460 —

486 3502 537 3562 Ad
567 3505 692 3581 primum
727 3504 827 3581 procul
858 3503 947 3563 dnbio
979 3507 1128 3583 antiquins
1161 3523 1254 3582 genus
1283 3506 1434 3582 pertinent
1470 3521 1629 3584 sequentes
1681 3544 1683 3547 -

377 3589 575 3649 redactioncs:

481 3677 666 3740 ’slaciooiilo
690 3677 741 3738 καὶ
770 3678 852 3748 τάξις
875 3677 922 3736 s'ni
946 3677 1249 3756 ἐξομολογουμένων
1276 3681 1459 3755 ουνταγεῖσα
1488 3678 1556 3740 ὑπὸ
1579 3683 1625 3739 eoi

377 3764 465 3826 ὁσίου
489 3765 607 3844 πατρὸς
631 3767 723 3844 ἡμῶν
742 3763 867 3825 ’idoneo
891 3769 943 3825 τοῦ
957 3762 1137 3845 Νηστευτοῦ
1161 3799 1201 3807 -
1225 3784 1301 3843 quae
1323 3771 1369 3821 est
1389 3763 1627 3842 locupletissima
1681 3760 1683 3820 ζ

376 3849 508 3909 redactio
531 3849 623 3932 (apud
646 3853 757 3928 Migne,
780 3852 813 3908 Ρ.
838 3849 874 3908 G.
898 3854 948 3908 88.
971 3872 998 3929 p.
1019 3853 1100 3909 1889
1124 3849 1202 3930 sqq.)
1235 3849 1372 3910 Secunda
1392 3850 1532 3911 redactio
1556 3873 1626 3932 qnae
1681 3920 1682 3923 Ἴ

375 3936 559 3996 inscribitur:
579 3937 696 3999 ’ldvvov
712 3943 857 4018 μοναχοῦ
873 3938 925 3998 καί
942 3937 1092 3999 διακόνου
1107 3938 1253 4019 μαθητοῦ
1268 3943 1322 4000 τοῦ
1340 3937 1430 4016 ἁγίου
1447 3933 1626 4002 Βασίλειον.

376 4021 495 4092 οὗτινος
519 4025 536 4104 ἡ
562 4025 725 4103 ἐπωνυμία
754 4027 879 4097 ῃτέκνον
901 4025 1062 4104 deonoti&
1089 4031 1292 4104 κανονορεῖον
1314 4049 1367 4097 -;
1390 4022 1626 4104 distinguitura
1681 4060 1683 4075 =

376 4112 472 4189 priore
496 4131 548 4189 per
571 4111 728 4170 admodum
753 4113 871 4188 longam
890 4111 1150 4176 introductionem.
1301 4106 1303 4111 ’
1681 4120 1683 4123 ’

485 4197 588 4256 Tertia
618 4207 715 4256 antem
747 4199 877 4257 redactio
908 4198 960 4257 snb
984 4199 1089 4257 titulo:
1115 4197 1233 4261 Ἰάννου
1259 4203 1405 4278 μονοχοῦ
1427 4201 1625 4280 πατριάρχου
1681 4216 1683 4277 3

376 4281 718 4352 Κωνσταντινοπόλεως
745 4291 797 4347 τοῦ
822 4283 1003 4366 Νηονευτοῦ
1033 4285 1126 4364 λόγος
1147 4284 1228 4364 πρὸς
1256 4283 1310 4347 τὸν
1337 4284 1490 4364 μέλλοντα
1521 4287 1624 4365 ἕξογο
1681 4294 1683 4305 “

375 4378 481 4450 petioni
504 4371 558 4433 τὸν
577 4373 687 4435 ἑαυτοῦ
699 4373 909 4452 πνευματικὸν
931 4373 1048 4451 ποτέρα
1064 4403 1100 4415 -
1115 4372 1233 4431 brevior
1254 4381 1300 4431 est
1320 4391 1410 4450 qnam
1424 4375 1536 4449 prima,
1560 4377 1622 4452 quis

375 4460 501 4517 omissae
517 4469 585 4518 sunt
597 4481 698 4519 omnes
715 4462 899 4538 precationes
911 4471 941 4518 et
953 4462 1155 4519 caeremoniae
1168 4463 1262 4538 ipsam
1274 4458 1493 4517 confessionem
1508 4481 1621 4539 praece

375 4543 492 4620 dentes3
517 4549 547 4604 in
571 4548 693 4626 reliquis
717 4559 814 4605 nutem
838 4557 906 4605 sunt
928 4549 1049 4604 omnino
1071 4549 1149 4605 inter
1171 4567 1202 4605 se
1225 4546 1397 4605 conformes.
