3450 5342
679 454 783 509 -s3
811 484 851 495 -

246 643 308 717 l‘ug
342 646 412 699 lut.
436 645 569 719 quaestio
591 642 628 699 tle
645 642 838 701 correlatione
861 645 932 701 iuris
955 652 984 699 et
1008 640 1197 716 obligationis
1221 642 1308 699 aliter
1327 644 1387 721 erit

126 729 289 794 solvenda,
323 732 348 787 si
373 732 417 785 ius
440 741 469 787 et
492 728 703 803 obligationem
727 732 758 787 in
788 728 865 786 eod
880 750 936 787 em
964 728 1094 787 subiecto
1117 750 1181 787 esso
1205 731 1386 807 supponitur,

125 830 226 893 atque
249 815 343 882 aliter,
377 818 402 872 si
436 818 481 873 ius
503 817 536 873 in
569 815 700 873 subiecto
722 837 788 878 nno,
822 815 964 890 obligatio
999 817 1030 873 in
1053 818 1178 873 termino
1212 815 1386 873 usubieeto

126 902 340 959 distincto
363 905 515 979 reponitur.
540 936 583 945 -

241 988 313 1065 Pag.
329 992 388 1046 142
401 999 466 1067 sqq.
481 992 645 1047 accuratius
661 987 903 1065 distinguendum
923 1003 986 1047 erut
1001 989 1129 1047 officium
1147 988 1275 1047 hominis
1291 990 1384 1047 cultus

129 1078 247 1133 interni
270 1089 298 1133 et
321 1078 438 1133 externi
468 1076 717 1135 absolutum
749 1075 787 1133 ab
814 1077 912 1133 officio
939 1078 999 1133 voti
1031 1088 1060 1135 et
1084 1078 1240 1133 iuramenti
1271 1086 1383 1134 tantum

128 1163 412 1241 hypothetico.
456 1163 560 1241 Neque
592 1182 715 1220 nexus
746 1165 804 1220 voti
838 1184 904 1221 cum
933 1165 1065 1221 oratione
1093 1160 1204 1219 ibidem
1232 1162 1382 1220 exhibitus

128 1270 233 1327 neque
257 1252 372 1307 sacri
386 1250 469 1307 fici
482 1252 491 1307 i
515 1252 595 1308 notio
618 1249 770 1311 satisfacit.
805 1250 894 1308 Notio
917 1250 1062 1317 sacrificii,
1091 1262 1122 1307 ut
1145 1248 1308 1327 symbolica
1331 1270 1382 1305 ex-

129 1339 250 1415 pressio
279 1337 440 1412 'agnitionis
470 1339 598 1414 supremi
629 1336 687 1393 Dei
718 1334 842 1395 dominii
870 1350 907 1406 et,
938 1340 968 1395 in
1001 1336 1158 1416 hypothesi
1197 1338 1317 1413 peccati.
1341 1370 1383 1378 --

128 1425 250 1481 vicaria
273 1423 402 1481 hominis
424 1422 593 1483 substitutio
617 1424 755 1481 victimae
780 1458 826 1488 -,
850 1433 949 1501 utpote
977 1444 1043 1481 curu
1071 1424 1200 1481 essentia
1231 1423 1385 1499 religionis

129 1531 224 1571 nexa.
247 1509 354 1568 clarius
376 1509 553 1589 exponenda
576 1520 648 1569 erat.

243 1598 315 1673 Peg.
330 1598 392 1655 334
404 1597 487 1655 nulla
499 1598 548 1655 vel
560 1597 666 1655 saltem
682 1618 741 1654 nou
756 1601 828 1654 satis
843 1596 925 1654 clara
941 1610 1062 1675 apparot
1078 1597 1229 1655 distinctio
1247 1594 1385 1654 facienda

128 1686 215 1741 iuter
262 1685 601 1754 „moralitatem“
644 1684 770 1741 actionis
804 1683 951 1741 hnmanae
985 1696 1013 1742 ct
1052 1683 1385 1759 obligationem

126 1770 277 1828 eiusdem.
302 1773 382 1829 Sicut
405 1782 563 1849 conceptus
586 1773 736 1848 utriusque
752 1772 793 1827 ita
812 1771 917 1829 ultima
932 1790 1047 1849 quoque
1066 1773 1216 1848 utriusque
1234 1772 1379 1847 principia

126 1856 374 1920 differunt.
396 1858 647 1917 Moralitatis
671 1878 773 1914 norma
789 1859 965 1935 proxime
987 1859 1017 1915 in
1033 1859 1241 1915 convenientia
1257 1858 1381 1914 actionis

128 1945 284 2002 humanae
307 1964 373 2002 cum
399 1944 545 2021 dignitate
568 1957 690 2002 naturae
720 1945 872 2003 rationalis
896 1944 1033 2003 hominis.
1067 1954 1230 2002 remote
1261 1944 1292 2001 in
1316 1962 1384 2000 con-

129 2034 289 2089 venientia
304 2050 369 2103 cum
392 2034 523 2091 essentia
533 2032 654 2106 Divina,
677 2030 870 2089 fundamento
892 2045 922 2089 et
937 2030 1099 2110 archetypo
1121 2032 1217 2088 omnis
1242 2029 1383 2087 bonitatis

128 2121 195 2175 sita
216 2131 269 2175 est.
315 2118 633 2195 tthligationis
656 2119 776 2177 moralis
799 2120 975 2195 principium
1000 2120 1125 2195 positum
1146 2127 1189 2175 est
1214 2118 1244 2175 in
1272 2136 1382 2174 nexu

130 2226 152 2263 n
165 2227 184 2261 e
198 2226 213 2263 c
226 2226 242 2263 e
254 2228 268 2263 s
281 2228 294 2261 s
307 2225 323 2262 a
336 2227 350 2262 r
362 2208 370 2261 i
382 2226 408 2270 o,
442 2208 474 2264 in
497 2226 555 2283 quo
578 2208 722 2283 reperitur
743 2207 819 2263 actio
841 2204 1018 2281 obligatorias
1040 2224 1105 2262 cum
1130 2204 1232 2263 ultimo
1256 2202 1383 2261 hominis

130 2294 203 2350 line.
248 2292 424 2368 ttbtigamur
446 2291 484 2350 ad
512 2290 680 2370 ponendam
704 2293 751 2349 vel
781 2290 975 2350 omittendam
998 2294 1144 2349 actionem
1172 2291 1310 2368 aliquam,
1346 2310 1383 2347 ne

129 2382 228 2437 simus
264 2378 303 2456 a)
334 2378 553 2437 infelices
587 2392 616 2437 et
641 2373 678 2459 b)
702 2400 740 2437 ue
763 2381 854 2437 simus
883 2382 946 2435 rei
981 2390 1062 2437 reatu
1093 2376 1320 2436 inordinationis
1355 2386 1384 2433 et

129 2464 418 2524 iusubordinationis
440 2486 512 2543 erga
535 2467 631 2524 Deum
660 2477 790 2523 nostrum
814 2466 984 2524 Creatorem
1016 2463 1140 2543 ideoque
1165 2464 1323 2522 Dominum
1355 2473 1383 2519 et

130 2564 268 2610 nostrum
291 2552 389 2611 finem.
412 2588 454 2596 —
477 2553 632 2611 Moralitas
655 2553 742 2610 latius
774 2562 854 2631 patet
877 2573 965 2629 quiam
989 2550 1149 2629 obligatio:
1185 2552 1280 2609 omnis
1303 2552 1382 2607 euim

128 2640 213 2698 actio
244 2638 418 2716 obligatoria
441 2640 560 2699 moralis
594 2660 658 2696 esse
681 2638 820 2708 dehet,
854 2638 1009 2697 sednon
1034 2640 1129 2697 omnis
1163 2640 1239 2695 actio
1262 2637 1381 2694 moralis

129 2726 315 2803 obligatorias
336 2736 389 2785 ost.
1403 2794 1406 2801 ¹

240 2815 383 2872 Attamen
394 2816 481 2891 pauci
492 2812 524 2871 hi
536 2812 668 2871 defectus
680 2834 739 2870 uon
753 2813 852 2871 valent
864 2814 996 2870 minuere
1008 2815 1104 2889 operis
1116 2808 1229 2869 laudati
1241 2812 1377 2889 pretium.

129 2900 319 2968 Sacerdotes,
341 2920 441 2958 curam
457 2903 622 2959 animarum
638 2911 769 2975 agentes,
793 2918 917 2957 necnon
934 2910 1031 2957 cetera
1049 2896 1180 2956 membra
1204 2896 1377 2955 hereditatis

131 3009 154 3045 s.
172 2988 312 3065 Procopii
329 2997 468 3063 -grato
490 2988 653 3064 suscipient
675 2988 775 3044 animo
797 2986 856 3044 tale
880 3006 994 3044 annuae
1019 2981 1237 3043 distributionis
1260 2983 1380 3042 donum.

128 3074 313 3152 Quicunque
327 3073 448 3133 tandem
464 3076 599 3133 veritatis
615 3072 712 3131 studio
728 3072 834 3133 librum
851 3073 1017 3151 perlegerit,
1041 3072 1197 3147 intelliget,
1215 3092 1274 3129 non
1290 3070 1383 3129 solum

131 3163 164 3219 in
190 3159 347 3218 credendis
369 3159 422 3219 sed
444 3162 534 3219 otiam
558 3162 590 3218 in
612 3159 737 3235 agendis
765 3163 910 3219 rationem
939 3160 1112 3217 revelationi
1144 3178 1202 3216 non
1232 3156 1382 3216 advorsari

130 3246 186 3305 scd
215 3246 311 3305 solida
339 3246 478 3325 praebere
506 3247 700 3305 fundamenta
727 3257 758 3304 ut
786 3246 914 3313 credere,
954 3266 1071 3325 sperare
1102 3244 1256 3323 Deumque
1284 3263 1382 3301 amare

133 3336 291 3411 possimus.
1104 3332 1154 3389 Dr.
1180 3324 1338 3391 Kordad.

134 3489 140 3498 '
239 3507 291 3564 Dr.
316 3500 374 3568 Fr.
398 3501 441 3567 X.
466 3500 679 3587 Krystasek,
705 3526 729 3565 c.
747 3506 776 3563 k.
799 3505 904 3563 dvornt
929 3504 1001 3563 rada
1023 3504 1091 3575 atu,
1116 3496 1379 3568 Protestantstvt

130 3609 151 3657 v
174 3571 329 3658 creetur
352 3590 391 3657 ar
413 3590 455 3659 uo
479 3590 568 3675 uoy
590 3590 795 3659 scioessa
818 3592 1068 3671 osu-mo).
1107 3587 1168 3671 (oo
1192 3585 1381 3671 potestan-

130 3678 236 3746 tisuru
253 3676 284 3745 in
308 3693 411 3763 reptio
426 3676 603 3746 Botrarotao
626 3694 729 3762 usque
752 3677 793 3745 att
807 3677 935 3745 clauom
960 3676 990 3744 tn
1008 3672 1236 3755 Ucutattbo.)
1259 3676 1293 3738 Ρ.
1310 3676 1381 3733 436.

240 3766 322 3846 Opus
334 3766 455 3825 exhibet
472 3770 692 3847 systematicam
707 3766 935 3846 descriptionem
951 3764 1137 3837 conditionis,
1154 3782 1230 3843 quae
1246 3764 1277 3821 in
1295 3761 1379 3820 rebus

133 3855 288 3931 roligionis
311 3856 412 3932 eisque
445 3853 592 3913 adiunctis
616 3854 702 3913 rebus
725 3854 854 3931 politicis
887 3854 919 3911 in
942 3874 1032 3929 regno
1056 3851 1217 3911 Bohemiae
1245 3858 1379 3909 currente

132 3961 210 4000 saec.
234 3941 319 3998 xvi.
341 3950 371 3999 et
394 3944 514 4000 ineunte
537 3962 611 3999 aevo
633 3940 735 3999 xvtl.
758 3961 850 4019 usque
873 3939 912 3998 ad
934 3958 1044 3997 annum
1069 3940 1152 3997 1620
1175 3936 1305 4015 vigebat.

238 4030 351 4087 Auctor
372 4027 543 4103 ingrediens
560 4028 691 4086 laborem
714 4028 877 4106 praemittit
891 4026 1038 4103 depictam
1055 4025 1175 4084 humum
1194 4024 1377 4083 bohemicam

131 4116 314 4193 utraquismo
336 4124 366 4173 et
389 4117 496 4173 unione
519 4115 642 4173 fratrum
665 4113 855 4172 bohemorum
871 4113 1044 4171 facillimam
1068 4112 1149 4171 aditu
1172 4108 1318 4171 redditam
1342 4108 1380 4169 sd

132 4200 302 4279 spargenda
324 4204 439 4260 semina
461 4202 701 4280 protestantismi.

236 4288 412 4365 Progressus
445 4288 650 4346 lutheranismi
677 4288 799 4365 eiusque
832 4286 996 4344 certamina
1017 4285 1179 4363 potestatis,
1218 4283 1377 4361 religionis,

131 4384 227 4433 terrae
250 4376 383 4435 confecto
406 4376 587 4453 utraquismo
609 4372 797 4443 obtinendae,
824 4373 977 4451 cultusque
1000 4370 1191 4430 calvinismus
1215 4372 1246 4427 in
1270 4370 1378 4427 unione

132 4459 256 4520 frstmm
279 4460 317 4519 ad
338 4462 464 4521 electum
488 4461 671 4521 Fridericum
699 4463 833 4537 „regem“
860 4458 971 4519 ducens
993 4460 1175 4517 constituunt
1196 4454 1379 4515 cardinalem

135 4561 248 4624 partem
271 4550 376 4626 operis.

237 4634 363 4695 Oculum
385 4634 511 4695 auctoris
534 4633 614 4693 haud
644 4634 721 4712 fugit
754 4631 885 4693 conditio
915 4632 1066 4703 ecclesiae,
1098 4630 1269 4703 catholicae,
1299 4631 1381 4687 cuius

135 4721 302 4780 reformatio
331 4722 456 4781 concilio
485 4720 663 4781 Tridentino
693 4720 850 4789 celebrato,
889 4718 958 4777 sede
990 4716 1232 4795 archiepiscopali
1264 4716 1381 4792 Pragae
