3450 5342
878 402 1066 459 -124-

347 591 504 668 Legamus,
536 610 612 669 quae
646 589 748 649 scribit
781 592 859 667 Aug.
894 588 1076 649 Deudero
1101 586 1147 666 ¹):
1196 588 1396 660 „Ecclesia
1431 588 1591 647 Graeco·

346 676 516 745 Russica
539 698 605 735 scu
627 676 895 736 Moscovitica
925 677 1050 757 quoad
1084 696 1270 735 canonem
1304 696 1384 734 cum
1418 674 1590 733 ecclesia

347 762 563 824 Catholica
585 783 737 841 quoque
760 767 959 823 convenit.
994 763 1030 823 ld
1060 772 1175 823 constat
1204 774 1266 821 tum
1297 764 1328 821 in
1357 783 1467 840 genere
1491 782 1531 819 ex
1552 782 1590 823 eo.

345 850 425 930 quod
449 852 630 909 bloscovitae
652 850 778 909 eandem
801 851 890 909 fidem
913 871 979 910 cum
1003 849 1126 909 Graecis
1148 850 1347 929 profiteantur,
1369 860 1432 907 tum
1448 851 1482 907 iu
1499 850 1591 927 specie

346 958 385 996 ex
407 937 577 996 authentico
607 936 706 997 iudice
736 958 763 998 a.
789 942 880 997 1582.
913 938 1082 997 Moscoviae
1119 936 1260 1004 conlecto.
1295 938 1426 995 omnium
1463 938 1592 1013 capitum

346 1023 508 1094 doctrinae,
531 1026 563 1083 iu
586 1023 693 1103 quibus
715 1025 823 1083 Graeci
847 1037 877 1083 at
900 1026 987 1083 Russi
1011 1024 1048 1082 ab
1071 1024 1208 1083 Ecclesia
1231 1022 1387 1082 Catholica
1409 1022 1592 1100 discrepant;

346 1114 371 1171 si
395 1110 514 1189 quidem
538 1113 568 1169 iu
591 1132 626 1169 eo
649 1110 686 1169 de
708 1110 849 1170 librorum
873 1132 985 1169 canone
1001 1111 1083 1171 nulla
1099 1112 1131 1169 fit
1143 1112 1261 1169 mentio.
1284 1108 1417 1187 Idipsum
1440 1118 1592 1187 praeterea

346 1218 383 1257 ex
407 1219 441 1255 eo
464 1199 584 1264 eruitur.
607 1197 685 1277 quod
708 1200 786 1256 inter
815 1200 914 1257 varias
943 1200 1165 1269 controversias,
1199 1217 1274 1275 quae
1297 1199 1389 1255 variis
1411 1194 1592 1275 temporibus

344 1297 466 1343 exortae
481 1298 549 1343 sunt
571 1286 649 1343 inter
662 1284 828 1343 Ecclesiam
844 1286 997 1345 Russicam
1021 1296 1050 1344 et
1063 1285 1229 1343 Ecclesiam
1242 1283 1429 1341 Catholicam
1452 1282 1491 1341 da
1509 1304 1592 1341 cano

346 1376 414 1431 nica
436 1373 609 1431 auctoritate
631 1370 772 1430 librorum
790 1392 950 1450 numquam
974 1371 1029 1429 fuit
1051 1370 1262 1449 disputatum“.
1285 1369 1361 1431 Rud.
1377 1365 1591 1449 Corneli-²)

344 1461 377 1517 iu
400 1459 552 1537 praeclara
573 1478 626 1517 sna
650 1458 870 1517 introductione
886 1460 1008 1537 prolatis
1023 1460 1178 1517 sententiis
1189 1458 1289 1515 Photii
1305 1468 1335 1515 et
1347 1456 1456 1537 (huilli
1469 1457 1592 1515 Lucaris

344 1544 527 1603 demonstrat
542 1566 580 1604 ex
596 1544 732 1623 operibus
744 1566 762 1603 a
776 1546 864 1603 Kim
874 1542 981 1623 mel3)
1004 1544 1092 1603 editis
1108 1544 1202 1603 biblia
1212 1545 1372 1603 Russomm
1395 1554 1474 1601 recte
1491 1564 1592 1601 omues

345 1644 459 1689 nostros
481 1631 760 1691 deuterocauonicos
783 1632 874 1691 libros
897 1634 957 1691 auis
980 1632 1052 1691 locis
1075 1634 1153 1690 inter
1174 1633 1416 1711 protocanonicos
1439 1634 1590 1689 continere

344 1735 374 1776 et
396 1718 580 1776 Philaretum
604 1719 820 1797 metropolitam
843 1721 876 1777 iu
888 1719 1076 1779 Catechismo
1099 1739 1150 1777 suo
1173 1718 1301 1777 exclusis
1324 1738 1346 1777 s.
1359 1718 1467 1797 cyrilli
1484 1718 1592 1775 Hiero-
1691 1774 1692 1789 χ

344 1805 515 1885 solymitani
550 1817 579 1863 et
602 1826 624 1863 s.
647 1805 807 1864 Athanasii
831 1815 1003 1865 auctoritate
1035 1805 1119 1863 libris
1142 1804 1414 1863 deuterocanonicis
1437 1825 1456 1862 a
1477 1824 1591 1863 canone

344 1891 493 1951 doctrinas
515 1894 741 1971 protestanticas
757 1895 834 1951 inter
857 1894 967 1951 Bassos
982 1912 1168 1971 propagasse.
1191 1890 1305 1950 Eadem
1329 1912 1347 1949 a
1359 1891 1394 1951 V.
1412 1888 1591 1971 Straclr⁴)

343 1991 373 2037 et
387 1979 517 2059 Cornely
532 1981 646 2057 accepit
658 1979 696 2038 A.
712 1979 834 2059 Loisy
844 1978 879 2055 5).
903 1981 954 2039 lir.
966 1980 1069 2039 Herm.
1084 1979 1206 2039 Zscho
1217 1978 1291 2037 lake
1303 1973 1327 2053 8)
1351 1981 1382 2037 iu
1398 1977 1590 2037 adnotatione

344 2065 471 2145 quadam
494 2068 623 2123 eximiae
646 2066 778 2143 alioquin
801 2068 953 2125 Historiae
969 2068 1006 2125 Α.
1021 2067 1058 2126 Τ.
1073 2066 1240 2125 exclamat:
1268 2065 1344 2139 „Pro
1362 2064 1464 2123 dolor!
1488 2066 1590 2123 Etiam

342 2154 504 2211 Russorum
518 2152 648 2227 theologi
661 2156 838 2211 recentiores
853 2152 951 2232 quoad
963 2153 1092 2211 valorem
1107 2152 1247 2212 librorum
1259 2152 1590 2211 deuterocauonicorum

343 2241 587 2297 sententiam
629 2240 949 2299 Protestantium
991 2250 1161 2299 tuentur.
1204 2238 1314 2297 Confer
1355 2239 1486 2297 Macaire
1535 2239 1581 2297 lut

342 2346 370 2403 p.
393 2327 465 2389 493,
489 2326 538 2382 W.
561 2326 598 2383 l).
621 2326 764 2392 Philaret.
787 2328 1036 2405 Archicpiscopus
1059 2327 1273 2386 Moseoviensis
1289 2326 1318 2401 (†
1337 2324 1431 2398 1867)
1455 2328 1589 2403 primus

341 2410 474 2471 docebat.
497 2411 603 2471 Libros
626 2412 906 2473 deuterocanonicos
937 2435 995 2473 non
1026 2434 1090 2473 csse
1123 2416 1290 2491 inspiratos,
1323 2412 1375 2471 sed
1406 2412 1590 2471 solummodo

342 2508 493 2576 tamquam
517 2498 554 2556 ab
578 2502 656 2559 omni
680 2521 777 2558 errore
800 2501 869 2559 fidei
901 2511 931 2559 et
952 2520 1064 2559 morum
1095 2502 1241 2559 immunes
1264 2498 1301 2558 ab
1324 2499 1461 2559 Ecclesia
1490 2498 1590 2558 decla-

342 2590 449 2645 rat0s“.
479 2585 604 2663 Copioae
628 2598 657 2645 et
680 2591 759 2646 omni
784 2608 849 2647 cnm
873 2587 1029 2665 diligentia
1051 2587 1241 2666 perscribitur
1275 2587 1398 2645 historia
1431 2596 1461 2645 ot
1494 2598 1588 2645 status

340 2675 463 2731 canonis
486 2672 570 2733 il't'.
594 2673 671 2752 apud
695 2674 805 2733 llussos
825 2694 918 2753 usqua
942 2674 979 2732 ad
1002 2686 1135 2753 tempora
1156 2674 1303 2733 Philareti
1326 2672 1589 2751 (quassaquuntur
1690 2690 1691 2693 ’

341 2762 438 2817 minus
461 2761 610 2837 pertinent
633 2760 670 2819 ad
695 2761 848 2819 historiam
872 2761 1005 2838 canonis)
1028 2764 1060 2819 in
1083 2782 1178 2841 opere,
1202 2759 1280 2838 quod
1303 2761 1411 2819 attinet
1433 2760 1587 2819 historiam

340 2848 463 2904 canonis
496 2845 533 2903 i'.
556 2847 592 2907 T.
626 2848 658 2905 iu
680 2850 772 2906 variis
795 2849 937 2919 ecclesiis,
965 2848 1164 2917 celeberrimo,
1193 2847 1271 2925 quod
1294 2849 1411 2926 scripsit
1433 2849 1588 2925 episcopus

340 2928 551 3008 italicum
587 2932 722 2993 sednon
749 2955 817 2993 usus
842 2934 971 2994 fontibus
995 2937 1115 2994 russicis
1138 2969 1178 2979 -
1202 2933 1413 2993 recentioribus
1450 2932 1587 2991 omnibus

340 3020 456 3077 omissis
474 3054 512 3061 —
529 3031 621 3078 totam
637 3020 810 3088 doctrinam.
834 3024 990 3100 praecipue
1004 3034 1189 3099 praesentem
1212 3021 1414 3099 theologorum
1426 3022 1586 3079 Russoruur
1689 3016 1690 3087 .

339 3106 443 3163 afferre
478 3128 537 3165 non
571 3110 673 3186 potnit.
718 3108 875 3185 Sapienter
908 3108 1010 3167 scribit
1037 3108 1089 3167 Dr.
1111 3109 1175 3170 Jar.
1200 3107 1396 3167 Sedlacek
1410 3102 1435 3184 ⁸)
1469 3111 1501 3165 in
1535 3127 1587 3167 sua

243 3230 249 3240 ι
338 3192 578 3253 Introductione:
616 3194 771 3267 „Ecclesia
792 3197 905 3254 russica
935 3198 966 3254 in
997 3196 1122 3254 concilio
1145 3196 1419 3274 Hierosolymitano
1441 3215 1467 3253 a
1493 3196 1586 3252 1679.

339 3300 406 3338 cum
430 3281 554 3339 Graecis
577 3280 705 3339 faciebat
716 3291 745 3339 et
758 3280 937 3341 Graecorum
961 3284 1067 3341 canoni
1079 3280 1290 3341 consentiebat.
1314 3280 1485 3359 Aliquando
1502 3280 1586 3339 addit

337 3376 435 3426 autem
469 3368 621 3426 Psalmum
662 3371 731 3440 151,
762 3370 936 3429 Orationem
966 3370 1113 3429 Manassis
1147 3368 1184 3427 ad
1218 3369 1307 3427 finem
1337 3368 1587 3446 Paralipomenon

337 3468 366 3511 et
390 3465 526 3533 quartum
557 3454 665 3513 librum
688 3453 804 3514 Esdrae
826 3455 864 3513 ad
888 3456 977 3515 finem
1008 3457 1044 3513 l'.
1080 3456 1116 3515 T.
1150 3457 1186 3515 ln
1221 3455 1371 3515 nonnullis
1405 3454 1585 3514 editionibus
1688 3488 1689 3499 .

398 3694 420 3759 ¹)
439 3692 513 3815 Aug.
532 3692 674 3759 Dendero,
701 3693 897 3749 Institutiones
916 3691 1037 3749 biblicae
1056 3695 1093 3751 ad
1112 3698 1233 3750 mentem
1251 3693 1355 3749 Leonis
1379 3692 1457 3747 XlIl.
1475 3693 1502 3746 iu
1532 3692 1584 3747 liu·

440 3776 493 3830 cyc
503 3761 549 3816 ica
577 3762 861 3830 „Providentiasimus
880 3762 972 3819 Deus“
992 3766 1074 3819 tirou.
1093 3762 1352 3820 accommodasset
1372 3762 1488 3818 Genuaa
1507 3763 1584 3819 1895.

398 3898 421 3962 2)
440 3832 697 3972 liuldhorneiy,
716 3900 858 3956 Historica
876 3906 906 3955 et
923 3901 1021 3956 critica
1038 3901 1212 3957 Introductis
1231 3902 1259 3955 iu
1279 3900 1311 3957 U.
1324 3901 1356 3957 T.
1375 3900 1463 3957 libros
1481 3916 1582 3956 sacros.

440 3967 509 4023 Pars
527 3969 548 4023 Ι.
566 3969 741 4025 introductio
758 3971 909 4040 generalis.
928 3971 1042 4027 Parisiis
1062 3970 1136 4027 1888.
1156 3988 1182 4040 p.
1202 3972 1349 4027 119-191,

398 4036 420 4103 ³)
438 4038 589 4163 ξίτόἓεοὴόἷ
591 4039 684 4094 Julius
701 4039 830 4108 Kimmel,
849 4040 1031 4096 Monumauta
1048 4038 1114 4095 fidei
1134 4041 1279 4097 Ecclesiae
1297 4039 1449 4097 orientalis
1483 4040 1580 4095 Jenaa

398 4178 420 4241 ⁴)
439 4176 527 4231 Artic.
546 4184 647 4233 Kanou
665 4178 693 4233 in
712 4178 1136 4305 Herzog’liealEncpclopedie.
1154 4180 1215 4235 ted.
1236 4178 1298 4236 Vll.
1319 4196 1346 4248 p.
1366 4178 1426 4233 446.

396 4247 420 4315 ὓ)
438 4247 473 4302 Α.
504 4246 599 4371 Loisp,
630 4247 755 4302 Histoire
777 4247 816 4303 du
847 4248 945 4305 Canon
992 4265 1008 4305 a
1053 4250 1168 4305 ’Aucien
1192 4250 1365 4305 Testament.
1400 4247 1481 4304 Paris
1508 4248 1579 4304 1890,

397 4383 408 4419 ⁸
438 4317 570 4440 fil-ffl-
589 4319 632 4371 45.

480 4428 486 4437 .
506 4386 682 4442 Hermaunus
699 4386 858 4453 Zschokke,
877 4386 1002 4443 Historia
1020 4386 1108 4443 Sacra
1120 4378 1237 4456 Antiqui
1249 4386 1425 4444 Testamenti
1436 4388 1454 4441 ⁵.
1477 4386 1579 4443 Virdo
1685 4442 1686 4475 .

437 4454 530 4511 bonae
549 4456 624 4511 teca
643 4474 670 4526 p.
689 4456 750 4511 386.

397 4524 421 4591 ⁷)
440 4525 549 4581 Tobiae
566 4524 679 4592 llullau,
709 4525 771 4581 The
791 4527 889 4582 Canon
907 4524 941 4581 os
955 4526 1003 4582 the
1022 4524 1076 4581 Old
1099 4524 1271 4581 Testament.
1296 4524 1363 4579 Nea
1387 4525 1477 4581 York.
1506 4526 1577 4583 1899.
1685 4534 1686 4551 1

440 4593 565 4665 chapter
581 4593 786 4651 xia-xvir.
826 4636 832 4647 .
851 4595 998 4651 ree-261.

395 4662 417 4728 ⁸)
436 4663 483 4718 nr.
502 4610 824 4731 aar.smraeea.1iv0d

829 4663 868 4720 do
877 4663 946 4719 lmih
957 4663 1076 4720 Stareho
1086 4664 1209 4720 Zailroua.
1222 4663 1314 4719 Praba
1327 4664 1396 4719 1904
1403 4664 1488 4720 0883
1498 4680 1523 4733 p.
1536 4665 1574 4720 40.
1684 4742 1685 4751 ἦ
