3450 5342
784 300 954 358 ...40-

245 497 325 538 rum
354 483 630 538 orthodoxum
660 483 719 550 (No
752 485 795 546 14)
815 482 1053 552 querimoniam,
1078 481 1197 536 olerum
1218 478 1510 558 Russiaeuabsque

243 553 328 608 omni
347 551 452 607 studio
479 557 509 608 et
534 567 642 607 amore
670 551 810 608 muneris
836 552 885 607 sui
910 551 1015 607 oiiicia
1041 565 1098 606 sna
1122 549 1254 619 implere
1277 547 1509 617 respicientes.

244 622 392 677 maiorem
409 622 482 677 cleri
497 621 536 676 ad
551 621 701 702 populum
718 626 749 676 et
762 621 845 676 inter
859 637 893 676 se
910 619 1246 691 appropinquationem
1267 617 1453 673 consulunt
1474 646 1505 655 -

243 690 513 759 Necrologus
553 705 585 745 m
625 689 824 760 Onisiphum,
865 690 1135 760 archiepiscopum
1180 685 1505 768 (laterinoela-

243 761 443 816 rionsem.
494 761 629 828 (to-17).
670 791 696 800 -
730 758 1088 884 Contemfioralis
1137 756 1505 836 catholicremus.

240 828 420 886 Praesentis
440 828 646 898 separationis
664 829 810 886 ecclesiae
829 845 847 884 a
866 830 913 885 Ga
936 828 983 885 iae
1002 827 1162 899 republica
1180 841 1306 882 cansam
1326 829 1442 880 auctor
1463 840 1503 878 in

240 899 320 955 ialsa
334 899 401 954 basi
413 897 544 968 quaerit,
559 913 621 979 qua
634 898 760 954 eeclesia
774 898 932 966 catholica,
951 905 1119 968 postquam
1134 912 1168 952 se
1182 897 1222 951 ab
1237 895 1365 950 ecclesia
1383 895 1506 949 ertho-

242 967 325 1023 doxa
344 967 488 1034 seiunxit,
517 968 634 1028 nititur.
662 969 776 1024 Rerum
813 967 1033 1038 temporalium
1060 983 1096 1022 ac
1122 965 1285 1036 potestatis
1305 979 1420 1018 sensns
1443 979 1507 1018 ex·

242 1037 391 1102 clusivuS,
409 1053 508 1109 qnos
533 1037 668 1092 iritualia
697 1039 778 1093 bona
797 1038 1010 1093 circumventa
1036 1042 1117 1104 sunt,
1145 1033 1308 1101 Evangelii
1328 1033 1412 1088 notio
1436 1048 1506 1103 per·

244 1107 486 1190 Evangeliorum
507 1055 646 1162 Xectionis
666 1109 795 1162 vetitum
812 1107 1004 1162 infidelibus
1023 1120 1205 1176 suppressa,
1235 1105 1351 1159 Romae
1370 1102 1503 1157 iniusta

241 1176 380 1244 elevatio,
399 1177 537 1246 aliaeque
556 1176 729 1232 calumniae
747 1183 982 1232 enumerantur.
1002 1176 1119 1231 Romae
1133 1174 1222 1230 verbi
1235 1173 1338 1243 gratia
1356 1173 1504 1243 quilibet

241 1246 321 1301 scire
339 1245 459 1310 dicitur,
479 1261 542 1327 quo
562 1246 662 1316 pretio
681 1252 879 1316 peccatorum
898 1245 1055 1301 absolutio
1073 1248 1197 1300 ematur
1211 1249 1266 1298 etc.
1286 1242 1365 1298 Cum
1385 1241 1504 1296 erudi·

241 1317 325 1371 tione
353 1316 573 1386 progrediente
598 1315 708 1372 fideles
739 1317 818 1371 hanc
842 1316 1040 1385 desperatam
1069 1313 1159 1370 basin
1190 1317 1221 1367 et
1252 1311 1363 1367 falsam
1393 1311 1505 1366 direc-

241 1386 356 1440 tionem
392 1385 590 1454 perspiciant,
628 1384 757 1440 eeclesia
790 1384 908 1440 sensim
940 1399 1064 1440 omnem
1099 1383 1252 1438 influxum
1285 1381 1317 1435 iu
1348 1380 1503 1436 fidelium

241 1455 363 1512 animas
386 1453 507 1510 arnittit.
528 1454 612 1510 Haec
632 1455 711 1510 iacta
732 1454 876 1510 meliores
905 1455 1048 1509 homines
1066 1454 1106 1508 ad
1128 1451 1267 1507 remedia
1285 1449 1503 1509 deliberanda

241 1523 382 1580 excitant.
412 1523 555 1578 llleliores
584 1524 641 1578 hae
667 1540 760 1579 voces
788 1524 927 1579 emedio
955 1521 1277 1578 veterocatholicismo
1307 1520 1500 1585 audiuntur,

241 1593 359 1663 quibus
373 1593 482 1648 reunio
507 1608 576 1649 cum
602 1593 730 1649 ecclesia
749 1593 925 1648 orthodoxa
948 1593 1194 1648 commendatur.
1216 1591 1381 1646 Auctorem
1407 1589 1502 1644 diffr-

241 1662 341 1718 cultas
355 1662 545 1718 executionis
559 1663 688 1718 huiusce
699 1662 744 1717 rei
758 1679 820 1718 non
831 1663 913 1729 latet,
927 1677 998 1718 curn
1010 1669 1141 1730 utraque
1155 1659 1283 1715 eeclesia
1298 1675 1355 1729 per
1366 1659 1501 1714 saecula

243 1733 309 1788 suis
345 1731 404 1786 viis
436 1731 643 1802 progrediens
675 1748 767 1788 suum
803 1732 967 1802 specialem
999 1733 1209 1786 characterem
1244 1728 1400 1792 imbuerit,
1432 1727 1501 1783 sed

238 1802 383 1860 secundo
397 1819 413 1855 n
431 1803 598 1856 anctoriso
623 1802 758 1858 inionem
773 1802 852 1857 hanc
870 1802 992 1857 obrem
1012 1801 1092 1855 dicta
1113 1800 1187 1854 unio
1203 1798 1409 1868 impossibilis
1423 1812 1496 1852 non

242 1871 377 1926 videtur.
397 1871 497 1928 Media
516 1818 668 1942 quaegam
684 1871 878 1926 indicantur:
900 1870 1107 1940 Evangelium
1127 1869 1275 1924 omnibus
1295 1873 1407 1937 pateat,
1427 1869 1498 1936 pri·

243 1946 346 1996 matus
366 1956 525 2004 romanus,
545 1939 599 2010 qui
627 1940 659 1995 in
687 1940 856 1996 certamine
887 1956 957 1996 cnm
988 1944 1142 2007 potestate
1171 1938 1321 1994 saeculari
1350 1952 1495 2006 prorsus

240 2010 413 2075 succubuit,
443 2011 661 2080 supprimatur
689 2015 744 2065 ete.
769 2009 936 2064 Professor
964 2009 1105 2064 Micheau
1125 2008 1157 2063 in
1170 2007 1344 2132 lperiodicis
1372 2006 1493 2061 litteris

241 2079 348 2136 Revue
362 2079 598 2134 internetionale
613 2078 819 2150 theologique,
838 2079 1067 2134 danvier-Mars
1079 2080 1154 2142 1905,
1196 2092 1278 2144 erne,
1291 2078 1403 2131 seriem
1415 2076 1497 2156 arti·

240 2149 381 2206 culorum
413 2149 484 2203 huic
514 2147 689 2218 quaestioni
731 2149 900 2204 solvendae
930 2147 1095 2205 dedicavit.
1139 2146 1302 2204 conamini
1338 2147 1493 2200 ecclesiae

237 2219 428 2274 orthodoxae
439 2217 544 2273 omnia
556 2217 635 2273 mala
649 2233 665 2272 e
681 2219 864 2273 »schismate
883 2217 1079 2273 occidentali«
1101 2215 1284 2282 deducendi,
1303 2216 1364 2270 iam
1379 2215 1497 2270 adsue·

240 2289 353 2343 vimus.
385 2287 494 2342 Totius
525 2286 646 2342 articuli
680 2293 770 2342 tenor
800 2286 925 2342 nonnisi
953 2293 1177 2357 argumentum
1213 2287 1351 2355 praebet,
1389 2301 1492 2354 quam

239 2363 359 2412 remota
378 2361 407 2412 et
428 2357 594 2412 immatura
613 2355 716 2412 fausta
735 2357 863 2413 inlausti
885 2357 1063 2412 schismatis
1083 2355 1197 2412 solutio
1215 2361 1433 2481 apssaregt.P-l

1287 2441 1309 2479 r.
1356 2469 1363 2481 .
1408 2440 1459 2480 er.

321 2599 384 2665 Ἀ.
409 2598 446 2664 L.
469 2597 628 2683 Bajlroo,
666 2601 918 2685 conponendas
949 2620 1260 2686 nemaynapoanea
1294 2620 1498 2685 npaaocuo·

238 2693 413 2755 coouocrs
451 2706 610 2754 uaucraa
643 2708 689 2753 aa
713 2705 819 2754 onaan
854 2707 899 2754 oa
922 2691 1099 2771 yuenlena
1133 2693 1496 2772 onemaynapoanoi

240 2780 486 2841 enocoonocrn
530 2781 685 2855 ancone.
720 2773 766 2842 ta
789 2774 943 2859 aapaoiit
976 2774 1236 2844 internetionale
1267 2774 1414 2842 actualia
1449 2775 1493 2842 do

238 2858 448 2947 Satri-Sliqe
465 2862 500 2928 at
517 2859 568 2928 lea
591 2875 777 2945 personnae
800 2860 841 2927 du
873 2861 962 2930 droit
985 2863 1046 2929 dea
1077 2877 1169 2945 qens.
1193 2863 1365 2942 Peterburg.
1406 2866 1491 2923 1904

240 2971 265 3030 p.
300 2949 427 3008 XXXV
452 2964 483 3030 -t-
507 2953 579 3008 461.
601 2951 758 3009 'I'ractatus
781 2951 1129 3028 historico-dogmaticus.

343 3055 453 3113 Doctus
486 3066 586 3113 auctor
619 3057 723 3133 operis,
757 3055 836 3134 quod
866 3077 970 3113 revera
1007 3057 1138 3114 omnium
1169 3055 1395 3114 admirationem
1427 3076 1491 3113 mo-

237 3161 307 3199 rere
343 3151 447 3220 potest,
489 3141 611 3200 verbum
647 3141 720 3200 illud
750 3141 878 3200 Reddite
915 3162 990 3220 quac
1021 3151 1090 3200 sunt
1135 3142 1271 3201 Caesaris
1303 3143 1433 3213 Caesari,
1456 3152 1489 3200 et

237 3247 313 3307 qnae
347 3237 414 3287 sunt
448 3228 506 3287 Dei
540 3229 605 3288 Deo
639 3229 744 3306 (Math.
769 3231 808 3286 22
834 3231 892 3303 213
924 3230 1015 3288 Marc.
1041 3231 1089 3299 12,
1116 3232 1172 3301 173
1208 3229 1278 3287 Luc.
1303 3232 1352 3300 ⁶20,
1378 3230 1430 3304 25)
1454 3231 1489 3288 in

237 3316 333 3374 fronte
356 3314 424 3375 libri
447 3318 605 3394 inscripsit.
628 3317 665 3374 In
687 3317 818 3394 proemio
839 3315 948 3374 dicitur
962 3319 1040 3374 inter
1062 3317 1138 3375 alia:
1170 3317 1328 3374 Destructa
1359 3327 1490 3394 potestas

236 3402 352 3481 papalis
383 3424 408 3461 a.
442 3405 524 3462 1870
557 3438 596 3445 -
628 3413 730 3460 contra
763 3403 921 3461 multorum
965 3405 1201 3481 expectationem
1235 3437 1273 3445 —
1306 3413 1488 3461 momentum

236 3489 474 3548 Internationalis
508 3491 690 3548 auctoritatis
713 3510 735 3548 s.
758 3487 837 3548 sedis
860 3510 921 3548 non
943 3490 1100 3548 imminuit.
1126 3490 1211 3568 Papa
1233 3491 1342 3548 mansit
1366 3510 1493 3567 persona

236 3577 490 3650 intemationalis3
515 3597 603 3654 quam
626 3577 831 3634 auctoritatem
853 3578 983 3635 maxime
999 3576 1061 3635 Leo
1076 3576 1166 3634 XIII.
1182 3579 1310 3635 restitnit
1325 3575 1490 3636 rationibus

237 3661 445 3733 nationalibus,
476 3683 551 3740 quae
581 3672 763 3721 momentum
786 3671 815 3720 et
838 3664 900 3720 rim
931 3664 1224 3740 religiose-moralem
1247 3684 1269 3721 s.
1293 3661 1372 3722 sedis
1395 3662 1489 3721 demi-

236 3759 369 3818 nuerent,
407 3751 552 3827 sepositis.
585 3749 644 3807 Per
677 3769 743 3808 eum
793 3751 1031 3809 internetionalia
1065 3752 1224 3809 auctoritas
1259 3770 1353 3828 papae
1390 3749 1487 3809 adhuc

239 3847 370 3913 augetur.

342 3939 401 3998 Sed
424 3939 568 4018 quomodo
601 3940 744 4019 explicari
781 3949 885 4018 potest,
923 3951 1056 3998 sanctam
1079 3939 1179 3998 sedam
1202 3941 1245 3997 uti
1264 3940 1377 3998 iuribus
1393 3943 1485 3998 iuter-

236 4026 397 4085 nationalis
436 4047 578 4105 personae
611 4047 697 4097 nune,
731 4047 797 4086 cum
828 4037 908 4085 caret
942 4029 1065 4105 imperio
1108 4025 1272 4084 saeculari?
1318 4027 1486 4086 &cundum

235 4116 380 4172 rationem
404 4115 475 4171 iuris
498 4117 630 4191 gentium
658 4134 735 4193 papa
759 4114 836 4171 hanc
868 4116 1071 4172 auctoritatem
1095 4134 1155 4172 non
1178 4112 1285 4186 habet,
1309 4113 1362 4171 sed
1384 4135 1489 4174 revera

235 4220 302 4259 eam
325 4199 423 4260 habet.
446 4200 617 4278 Explicatio
647 4201 790 4260 historica
820 4221 880 4258 non
910 4201 1027 4258 sufficit.
1057 4199 1181 4258 Videtur
1203 4201 1300 4278 potius
1324 4199 1400 4259 falsa
1422 4223 1487 4260 osso

234 4289 309 4345 ratio
346 4289 418 4345 iuris
455 4290 595 4364 gentium,
626 4308 684 4365 qua
717 4307 861 4367 personae
901 4289 1025 4366 imperio
1066 4290 1179 4346 carenti
1222 4286 1295 4345 hacc
1329 4291 1489 4348 auctoritas

236 4371 407 4450 denegatur.

340 4477 574 4538 internationale
605 4488 784 4538 mornentum
809 4499 832 4538 s.
855 4477 935 4537 sedis
966 4479 1132 4557 explicatur
1158 4483 1184 4537 l.
1208 4489 1289 4538 recta
1315 4480 1491 4540 definitione

235 4565 307 4622 iuria
330 4568 479 4642 gentium,
504 4568 531 4624 2.
555 4567 696 4625 historica
717 4566 886 4624 evolutione
909 4574 1034 4644 papatus
1056 4575 1086 4623 et
1108 4565 1265 4625 eventibus
1288 4569 1359 4626 anni
1386 4571 1490 4644 18703
