3450 5342
663 348 701 356 —
727 315 788 371 349
815 349 852 356 —

110 521 171 558 ex
204 501 251 558 his
281 502 393 560 ultimis
424 499 523 558 verbis
553 523 575 558 s.
605 503 790 578 Augustinus
820 506 940 561 omnino
972 503 1089 561 videtur
1119 525 1177 561 uon
1209 503 1244 561 dc
1277 503 1380 562 habitu

111 590 267 646 caritatis
297 588 377 665 loqui
408 587 458 646 sed
483 587 520 646 de
545 588 658 647 actibus
681 590 802 667 (amoris
825 611 896 667 erga
923 591 1022 648 Deum
1046 601 1075 646 et
1106 591 1297 668 proximum);
1326 611 1380 649 uec

112 695 204 733 sane
228 674 265 732 de
288 674 558 752 praedestinatione
581 676 718 754 loquitur,
741 677 792 734 sed
816 677 853 735 de
877 687 954 735 statu
976 679 1090 752 gratiae
1121 677 1307 754 acquirendo.
1333 678 1379 736 uf.

111 762 245 818 Contra
273 762 411 822 Crescon.
438 762 457 818 l.
481 766 508 829 2,
532 783 560 823 n.
594 766 645 823 15:
677 764 770 832 aserai.
801 767 851 821 35.
878 797 915 806 -
940 755 994 821 Ex'
1024 764 1057 821 lo
1091 764 1378 842 Chrysostomo

112 848 169 908 ct'.
193 848 272 906 locos
295 848 400 906 allatos
422 849 498 908 thes.
530 851 557 919 2,
581 871 608 927 p.
631 851 671 920 ll,
701 849 769 909 dub.
793 853 825 920 2;
854 853 890 908 ct'.
915 851 1002 912 Hom.
1033 853 1051 907 -i
1078 853 1108 908 iu
1135 855 1149 907 l
1174 851 1264 908 'l'hes
1295 873 1322 909 n.
1347 854 1378 924 43

113 935 221 993 Hom.
247 938 263 992 7
288 938 354 993 ina
378 935 448 993 Tim
471 957 499 993 u.
524 938 551 996 3.
577 969 615 980 -
640 931 879 1009 Ambrosius,
896 939 933 996 lu
956 938 999 995 Lc
1021 938 1040 994 l.
1060 941 1114 1016 Ι10,
1134 957 1160 994 n.
1185 940 1238 996 llll:
1260 939 1317 1009 ,Et
1341 951 1379 1010 tu,

114 1025 149 1078 si
180 1023 300 1080 veniam
331 1024 377 1080 vis
408 1025 522 1094 mereri,
546 1023 626 1082 dilue
654 1024 783 1082 lacrimis
814 1024 929 1101 eulpam
962 1035 1053 1082 tuum:
1088 1023 1190 1082 eodem
1221 1035 1378 1095 momento,

113 1109 236 1168 eodem
265 1119 396 1187 tempore
426 1111 545 1186 respicit
576 1120 604 1167 te
639 1111 800 1170 Christus*
836 1140 876 1154 --
901 1111 1149 1188 Fulgentius,
1186 1112 1230 1168 lle
1266 1113 1378 1170 remiss.

115 1206 243 1272 peceat.
271 1197 289 1254 l.
317 1200 342 1265 1,
372 1216 396 1254 c.
422 1200 474 1254 12:
510 1197 607 1273 ,Quia
637 1200 781 1274 ingemuit
806 1197 907 1254 David
937 1219 975 1256 ex
999 1209 1058 1256 toto
1090 1197 1176 1256 corde
1207 1218 1375 1274 conversus,

115 1285 270 1341 continuo
300 1284 400 1342 salvus
427 1294 472 1341 est
495 1285 597 1352 factus,
629 1294 717 1362 atque
740 1287 782 1341 ita
811 1287 842 1342 in
866 1305 900 1342 eo
931 1285 1107 1361 completum
1138 1295 1189 1356 est,
1213 1283 1290 1362 quod
1322 1305 1375 1362 per

115 1369 304 1447 prophetam
315 1372 504 1448 praecipitur:
522 1373 562 1427 'ui
579 1391 737 1429 conversus
749 1371 838 1429 fueris
854 1387 884 1429 et
897 1374 1083 1448 ingemueris,
1104 1371 1203 1430 salvus
1216 1373 1309 1430 erist
1333 1406 1375 1413 —

116 1457 150 1512 P
162 1465 274 1516 etrus
290 1458 575 1535 -Uhrysologus,
598 1460 690 1515 Serm.
707 1459 761 1516 94:
781 1457 977 1530 ,Plecteudus
1001 1457 1124 1528 debitor,
1140 1461 1191 1537 qui
1214 1458 1374 1516 dilectione

117 1543 194 1601 sola
216 1564 298 1602 suani
321 1544 447 1620 negligit
470 1544 614 1602 redimere
631 1547 798 1603 cautionem
821 1591 827 1602 .
852 1591 857 1601 ,
882 1591 887 1602 .
913 1544 1112 1603 Absolvivis‘?
1136 1547 1222 1606 Arna.
1247 1547 1372 1603 'Caritas

117 1635 259 1708 cooperit
281 1630 501 1689 multitudinem
528 1637 731 1708 peccatorum.‘
753 1633 930 1707 Negationis
961 1634 1083 1691 crimine
1112 1631 1183 1709 quid
1206 1635 1289 1710 peius
1312 1631 1372 1690 est?

117 1718 167 1774 Et
200 1728 300 1775 tamen
330 1719 436 1776 Petrus
466 1738 565 1776 amore
595 1718 657 1777 solo
686 1719 781 1776 valuit
811 1718 866 1776 hoc
898 1718 1022 1776 delere.³
1060 1753 1100 1760 -—
1131 1721 1375 1778 Anastasius

119 1807 145 1859 S
157 1807 167 1860 i
178 1825 216 1876 u.,
240 1807 337 1864 Ouia
355 1806 403 1862 Ps.
421 1806 456 1863 ti:
485 1803 633 1884 ,Μεγάλη
658 1806 760 1866 τοίνυν
774 1810 838 1864 τῶν
855 1805 935 1866 κατὰ
959 1803 1039 1866 Θεὸν
1064 1804 1213 1883 canpto»
1238 1805 1255 1884 ἡ
1272 1805 1369 1885 ἰσχύς,

116 1891 247 1971 μεγάλη
272 1891 376 1951 αὐτῶν
400 1893 417 1971 r}
442 1892 604 1970 ἐνέργεια.έ
640 1925 680 1934 -
713 1893 837 1969 Dionys.
869 1892 929 1949 Bar
960 1891 1054 1950 Salibi
1083 1889 1113 1972 (†
1140 1892 1243 1968 1171),
1267 1893 1303 1952 Iu
1327 1893 1372 1952 Mt

119 1980 154 2044 a,
184 1982 199 2034 1
225 1977 325 2056 (Corp.
348 1980 445 2056 script.
469 1979 571 2038 christ.
593 1981 696 2040 orient.
720 2000 747 2057 p.
764 1975 839 2058 tm:
868 1979 961 2050 ,Cum
986 1999 1043 2036 nou
1068 1982 1189 2056 possint,
1214 1980 1263 2060 qui
1279 1979 1372 2042 semel

119 2063 270 2141 baptizati
294 2078 370 2135 sunt,
402 2065 498 2123 denuo
521 2065 674 2143 baptizari,
697 2064 780 2124 dedit
805 2066 885 2123 lleus
908 2066 1054 2137 lacrimas,
1087 2077 1116 2123 ut
1140 2068 1163 2124 si
1189 2069 1254 2143 quis
1278 2066 1373 2144 ploret

120 2162 279 2228 peccatum
302 2173 394 2224 suurn,
418 2154 544 2230 accipiat
566 2155 769 2210 remissionem
793 2161 823 2210 et
845 2155 1016 2210 restituatur
1038 2155 1064 2210 ei
1089 2152 1199 2210 donum
1222 2152 1371 2230 baptismi,

121 2237 206 2315 quod
229 2241 316 2316 periit
339 2239 418 2316 apud
440 2259 522 2305 eum;
546 2238 792 2316 quemadmodum
817 2238 983 2316 baptizatus
1011 2249 1054 2298 est
1079 2239 1210 2296 llavid
1233 2240 1371 2304 lacrimis,

120 2334 282 2403 postquam
305 2330 439 2405 peccavit
461 2336 490 2383 et
513 2326 684 2385 moechatus
707 2329 777 2384 est.“
817 2328 863 2384 Of.
895 2327 1086 2384 Maximus
1114 2327 1208 2392 Tur„
1241 2326 1327 2384 Horu.
1353 2329 1370 2384 5

121 2411 162 2469 dc
187 2415 296 2489 poenit.
319 2413 420 2486 Petri,
445 2413 641 2484 Hilarius,
666 2415 702 2471 ln
724 2414 773 2471 Pa.
798 2415 835 2470 51
863 2423 918 2472 etc.

230 2499 315 2558 Haec
338 2510 453 2577 patrum
477 2502 626 2578 persuasio
648 2502 723 2558 ratio
746 2500 810 2572 fuit,
833 2520 886 2558 cur
907 2500 944 2556 de
968 2499 1061 2557 salute
1085 2498 1370 2569 catechumenorum,

122 2587 175 2662 qui
211 2585 431 2665 inculpabiliter
464 2589 570 2645 omisso
605 2586 783 2664 baptismate
816 2585 960 2655 obierunt,
1003 2605 1061 2642 non
1096 2585 1287 2662 desperarent
1322 2586 1371 2660 (ef.

122 2672 310 2743 Ambros,
333 2674 381 2731 De
397 2673 478 2731 obitu
495 2673 700 2732 Valentiniani
723 2695 752 2734 n.
771 2677 808 2729 51
828 2680 878 2752 ss.)
902 2684 931 2730 et
954 2691 1004 2729 cur
1028 2674 1291 2730 Innocentius
1317 2672 1373 2732 ΠΙ.

126 2761 367 2819 .incuuctanter·'
404 2763 563 2818 asseruerit
600 2761 755 2834 ,caelestis
788 2762 901 2836 patriae
934 2757 1075 2836 gaudium
1109 2779 1172 2816 esse
1208 2757 1366 2835 adeptum‘

122 2845 307 2904 sacerdotem
330 2847 477 2926 quendam
503 2869 562 2906 uon
585 2848 774 2925 baptizatum,
802 2849 890 2924 ,quia
914 2848 944 2903 iu
961 2855 1079 2902 sauctae
1097 2847 1198 2902 matris
1223 2845 1367 2902 eeclesiae

123 2931 183 2989 fide
207 2942 236 2991 et
260 2933 371 2992 Christi
395 2936 523 2992 nominis
539 2937 724 2993 confessione
738 2935 1000 3012 perseveraverit*
1029 2933 1100 3008 Cap.
1120 2933 1321 3008 apostolicam
1338 2935 1368 2992 ἱ).

228 3021 262 3078 Ρ.
295 3017 339 3079 2⁰.
371 3023 435 3080 Nec
465 3025 575 3100 requiri
605 3024 848 3099 propositum
880 3018 1117 3096 explicitum
1153 3038 1203 3075 seu
1238 3019 1370 3090 l'ormale,

124 3105 177 3162 sed
200 3110 271 3165 satis
295 3129 358 3167 esse
381 3110 557 3186 implicitum
581 3121 609 3166 et
632 3109 758 3166 virtuale
781 3116 893 3166 certum
916 3116 969 3166 est.
999 3107 1075 3163 Nam
1111 3124 1195 3177 ,curn
1225 3108 1369 3163 motivum

124 3190 232 3250 doloris
248 3205 293 3253 est
307 3197 483 3265 universale,
507 3206 632 3254 utamur
647 3197 714 3265 Dei,
733 3197 821 3252 timor
835 3194 954 3264 inferni,
978 3191 1156 3250 desiderium
1168 3189 1369 3262 beatitudiuis,

124 3314 166 3321 --
189 3284 368 3359 propositum
394 3281 582 3360 [universale]
607 3285 638 3340 iu
662 3282 761 3341 dolore
784 3281 951 3339 virtualiter
974 3281 1155 3350 continetur3
1180 3287 1267 3356 atque
1290 3277 1368 3336 istud

125 3366 233 3425 suflicit
262 3368 301 3426 ad
323 3390 425 3426 veram
448 3372 663 3441 contritionem,
696 3371 759 3427 sive
783 3367 943 3447 perlectam
975 3369 1039 3424 sive
1063 3365 1273 3442 imperfectam,
1304 3385 1369 3422 curn

124 3457 277 3530 poenitens
301 3455 479 3514 adfuturum
500 3478 559 3514 nou
575 3455 742 3527 advertens,
766 3477 825 3514 uon
837 3455 919 3512 elicit
932 3456 1111 3532 propositum
1135 3452 1264 3510 formale.
1290 3455 1367 3510 Sane

124 3543 303 3618 propositum
315 3542 438 3602 formale
461 3544 509 3600 vol
526 3545 683 3621 requiritur
706 3544 882 3600 necessitate
906 3539 1005 3609 medii,
1028 3540 1077 3598 vel
1091 3542 1264 3598 necessitate
1288 3559 1370 3616 prae·

126 3630 200 3705 cepti
211 3627 250 3685 ad
262 3630 510 3687 iustificationenr.
534 3632 564 3687 δί
579 3631 755 3687 necessitate
771 3628 836 3686 sola
847 3629 1005 3706 praecepti,
1022 3628 1084 3684 eiua
1097 3624 1229 3684 defectus
1242 3624 1371 3683 obstabit

125 3712 245 3773 idoneae
279 3713 466 3794 dispositioni
496 3718 674 3794 poenitentis
705 3714 743 3774 ad
776 3715 1055 3783 reconciliationem,
1090 3722 1235 3788 quatenus
1266 3723 1367 3789 peccet

125 3803 276 3878 poenitens
299 3824 357 3861 non
380 3803 526 3861 eliciendo
549 3805 747 3881 propositum,
772 3814 802 3860 at
817 3821 883 3860 cum
898 3800 1119 3858 inadvertentia
1134 3807 1178 3856 est
1194 3818 1282 3856 eausa
1305 3800 1367 3857 eius

126 3887 261 3960 defectus,
284 3890 367 3948 nulla
389 3891 476 3968 culpa
498 3902 558 3963 est,
586 3889 703 3962 ideirco,
728 3892 752 3948 si
775 3890 956 3967 propositum
980 3885 1102 3944 tbrrnale
1125 3885 1282 3962 requiritur
1305 3883 1368 3942 sola

126 3978 296 4034 necessitate
317 3981 475 4055 praecepti,
499 3980 601 4056 nequit
620 3980 652 4035 in
668 3977 724 4036 hac
746 3975 906 4056 hypothesi
930 3977 992 4032 eius
1015 3971 1147 4030 defectus
1171 3991 1275 4029 nocere
1299 3991 1367 4048 poe-

126 4064 236 4120 nitenti.
274 4063 306 4121 si
329 4084 399 4122 vero
422 4075 514 4138 uocet,
546 4067 601 4124 etsi
632 4086 692 4123 non
721 4072 864 4142 peccetur,
895 4063 953 4120 ista
984 4061 1111 4130 omissio,
1143 4057 1301 4116 dicendum
1324 4071 1370 4118 est

127 4152 300 4226 propositum
330 4151 453 4210 formale
485 4154 593 4231 requiri
624 4154 713 4209 etiam
745 4151 921 4208 necessitate
951 4146 1050 4204 medii.
1089 4147 1183 4223 Atqui
1213 4144 1243 4202 id
1267 4148 1369 4222 nequit

128 4235 245 4294 admitti.
268 4238 346 4295 Nam
363 4239 440 4316 quod
457 4240 632 4297 necessitate
648 4236 740 4295 medii
756 4235 954 4294 necessarium
971 4241 1015 4292 ost
1031 4232 1148 4303 adultis,
1173 4235 1370 4290 necessarium

128 4333 167 4381 est
187 4325 259 4402 ipsis
282 4327 332 4395 ita,
355 4338 387 4383 ut
410 4346 474 4383 eum
491 4329 523 4382 iu
538 4346 569 4382 re
585 4323 687 4382 haberi
714 4325 824 4400 nequit,
847 4323 920 4380 satis
944 4322 982 4378 sit
1005 4319 1079 4378 illud
1103 4319 1212 4377 habere
1235 4321 1267 4376 iu
1290 4328 1367 4388 voto,

129 4411 150 4466 si
172 4430 214 4469 res
237 4420 290 4481 est,
322 4431 397 4488 quae
420 4411 524 4470 haberi
546 4412 639 4490 possit
662 4413 693 4468 iu
716 4421 794 4468 voto.
832 4410 925 4485 Atqui
949 4409 1046 4484 posita
1076 4406 1296 4463 inadverteutia
1319 4425 1369 4462 seu

128 4495 237 4555 defectu
259 4500 446 4574 cogitationis
469 4499 567 4570 futuri,
591 4509 635 4557 est
652 4518 720 4555 vere
736 4494 919 4573 impossibile
936 4494 1050 4552 homini
1067 4493 1172 4549 elicere
1188 4493 1368 4568 propositum

1348 4577 1358 4606 l

1360 4621 1366 4633 ί

128 4582 240 4642 formale
264 4583 390 4644 cavendi
408 4588 600 4664 inposterum
624 4587 771 4663 peccata.“
799 4582 1001 4642 Palmieri,
1028 4581 1071 4637 lle
1095 4598 1178 4655 poen.
1205 4577 1246 4636 th.
1264 4577 1347 4646 rut

173 4715 230 4757 Slav.
244 4716 289 4762 ltu.
304 4719 367 4761 theol
1197 4695 1231 4747 23
