<?xml version="1.0" encoding="UTF-8"?>
<!DOCTYPE html PUBLIC "-//W3C//DTD XHTML 1.0 Transitional//EN"
    "http://www.w3.org/TR/xhtml1/DTD/xhtml1-transitional.dtd">
<html xmlns="http://www.w3.org/1999/xhtml" xml:lang="en" lang="en">
 <head>
  <title>
</title>
<meta http-equiv="Content-Type" content="text/html;charset=utf-8" />
  <meta name='ocr-system' content='tesseract 3.04.00' />
  <meta name='ocr-capabilities' content='ocr_page ocr_carea ocr_par ocr_line ocrx_word'/>
</head>
<body>
  <div class='ocr_page' id='page_1' title='image "./slavorumlittera00unkngoog_0205.png"; bbox 0 0 3450 5342; ppageno 0'>
   <div class='ocr_carea' id='block_1_1' title="bbox 701 540 896 593">
    <p class='ocr_par' dir='ltr' id='par_1_1' title="bbox 701 540 896 593">
     <span class='ocr_line' id='line_1_1' title="bbox 701 540 896 593; baseline 0 -1"><span class='ocrx_word' id='word_1_1' title='bbox 701 540 896 593; x_wconf 81' lang='lat' dir='ltr'>-1rtl-</span> 
     </span>
    </p>
   </div>
   <div class='ocr_carea' id='block_1_2' title="bbox 164 723 1422 1498">
    <p class='ocr_par' dir='ltr' id='par_1_2' title="bbox 164 723 1422 1047">
     <span class='ocr_line' id='line_1_2' title="bbox 171 723 1422 805; baseline 0.007 -27"><span class='ocrx_word' id='word_1_2' title='bbox 171 742 266 799; x_wconf 90' lang='lat' dir='ltr'>penes</span> <span class='ocrx_word' id='word_1_3' title='bbox 282 723 447 787; x_wconf 88' lang='lat' dir='ltr'>concilium.</span> <span class='ocrx_word' id='word_1_4' title='bbox 471 742 530 782; x_wconf 89' lang='lat' dir='ltr'>non</span> <span class='ocrx_word' id='word_1_5' title='bbox 546 744 637 803; x_wconf 88' lang='lat' dir='ltr'>penes</span> <span class='ocrx_word' id='word_1_6' title='bbox 653 744 760 802; x_wconf 87' lang='lat' dir='ltr'>papam</span> <span class='ocrx_word' id='word_1_7' title='bbox 776 724 953 802; x_wconf 87' lang='lat' dir='ltr'>(Nositelem</span> <span class='ocrx_word' id='word_1_8' title='bbox 977 727 1177 805; x_wconf 88' lang='lat' dir='ltr'>religioznago</span> <span class='ocrx_word' id='word_1_9' title='bbox 1200 728 1422 803; x_wconf 67' lang='lat' dir='ltr'>verbovenstva</span> 
     </span>
     <span class='ocr_line' id='line_1_3' title="bbox 164 808 1422 891; baseline 0.006 -26"><span class='ocrx_word' id='word_1_10' title='bbox 164 809 328 885; x_wconf 87' lang='lat' dir='ltr'>javljaisja</span> <span class='ocrx_word' id='word_1_11' title='bbox 351 808 444 881; x_wconf 85' lang='lat' dir='ltr'>sober,</span> <span class='ocrx_word' id='word_1_12' title='bbox 475 831 494 867; x_wconf 91' lang='lat' dir='ltr'>a</span> <span class='ocrx_word' id='word_1_13' title='bbox 516 831 554 869; x_wconf 90' lang='lat' dir='ltr'>ne</span> <span class='ocrx_word' id='word_1_14' title='bbox 576 830 662 889; x_wconf 81' lang='lat' dir='ltr'>papa</span> <span class='ocrx_word' id='word_1_15' title='bbox 688 812 749 887; x_wconf 76' lang='lat'>21).</span> <span class='ocrx_word' id='word_1_16' title='bbox 780 814 965 871; x_wconf 81' lang='lat' dir='ltr'>Auctoritate</span> <span class='ocrx_word' id='word_1_17' title='bbox 994 812 1116 891; x_wconf 89' lang='lat' dir='ltr'>politica</span> <span class='ocrx_word' id='word_1_18' title='bbox 1143 826 1300 885; x_wconf 79' lang='lat' dir='ltr'>crescente,</span> <span class='ocrx_word' id='word_1_19' title='bbox 1331 816 1422 873; x_wconf 88' lang='lat' dir='ltr'>etiam</span> 
     </span>
     <span class='ocr_line' id='line_1_4' title="bbox 171 895 1422 977; baseline 0.006 -24"><span class='ocrx_word' id='word_1_20' title='bbox 171 895 314 973; x_wconf 82' lang='lat' dir='ltr'>religiose</span> <span class='ocrx_word' id='word_1_21' title='bbox 328 899 488 955; x_wconf 86' lang='lat' dir='ltr'>auctoritas</span> <span class='ocrx_word' id='word_1_22' title='bbox 504 917 598 976; x_wconf 89' lang='lat' dir='ltr'>papae</span> <span class='ocrx_word' id='word_1_23' title='bbox 614 896 772 961; x_wconf 86' lang='lat' dir='ltr'>crescebat.</span> <span class='ocrx_word' id='word_1_24' title='bbox 796 898 917 957; x_wconf 90' lang='lat' dir='ltr'>concilii</span> <span class='ocrx_word' id='word_1_25' title='bbox 936 902 1094 959; x_wconf 74' lang='lat' dir='ltr'>aucteritas</span> <span class='ocrx_word' id='word_1_26' title='bbox 1117 900 1312 959; x_wconf 88' lang='lat' dir='ltr'>minuebatur.</span> <span class='ocrx_word' id='word_1_27' title='bbox 1336 900 1422 977; x_wconf 79' lang='lat' dir='ltr'>Quae</span> 
     </span>
     <span class='ocr_line' id='line_1_5' title="bbox 171 982 974 1047; baseline 0.007 -7"><span class='ocrx_word' id='word_1_28' title='bbox 171 1003 270 1041; x_wconf 90' lang='lat' dir='ltr'>rerum</span> <span class='ocrx_word' id='word_1_29' title='bbox 295 985 418 1041; x_wconf 87' lang='lat' dir='ltr'>mutatio</span> <span class='ocrx_word' id='word_1_30' title='bbox 441 982 572 1044; x_wconf 73' lang='lat' dir='ltr'>libertati</span> <span class='ocrx_word' id='word_1_31' title='bbox 596 985 740 1043; x_wconf 84' lang='lat' dir='ltr'>ecclesiae</span> <span class='ocrx_word' id='word_1_32' title='bbox 763 985 858 1043; x_wconf 88' lang='lat' dir='ltr'>locum</span> <span class='ocrx_word' id='word_1_33' title='bbox 882 984 974 1047; x_wconf 85' lang='lat' dir='ltr'>dedit.</span> 
     </span>
    </p>

    <p class='ocr_par' dir='ltr' id='par_1_3' title="bbox 170 1070 1422 1498">
     <span class='ocr_line' id='line_1_6' title="bbox 280 1070 1422 1151; baseline 0.004 -22"><span class='ocrx_word' id='word_1_34' title='bbox 280 1070 354 1129; x_wconf 89' lang='lat' dir='ltr'>Cum</span> <span class='ocrx_word' id='word_1_35' title='bbox 383 1090 498 1129; x_wconf 89' lang='lat' dir='ltr'>summa</span> <span class='ocrx_word' id='word_1_36' title='bbox 524 1092 621 1129; x_wconf 88' lang='lat' dir='ltr'>reram</span> <span class='ocrx_word' id='word_1_37' title='bbox 644 1072 846 1149; x_wconf 85' lang='lat' dir='ltr'>religiosaram</span> <span class='ocrx_word' id='word_1_38' title='bbox 871 1084 1016 1151; x_wconf 80' lang='lat' dir='ltr'>potestate</span> <span class='ocrx_word' id='word_1_39' title='bbox 1039 1094 1098 1131; x_wconf 90' lang='lat' dir='ltr'>nen</span> <span class='ocrx_word' id='word_1_40' title='bbox 1122 1084 1258 1144; x_wconf 80' lang='lat' dir='ltr'>uteretur,</span> <span class='ocrx_word' id='word_1_41' title='bbox 1290 1095 1312 1132; x_wconf 89' lang='lat' dir='ltr'>s.</span> <span class='ocrx_word' id='word_1_42' title='bbox 1336 1072 1422 1133; x_wconf 86' lang='lat' dir='ltr'>sedes</span> 
     </span>
     <span class='ocr_line' id='line_1_7' title="bbox 170 1155 1421 1240; baseline 0.006 -27"><span class='ocrx_word' id='word_1_43' title='bbox 170 1155 267 1215; x_wconf 89' lang='lat' dir='ltr'>tutela</span> <span class='ocrx_word' id='word_1_44' title='bbox 289 1158 442 1234; x_wconf 88' lang='lat' dir='ltr'>potestatis</span> <span class='ocrx_word' id='word_1_45' title='bbox 466 1159 564 1216; x_wconf 81' lang='lat' dir='ltr'>civilis</span> <span class='ocrx_word' id='word_1_46' title='bbox 586 1157 741 1235; x_wconf 74' lang='lat' dir='ltr'>indigebat</span> <span class='ocrx_word' id='word_1_47' title='bbox 773 1158 814 1239; x_wconf 88' lang='lat' dir='ltr'>(p.</span> <span class='ocrx_word' id='word_1_48' title='bbox 838 1160 988 1239; x_wconf 78' lang='lat'>22-25).</span> <span class='ocrx_word' id='word_1_49' title='bbox 1020 1160 1147 1238; x_wconf 89' lang='lat' dir='ltr'>Imperio</span> <span class='ocrx_word' id='word_1_50' title='bbox 1170 1172 1236 1240; x_wconf 89' lang='lat' dir='ltr'>post</span> <span class='ocrx_word' id='word_1_51' title='bbox 1258 1160 1358 1220; x_wconf 83' lang='lat' dir='ltr'>Caroli</span> <span class='ocrx_word' id='word_1_52' title='bbox 1380 1162 1421 1222; x_wconf 85' lang='lat' dir='ltr'>M.</span> 
     </span>
     <span class='ocr_line' id='line_1_8' title="bbox 172 1242 1420 1327; baseline 0.005 -26"><span class='ocrx_word' id='word_1_53' title='bbox 172 1255 297 1301; x_wconf 87' lang='lat' dir='ltr'>mortem</span> <span class='ocrx_word' id='word_1_54' title='bbox 327 1242 425 1302; x_wconf 81' lang='lat' dir='ltr'>diviso</span> <span class='ocrx_word' id='word_1_55' title='bbox 455 1244 575 1303; x_wconf 85' lang='lat' dir='ltr'>libertas</span> <span class='ocrx_word' id='word_1_56' title='bbox 604 1246 716 1304; x_wconf 81' lang='lat' dir='ltr'>Romae</span> <span class='ocrx_word' id='word_1_57' title='bbox 739 1248 840 1323; x_wconf 88' lang='lat' dir='ltr'>augeri</span> <span class='ocrx_word' id='word_1_58' title='bbox 863 1248 966 1325; x_wconf 83' lang='lat' dir='ltr'>potnit,</span> <span class='ocrx_word' id='word_1_59' title='bbox 997 1244 1057 1315; x_wconf 82' lang='lat' dir='ltr'>sed,</span> <span class='ocrx_word' id='word_1_60' title='bbox 1090 1266 1156 1305; x_wconf 90' lang='lat' dir='ltr'>cum</span> <span class='ocrx_word' id='word_1_61' title='bbox 1180 1268 1257 1327; x_wconf 91' lang='lat' dir='ltr'>papa</span> <span class='ocrx_word' id='word_1_62' title='bbox 1279 1250 1311 1306; x_wconf 92' lang='lat' dir='ltr'>in</span> <span class='ocrx_word' id='word_1_63' title='bbox 1334 1246 1420 1321; x_wconf 83' lang='lat' dir='ltr'>bello,</span> 
     </span>
     <span class='ocr_line' id='line_1_9' title="bbox 170 1328 1419 1413; baseline 0.003 -24"><span class='ocrx_word' id='word_1_64' title='bbox 170 1328 252 1407; x_wconf 87' lang='lat' dir='ltr'>qued</span> <span class='ocrx_word' id='word_1_65' title='bbox 284 1341 402 1408; x_wconf 86' lang='lat' dir='ltr'>propter</span> <span class='ocrx_word' id='word_1_66' title='bbox 432 1334 549 1410; x_wconf 89' lang='lat' dir='ltr'>imperii</span> <span class='ocrx_word' id='word_1_67' title='bbox 579 1336 794 1391; x_wconf 78' lang='lat' dir='ltr'>successionem</span> <span class='ocrx_word' id='word_1_68' title='bbox 826 1332 991 1410; x_wconf 81' lang='lat' dir='ltr'>gerebatur,</span> <span class='ocrx_word' id='word_1_69' title='bbox 1024 1332 1134 1393; x_wconf 90' lang='lat' dir='ltr'>nullius</span> <span class='ocrx_word' id='word_1_70' title='bbox 1157 1336 1249 1413; x_wconf 87' lang='lat' dir='ltr'>partis</span> <span class='ocrx_word' id='word_1_71' title='bbox 1272 1355 1336 1393; x_wconf 89' lang='lat' dir='ltr'>esse</span> <span class='ocrx_word' id='word_1_72' title='bbox 1361 1356 1419 1393; x_wconf 91' lang='lat' dir='ltr'>non</span> 
     </span>
     <span class='ocr_line' id='line_1_10' title="bbox 173 1418 1284 1498; baseline 0.006 -24"><span class='ocrx_word' id='word_1_73' title='bbox 173 1427 282 1494; x_wconf 89' lang='lat' dir='ltr'>posset.</span> <span class='ocrx_word' id='word_1_74' title='bbox 306 1420 510 1477; x_wconf 87' lang='lat' dir='ltr'>auctoritatem</span> <span class='ocrx_word' id='word_1_75' title='bbox 534 1438 617 1477; x_wconf 84' lang='lat' dir='ltr'>suam</span> <span class='ocrx_word' id='word_1_76' title='bbox 640 1421 761 1479; x_wconf 90' lang='lat' dir='ltr'>incertis</span> <span class='ocrx_word' id='word_1_77' title='bbox 783 1418 940 1478; x_wconf 86' lang='lat' dir='ltr'>eventibus</span> <span class='ocrx_word' id='word_1_78' title='bbox 965 1423 1150 1498; x_wconf 86' lang='lat' dir='ltr'>interponere</span> <span class='ocrx_word' id='word_1_79' title='bbox 1173 1419 1284 1481; x_wconf 89' lang='lat' dir='ltr'>debuit.</span> 
     </span>
    </p>
   </div>
   <div class='ocr_carea' id='block_1_3' title="bbox 170 1523 1421 1691">
    <p class='ocr_par' dir='ltr' id='par_1_4' title="bbox 170 1523 1421 1691">
     <span class='ocr_line' id='line_1_11' title="bbox 279 1523 1421 1603; baseline 0.003 -23"><span class='ocrx_word' id='word_1_80' title='bbox 279 1523 381 1580; x_wconf 79' lang='lat' dir='ltr'>Notari</span> <span class='ocrx_word' id='word_1_81' title='bbox 412 1535 508 1601; x_wconf 92' lang='lat' dir='ltr'>potest</span> <span class='ocrx_word' id='word_1_82' title='bbox 538 1526 704 1583; x_wconf 83' lang='lat' dir='ltr'>accuratius</span> <span class='ocrx_word' id='word_1_83' title='bbox 738 1527 871 1603; x_wconf 87' lang='lat' dir='ltr'>inspecta</span> <span class='ocrx_word' id='word_1_84' title='bbox 906 1527 968 1583; x_wconf 90' lang='lat' dir='ltr'>eius</span> <span class='ocrx_word' id='word_1_85' title='bbox 1000 1527 1106 1585; x_wconf 88' lang='lat' dir='ltr'>aetatis</span> <span class='ocrx_word' id='word_1_86' title='bbox 1139 1538 1329 1583; x_wconf 90' lang='lat' dir='ltr'>monumenta</span> <span class='ocrx_word' id='word_1_87' title='bbox 1360 1525 1421 1583; x_wconf 84' lang='lat' dir='ltr'>alia</span> 
     </span>
     <span class='ocr_line' id='line_1_12' title="bbox 170 1608 1216 1691; baseline 0.003 -25"><span class='ocrx_word' id='word_1_88' title='bbox 170 1611 275 1667; x_wconf 84' lang='lat' dir='ltr'>testari</span> <span class='ocrx_word' id='word_1_89' title='bbox 299 1608 336 1666; x_wconf 90' lang='lat' dir='ltr'>de</span> <span class='ocrx_word' id='word_1_90' title='bbox 359 1612 485 1687; x_wconf 88' lang='lat' dir='ltr'>primatu</span> <span class='ocrx_word' id='word_1_91' title='bbox 509 1614 623 1669; x_wconf 88' lang='lat' dir='ltr'>romani</span> <span class='ocrx_word' id='word_1_92' title='bbox 645 1612 793 1689; x_wconf 87' lang='lat' dir='ltr'>pontificis</span> <span class='ocrx_word' id='word_1_93' title='bbox 817 1625 906 1691; x_wconf 84' lang='lat' dir='ltr'>atque</span> <span class='ocrx_word' id='word_1_94' title='bbox 920 1611 1048 1687; x_wconf 79' lang='lat' dir='ltr'>&#39;Bajkov</span> <span class='ocrx_word' id='word_1_95' title='bbox 1071 1614 1216 1690; x_wconf 86' lang='lat' dir='ltr'>opinatur.</span> 
     </span>
    </p>
   </div>
   <div class='ocr_carea' id='block_1_4' title="bbox 166 1712 1420 3444">
    <p class='ocr_par' dir='ltr' id='par_1_5' title="bbox 169 1712 1420 2835">
     <span class='ocr_line' id='line_1_13' title="bbox 279 1712 1420 1795; baseline 0.002 -24"><span class='ocrx_word' id='word_1_96' title='bbox 279 1716 371 1771; x_wconf 76' lang='lat' dir='ltr'>Aetas</span> <span class='ocrx_word' id='word_1_97' title='bbox 402 1712 577 1773; x_wconf 88' lang='lat' dir='ltr'>secunda</span> <span class='ocrx_word' id='word_1_98' title='bbox 600 1716 772 1793; x_wconf 76' lang='lat' dir='ltr'>(Gregorius</span> <span class='ocrx_word' id='word_1_99' title='bbox 796 1716 863 1775; x_wconf 73' lang='lat' dir='ltr'>VII.</span> <span class='ocrx_word' id='word_1_100' title='bbox 890 1751 927 1759; x_wconf 84' lang='lat'><strong>—</strong></span> <span class='ocrx_word' id='word_1_101' title='bbox 953 1712 1085 1795; x_wconf 78' lang='lat' dir='ltr'>Arenio)</span> <span class='ocrx_word' id='word_1_102' title='bbox 1108 1736 1134 1793; x_wconf 93' lang='lat' dir='ltr'>p.</span> <span class='ocrx_word' id='word_1_103' title='bbox 1164 1718 1300 1775; x_wconf 77' lang='lat'>27-·-86.</span> <span class='ocrx_word' id='word_1_104' title='bbox 1324 1716 1420 1794; x_wconf 88' lang='lat' dir='ltr'>Ipsius</span> 
     </span>
     <span class='ocr_line' id='line_1_14' title="bbox 169 1799 1420 1881; baseline 0.002 -22"><span class='ocrx_word' id='word_1_105' title='bbox 169 1801 317 1859; x_wconf 90' lang='lat' dir='ltr'>ecclesiae</span> <span class='ocrx_word' id='word_1_106' title='bbox 340 1799 448 1859; x_wconf 91' lang='lat' dir='ltr'>bonum</span> <span class='ocrx_word' id='word_1_107' title='bbox 472 1800 548 1877; x_wconf 70' lang='lat' dir='ltr'>tulit,</span> <span class='ocrx_word' id='word_1_108' title='bbox 578 1814 610 1859; x_wconf 89' lang='lat' dir='ltr'>nt</span> <span class='ocrx_word' id='word_1_109' title='bbox 638 1813 763 1881; x_wconf 89' lang='lat' dir='ltr'>papatus</span> <span class='ocrx_word' id='word_1_110' title='bbox 790 1803 939 1861; x_wconf 89' lang='lat' dir='ltr'>elementa</span> <span class='ocrx_word' id='word_1_111' title='bbox 969 1804 1152 1861; x_wconf 80' lang='lat' dir='ltr'>auctoritatis</span> <span class='ocrx_word' id='word_1_112' title='bbox 1182 1802 1420 1861; x_wconf 81' lang='lat' dir='ltr'>internetionalis</span> 
     </span>
     <span class='ocr_line' id='line_1_15' title="bbox 169 1889 1419 1969; baseline 0.002 -25"><span class='ocrx_word' id='word_1_113' title='bbox 169 1889 354 1966; x_wconf 59' lang='lat' dir='ltr'>acquirerem</span> <span class='ocrx_word' id='word_1_114' title='bbox 385 1908 421 1945; x_wconf 90' lang='lat' dir='ltr'>ea</span> <span class='ocrx_word' id='word_1_115' title='bbox 450 1890 528 1946; x_wconf 87' lang='lat' dir='ltr'>enim</span> <span class='ocrx_word' id='word_1_116' title='bbox 560 1890 703 1947; x_wconf 87' lang='lat' dir='ltr'>ecclesiae</span> <span class='ocrx_word' id='word_1_117' title='bbox 733 1890 836 1959; x_wconf 80' lang='lat' dir='ltr'>ferma,</span> <span class='ocrx_word' id='word_1_118' title='bbox 867 1910 925 1969; x_wconf 85' lang='lat' dir='ltr'>qna</span> <span class='ocrx_word' id='word_1_119' title='bbox 955 1892 1001 1947; x_wconf 88' lang='lat' dir='ltr'>vis</span> <span class='ocrx_word' id='word_1_120' title='bbox 1032 1891 1127 1947; x_wconf 91' lang='lat' dir='ltr'>omnis</span> <span class='ocrx_word' id='word_1_121' title='bbox 1159 1908 1248 1969; x_wconf 88' lang='lat' dir='ltr'>penes</span> <span class='ocrx_word' id='word_1_122' title='bbox 1278 1891 1419 1968; x_wconf 90' lang='lat' dir='ltr'>primores</span> 
     </span>
     <span class='ocr_line' id='line_1_16' title="bbox 170 1974 1419 2054; baseline 0.001 -22"><span class='ocrx_word' id='word_1_123' title='bbox 170 1974 316 2033; x_wconf 87' lang='lat' dir='ltr'>ecclesiae</span> <span class='ocrx_word' id='word_1_124' title='bbox 340 1977 551 2053; x_wconf 84' lang='lat' dir='ltr'>episcoposque</span> <span class='ocrx_word' id='word_1_125' title='bbox 574 1988 645 2045; x_wconf 81' lang='lat' dir='ltr'>erat,</span> <span class='ocrx_word' id='word_1_126' title='bbox 668 1978 700 2034; x_wconf 91' lang='lat' dir='ltr'>in</span> <span class='ocrx_word' id='word_1_127' title='bbox 719 1977 875 2035; x_wconf 85' lang='lat' dir='ltr'>concilium</span> <span class='ocrx_word' id='word_1_128' title='bbox 898 1986 1099 2054; x_wconf 85' lang='lat' dir='ltr'>congregatos,</span> <span class='ocrx_word' id='word_1_129' title='bbox 1122 1975 1364 2035; x_wconf 88' lang='lat' dir='ltr'>detrimentosam</span> <span class='ocrx_word' id='word_1_130' title='bbox 1387 1996 1419 2033; x_wconf 87' lang='lat' dir='ltr'>se</span> 
     </span>
     <span class='ocr_line' id='line_1_17' title="bbox 171 2060 1419 2142; baseline 0.001 -23"><span class='ocrx_word' id='word_1_131' title='bbox 171 2060 317 2139; x_wconf 87' lang='lat' dir='ltr'>praebuit.</span> <span class='ocrx_word' id='word_1_132' title='bbox 342 2062 452 2119; x_wconf 82' lang='lat' dir='ltr'>Deerat</span> <span class='ocrx_word' id='word_1_133' title='bbox 467 2061 556 2141; x_wconf 86' lang='lat' dir='ltr'>plena</span> <span class='ocrx_word' id='word_1_134' title='bbox 570 2062 692 2121; x_wconf 86' lang='lat' dir='ltr'>libertas</span> <span class='ocrx_word' id='word_1_135' title='bbox 709 2083 727 2121; x_wconf 88' lang='lat' dir='ltr'>a</span> <span class='ocrx_word' id='word_1_136' title='bbox 743 2073 887 2141; x_wconf 86' lang='lat' dir='ltr'>potestate</span> <span class='ocrx_word' id='word_1_137' title='bbox 904 2064 1030 2142; x_wconf 80' lang='lat' dir='ltr'>imperii,</span> <span class='ocrx_word' id='word_1_138' title='bbox 1053 2082 1119 2122; x_wconf 91' lang='lat' dir='ltr'>cum</span> <span class='ocrx_word' id='word_1_139' title='bbox 1142 2064 1271 2141; x_wconf 87' lang='lat' dir='ltr'>episcopi</span> <span class='ocrx_word' id='word_1_140' title='bbox 1295 2063 1419 2121; x_wconf 86' lang='lat' dir='ltr'>clientes</span> 
     </span>
     <span class='ocr_line' id='line_1_18' title="bbox 173 2148 1418 2229; baseline 0.002 -24"><span class='ocrx_word' id='word_1_141' title='bbox 173 2150 359 2226; x_wconf 86' lang='lat' dir='ltr'>imperatoris</span> <span class='ocrx_word' id='word_1_142' title='bbox 382 2161 489 2216; x_wconf 84' lang='lat' dir='ltr'>essent,</span> <span class='ocrx_word' id='word_1_143' title='bbox 513 2169 531 2205; x_wconf 87' lang='lat' dir='ltr'>a</span> <span class='ocrx_word' id='word_1_144' title='bbox 546 2170 603 2229; x_wconf 89' lang='lat' dir='ltr'>qno</span> <span class='ocrx_word' id='word_1_145' title='bbox 621 2162 728 2207; x_wconf 87' lang='lat' dir='ltr'>terram</span> <span class='ocrx_word' id='word_1_146' title='bbox 748 2160 779 2207; x_wconf 90' lang='lat' dir='ltr'>et</span> <span class='ocrx_word' id='word_1_147' title='bbox 796 2159 971 2228; x_wconf 89' lang='lat' dir='ltr'>potestatem</span> <span class='ocrx_word' id='word_1_148' title='bbox 996 2150 1115 2207; x_wconf 90' lang='lat' dir='ltr'>civilem</span> <span class='ocrx_word' id='word_1_149' title='bbox 1140 2150 1220 2208; x_wconf 88' lang='lat' dir='ltr'>velut</span> <span class='ocrx_word' id='word_1_150' title='bbox 1243 2148 1418 2209; x_wconf 88' lang='lat' dir='ltr'>beneficium</span> 
     </span>
     <span class='ocr_line' id='line_1_19' title="bbox 173 2234 1418 2316; baseline 0.001 -24"><span class='ocrx_word' id='word_1_151' title='bbox 173 2237 236 2293; x_wconf 88' lang='lat' dir='ltr'>iure</span> <span class='ocrx_word' id='word_1_152' title='bbox 260 2234 371 2293; x_wconf 87' lang='lat' dir='ltr'>feudali</span> <span class='ocrx_word' id='word_1_153' title='bbox 395 2234 590 2313; x_wconf 85' lang='lat' dir='ltr'>accipiebant.</span> <span class='ocrx_word' id='word_1_154' title='bbox 622 2236 794 2295; x_wconf 85' lang='lat' dir='ltr'>Caelibatus</span> <span class='ocrx_word' id='word_1_155' title='bbox 817 2239 1028 2315; x_wconf 84' lang='lat' dir='ltr'>cpiscoporum,</span> <span class='ocrx_word' id='word_1_156' title='bbox 1056 2235 1162 2316; x_wconf 86' lang='lat' dir='ltr'>quibus</span> <span class='ocrx_word' id='word_1_157' title='bbox 1185 2238 1306 2296; x_wconf 89' lang='lat' dir='ltr'>mortuis</span> <span class='ocrx_word' id='word_1_158' title='bbox 1330 2234 1418 2295; x_wconf 86' lang='lat' dir='ltr'>bene-</span> 
     </span>
     <span class='ocr_line' id='line_1_20' title="bbox 171 2321 1419 2403; baseline 0.002 -24"><span class='ocrx_word' id='word_1_159' title='bbox 171 2322 272 2379; x_wconf 89' lang='lat' dir='ltr'>ficium</span> <span class='ocrx_word' id='word_1_160' title='bbox 297 2322 346 2379; x_wconf 90' lang='lat' dir='ltr'>alii</span> <span class='ocrx_word' id='word_1_161' title='bbox 364 2321 542 2387; x_wconf 81' lang='lat' dir='ltr'>tradebatur.</span> <span class='ocrx_word' id='word_1_162' title='bbox 565 2324 674 2382; x_wconf 88' lang='lat' dir='ltr'>malum</span> <span class='ocrx_word' id='word_1_163' title='bbox 698 2322 833 2401; x_wconf 88' lang='lat' dir='ltr'>augebat.</span> <span class='ocrx_word' id='word_1_164' title='bbox 856 2322 1058 2401; x_wconf 87' lang='lat' dir='ltr'>Inaugurandi</span> <span class='ocrx_word' id='word_1_165' title='bbox 1076 2326 1120 2381; x_wconf 89' lang='lat' dir='ltr'>ins</span> <span class='ocrx_word' id='word_1_166' title='bbox 1137 2322 1324 2403; x_wconf 75' lang='lat' dir='ltr'>impediebat.</span> <span class='ocrx_word' id='word_1_167' title='bbox 1348 2344 1419 2402; x_wconf 87' lang='lat' dir='ltr'>qno·</span> 
     </span>
     <span class='ocr_line' id='line_1_21' title="bbox 171 2408 1418 2487; baseline 0.002 -22"><span class='ocrx_word' id='word_1_168' title='bbox 171 2411 272 2467; x_wconf 89' lang='lat' dir='ltr'>miuus</span> <span class='ocrx_word' id='word_1_169' title='bbox 295 2420 410 2467; x_wconf 85' lang='lat' dir='ltr'>retenta</span> <span class='ocrx_word' id='word_1_170' title='bbox 433 2408 486 2467; x_wconf 85' lang='lat' dir='ltr'>ilia</span> <span class='ocrx_word' id='word_1_171' title='bbox 508 2410 601 2468; x_wconf 86' lang='lat' dir='ltr'>forma</span> <span class='ocrx_word' id='word_1_172' title='bbox 624 2410 748 2469; x_wconf 85' lang='lat' dir='ltr'>ecclesia</span> <span class='ocrx_word' id='word_1_173' title='bbox 770 2413 816 2469; x_wconf 90' lang='lat' dir='ltr'>sui</span> <span class='ocrx_word' id='word_1_174' title='bbox 831 2413 903 2469; x_wconf 86' lang='lat' dir='ltr'>iuris</span> <span class='ocrx_word' id='word_1_175' title='bbox 927 2409 1075 2469; x_wconf 86' lang='lat' dir='ltr'>evaderet.</span> <span class='ocrx_word' id='word_1_176' title='bbox 1099 2409 1257 2469; x_wconf 81' lang='lat' dir='ltr'>Certamen</span> <span class='ocrx_word' id='word_1_177' title='bbox 1281 2410 1418 2487; x_wconf 80' lang='lat' dir='ltr'>Gregorii</span> 
     </span>
     <span class='ocr_line' id='line_1_22' title="bbox 172 2496 1417 2575; baseline 0.003 -24"><span class='ocrx_word' id='word_1_178' title='bbox 172 2496 242 2555; x_wconf 86' lang='lat' dir='ltr'>t&#39;ll.</span> <span class='ocrx_word' id='word_1_179' title='bbox 266 2498 386 2573; x_wconf 85' lang='lat' dir='ltr'>eiusque</span> <span class='ocrx_word' id='word_1_180' title='bbox 417 2516 616 2555; x_wconf 88' lang='lat' dir='ltr'>successorum</span> <span class='ocrx_word' id='word_1_181' title='bbox 647 2497 685 2555; x_wconf 90' lang='lat' dir='ltr'>de</span> <span class='ocrx_word' id='word_1_182' title='bbox 715 2500 777 2555; x_wconf 91' lang='lat' dir='ltr'>iure</span> <span class='ocrx_word' id='word_1_183' title='bbox 808 2496 1005 2575; x_wconf 82' lang='lat' dir='ltr'>inaugurandi</span> <span class='ocrx_word' id='word_1_184' title='bbox 1036 2500 1144 2555; x_wconf 89' lang='lat' dir='ltr'>iustum</span> <span class='ocrx_word' id='word_1_185' title='bbox 1168 2507 1197 2555; x_wconf 90' lang='lat' dir='ltr'>et</span> <span class='ocrx_word' id='word_1_186' title='bbox 1221 2498 1417 2557; x_wconf 87' lang='lat' dir='ltr'>necessarium</span> 
     </span>
     <span class='ocr_line' id='line_1_23' title="bbox 170 2582 1418 2661; baseline 0.001 -21"><span class='ocrx_word' id='word_1_187' title='bbox 170 2594 245 2640; x_wconf 91' lang='lat' dir='ltr'>erat.</span> <span class='ocrx_word' id='word_1_188' title='bbox 278 2582 392 2641; x_wconf 78' lang='lat' dir='ltr'>Eadem</span> <span class='ocrx_word' id='word_1_189' title='bbox 424 2583 476 2641; x_wconf 90' lang='lat' dir='ltr'>illa</span> <span class='ocrx_word' id='word_1_190' title='bbox 506 2586 690 2661; x_wconf 90' lang='lat' dir='ltr'>optimatium</span> <span class='ocrx_word' id='word_1_191' title='bbox 722 2585 864 2642; x_wconf 89' lang='lat' dir='ltr'>ecclesiae</span> <span class='ocrx_word' id='word_1_192' title='bbox 894 2604 1008 2642; x_wconf 88' lang='lat' dir='ltr'>summa</span> <span class='ocrx_word' id='word_1_193' title='bbox 1038 2592 1167 2661; x_wconf 89' lang='lat' dir='ltr'>potestas</span> <span class='ocrx_word' id='word_1_194' title='bbox 1190 2582 1332 2641; x_wconf 85' lang='lat' dir='ltr'>damnosa</span> <span class='ocrx_word' id='word_1_195' title='bbox 1355 2592 1418 2641; x_wconf 88' lang='lat' dir='ltr'>erat</span> 
     </span>
     <span class='ocr_line' id='line_1_24' title="bbox 170 2660 1419 2749; baseline 0 -22"><span class='ocrx_word' id='word_1_196' title='bbox 170 2671 263 2728; x_wconf 91' lang='lat' dir='ltr'>etiam</span> <span class='ocrx_word' id='word_1_197' title='bbox 287 2668 416 2728; x_wconf 90' lang='lat' dir='ltr'>moribus</span> <span class='ocrx_word' id='word_1_198' title='bbox 438 2671 526 2728; x_wconf 85' lang='lat' dir='ltr'>cleri:</span> <span class='ocrx_word' id='word_1_199' title='bbox 557 2673 686 2749; x_wconf 89' lang='lat' dir='ltr'>episcopi</span> <span class='ocrx_word' id='word_1_200' title='bbox 717 2682 806 2749; x_wconf 83' lang='lat' dir='ltr'>atque</span> <span class='ocrx_word' id='word_1_201' title='bbox 836 2672 936 2730; x_wconf 88' lang='lat' dir='ltr'>cleriei</span> <span class='ocrx_word' id='word_1_202' title='bbox 968 2660 1064 2748; x_wconf 78' lang='lat' dir='ltr'>saepe¹</span> <span class='ocrx_word' id='word_1_203' title='bbox 1083 2672 1179 2747; x_wconf 86' lang='lat' dir='ltr'>magis</span> <span class='ocrx_word' id='word_1_204' title='bbox 1202 2670 1311 2729; x_wconf 88' lang='lat' dir='ltr'>milites</span> <span class='ocrx_word' id='word_1_205' title='bbox 1334 2679 1419 2729; x_wconf 88' lang='lat' dir='ltr'>erant</span> 
     </span>
     <span class='ocr_line' id='line_1_25' title="bbox 169 2755 823 2835; baseline -0.002 -21"><span class='ocrx_word' id='word_1_206' title='bbox 169 2776 262 2835; x_wconf 89' lang='lat' dir='ltr'>quam</span> <span class='ocrx_word' id='word_1_207' title='bbox 285 2755 460 2815; x_wconf 79' lang='lat' dir='ltr'>sacerdotes.</span> <span class='ocrx_word' id='word_1_208' title='bbox 819 2764 823 2771; x_wconf 87' lang='lat'>&#39;</span> 
     </span>
    </p>

    <p class='ocr_par' dir='ltr' id='par_1_6' title="bbox 166 2842 1418 3444">
     <span class='ocr_line' id='line_1_26' title="bbox 276 2842 1417 2923; baseline 0.001 -23"><span class='ocrx_word' id='word_1_209' title='bbox 276 2843 361 2919; x_wconf 74' lang='lat' dir='ltr'>Quae</span> <span class='ocrx_word' id='word_1_210' title='bbox 377 2864 442 2901; x_wconf 90' lang='lat' dir='ltr'>curn</span> <span class='ocrx_word' id='word_1_211' title='bbox 460 2846 502 2901; x_wconf 90' lang='lat' dir='ltr'>ita</span> <span class='ocrx_word' id='word_1_212' title='bbox 517 2853 623 2911; x_wconf 84' lang='lat' dir='ltr'>essent,</span> <span class='ocrx_word' id='word_1_213' title='bbox 647 2866 669 2901; x_wconf 87' lang='lat' dir='ltr'>s.</span> <span class='ocrx_word' id='word_1_214' title='bbox 685 2842 770 2902; x_wconf 90' lang='lat' dir='ltr'>sedes</span> <span class='ocrx_word' id='word_1_215' title='bbox 789 2845 935 2923; x_wconf 91' lang='lat' dir='ltr'>episcopis</span> <span class='ocrx_word' id='word_1_216' title='bbox 958 2842 1126 2901; x_wconf 89' lang='lat' dir='ltr'>libertatem</span> <span class='ocrx_word' id='word_1_217' title='bbox 1149 2842 1292 2901; x_wconf 88' lang='lat' dir='ltr'>ecclesiae</span> <span class='ocrx_word' id='word_1_218' title='bbox 1315 2864 1417 2901; x_wconf 88' lang='lat' dir='ltr'>neces-</span> 
     </span>
     <span class='ocr_line' id='line_1_27' title="bbox 169 2928 1417 3009; baseline -0.002 -20"><span class='ocrx_word' id='word_1_219' title='bbox 169 2933 280 2989; x_wconf 90' lang='lat' dir='ltr'>sariam</span> <span class='ocrx_word' id='word_1_220' title='bbox 313 2931 471 2989; x_wconf 88' lang='lat' dir='ltr'>conciliare</span> <span class='ocrx_word' id='word_1_221' title='bbox 507 2933 666 2989; x_wconf 88' lang='lat' dir='ltr'>constituit.</span> <span class='ocrx_word' id='word_1_222' title='bbox 705 2931 813 2989; x_wconf 74' lang='lat' dir='ltr'>Verum</span> <span class='ocrx_word' id='word_1_223' title='bbox 844 2928 988 3009; x_wconf 88' lang='lat' dir='ltr'>quidquid</span> <span class='ocrx_word' id='word_1_224' title='bbox 1021 2928 1059 2988; x_wconf 87' lang='lat' dir='ltr'>ad</span> <span class='ocrx_word' id='word_1_225' title='bbox 1091 2930 1146 2987; x_wconf 92' lang='lat' dir='ltr'>hoc</span> <span class='ocrx_word' id='word_1_226' title='bbox 1178 2928 1417 3007; x_wconf 87' lang='lat' dir='ltr'>consequendum</span> 
     </span>
     <span class='ocr_line' id='line_1_28' title="bbox 167 3015 1417 3095; baseline 0.001 -21"><span class='ocrx_word' id='word_1_227' title='bbox 167 3027 345 3087; x_wconf 76' lang='lat' dir='ltr'>commeat,</span> <span class='ocrx_word' id='word_1_228' title='bbox 369 3038 415 3075; x_wconf 87' lang='lat' dir='ltr'>res</span> <span class='ocrx_word' id='word_1_229' title='bbox 431 3016 552 3075; x_wconf 87' lang='lat' dir='ltr'>obtenta</span> <span class='ocrx_word' id='word_1_230' title='bbox 567 3032 694 3088; x_wconf 80' lang='lat' dir='ltr'>nonest,</span> <span class='ocrx_word' id='word_1_231' title='bbox 718 3020 773 3075; x_wconf 82' lang='lat' dir='ltr'>etsi</span> <span class='ocrx_word' id='word_1_232' title='bbox 790 3018 884 3075; x_wconf 88' lang='lat' dir='ltr'>forma</span> <span class='ocrx_word' id='word_1_233' title='bbox 908 3015 1131 3095; x_wconf 81' lang='lat' dir='ltr'>(inaugurandi)</span> <span class='ocrx_word' id='word_1_234' title='bbox 1154 3018 1298 3089; x_wconf 78' lang='lat' dir='ltr'>cessavit3</span> <span class='ocrx_word' id='word_1_235' title='bbox 1322 3016 1417 3075; x_wconf 88' lang='lat' dir='ltr'>clerus</span> 
     </span>
     <span class='ocr_line' id='line_1_29' title="bbox 169 3102 1418 3182; baseline 0.001 -20"><span class='ocrx_word' id='word_1_236' title='bbox 169 3106 251 3162; x_wconf 87' lang='lat' dir='ltr'>eninr</span> <span class='ocrx_word' id='word_1_237' title='bbox 275 3102 427 3161; x_wconf 83' lang='lat' dir='ltr'>beneficiis</span> <span class='ocrx_word' id='word_1_238' title='bbox 451 3106 635 3182; x_wconf 89' lang='lat' dir='ltr'>imperatoris</span> <span class='ocrx_word' id='word_1_239' title='bbox 658 3107 768 3182; x_wconf 88' lang='lat' dir='ltr'>privari</span> <span class='ocrx_word' id='word_1_240' title='bbox 791 3104 894 3165; x_wconf 85' lang='lat' dir='ltr'>voluit.</span> <span class='ocrx_word' id='word_1_241' title='bbox 922 3104 1080 3182; x_wconf 90' lang='lat' dir='ltr'>Perempto</span> <span class='ocrx_word' id='word_1_242' title='bbox 1103 3104 1193 3180; x_wconf 86' lang='lat' dir='ltr'>igitur</span> <span class='ocrx_word' id='word_1_243' title='bbox 1216 3102 1270 3161; x_wconf 89' lang='lat' dir='ltr'>hoe</span> <span class='ocrx_word' id='word_1_244' title='bbox 1294 3104 1418 3163; x_wconf 89' lang='lat' dir='ltr'>consilio</span> 
     </span>
     <span class='ocr_line' id='line_1_30' title="bbox 166 3190 1418 3268; baseline -0.001 -20"><span class='ocrx_word' id='word_1_245' title='bbox 166 3200 222 3249; x_wconf 80' lang='lat' dir='ltr'>ant</span> <span class='ocrx_word' id='word_1_246' title='bbox 244 3190 398 3249; x_wconf 84' lang='lat' dir='ltr'>toleranda</span> <span class='ocrx_word' id='word_1_247' title='bbox 420 3191 475 3249; x_wconf 89' lang='lat' dir='ltr'>fuit</span> <span class='ocrx_word' id='word_1_248' title='bbox 498 3192 597 3249; x_wconf 84' lang='lat' dir='ltr'>aliena</span> <span class='ocrx_word' id='word_1_249' title='bbox 619 3195 651 3250; x_wconf 91' lang='lat' dir='ltr'>in</span> <span class='ocrx_word' id='word_1_250' title='bbox 673 3192 829 3249; x_wconf 88' lang='lat' dir='ltr'>ecclesiam</span> <span class='ocrx_word' id='word_1_251' title='bbox 853 3200 981 3268; x_wconf 88' lang='lat' dir='ltr'>potestas</span> <span class='ocrx_word' id='word_1_252' title='bbox 1010 3199 1060 3249; x_wconf 91' lang='lat' dir='ltr'>aut</span> <span class='ocrx_word' id='word_1_253' title='bbox 1083 3208 1197 3249; x_wconf 89' lang='lat' dir='ltr'>summa</span> <span class='ocrx_word' id='word_1_254' title='bbox 1219 3198 1348 3268; x_wconf 88' lang='lat' dir='ltr'>potestas</span> <span class='ocrx_word' id='word_1_255' title='bbox 1371 3210 1418 3248; x_wconf 91' lang='lat' dir='ltr'>ec-</span> 
     </span>
     <span class='ocr_line' id='line_1_31' title="bbox 167 3275 1418 3357; baseline -0.001 -22"><span class='ocrx_word' id='word_1_256' title='bbox 167 3278 338 3335; x_wconf 79' lang='lat' dir='ltr'>clesiastico</span> <span class='ocrx_word' id='word_1_257' title='bbox 366 3276 404 3335; x_wconf 92' lang='lat' dir='ltr'>ab</span> <span class='ocrx_word' id='word_1_258' title='bbox 427 3278 618 3356; x_wconf 86' lang='lat' dir='ltr'>optimatibus</span> <span class='ocrx_word' id='word_1_259' title='bbox 640 3299 691 3336; x_wconf 89' lang='lat' dir='ltr'>ssu</span> <span class='ocrx_word' id='word_1_260' title='bbox 714 3279 859 3357; x_wconf 88' lang='lat' dir='ltr'>episcopis</span> <span class='ocrx_word' id='word_1_261' title='bbox 891 3276 929 3335; x_wconf 90' lang='lat' dir='ltr'>ad</span> <span class='ocrx_word' id='word_1_262' title='bbox 957 3298 1047 3335; x_wconf 86' lang='lat' dir='ltr'>unam</span> <span class='ocrx_word' id='word_1_263' title='bbox 1070 3296 1177 3355; x_wconf 83' lang='lat' dir='ltr'>papam</span> <span class='ocrx_word' id='word_1_264' title='bbox 1203 3275 1418 3335; x_wconf 86' lang='lat' dir='ltr'>transferenda.</span> 
     </span>
     <span class='ocr_line' id='line_1_32' title="bbox 170 3362 1239 3444; baseline 0.002 -23"><span class='ocrx_word' id='word_1_265' title='bbox 170 3365 230 3421; x_wconf 87' lang='lat' dir='ltr'>Dei</span> <span class='ocrx_word' id='word_1_266' title='bbox 254 3362 442 3442; x_wconf 86' lang='lat' dir='ltr'>providentia</span> <span class='ocrx_word' id='word_1_267' title='bbox 464 3363 495 3422; x_wconf 93' lang='lat' dir='ltr'>id</span> <span class='ocrx_word' id='word_1_268' title='bbox 518 3364 595 3444; x_wconf 89' lang='lat' dir='ltr'>qnod</span> <span class='ocrx_word' id='word_1_269' title='bbox 619 3364 747 3423; x_wconf 89' lang='lat' dir='ltr'>secundo</span> <span class='ocrx_word' id='word_1_270' title='bbox 769 3365 834 3423; x_wconf 83' lang='lat' dir='ltr'>ioco</span> <span class='ocrx_word' id='word_1_271' title='bbox 856 3366 1006 3441; x_wconf 88' lang='lat' dir='ltr'>posuimus</span> <span class='ocrx_word' id='word_1_272' title='bbox 1029 3365 1163 3421; x_wconf 79' lang='lat' dir='ltr'>eflectum</span> <span class='ocrx_word' id='word_1_273' title='bbox 1186 3374 1239 3423; x_wconf 87' lang='lat' dir='ltr'>est.</span> 
     </span>
    </p>
   </div>
   <div class='ocr_carea' id='block_1_5' title="bbox 167 3466 1418 3807">
    <p class='ocr_par' dir='ltr' id='par_1_7' title="bbox 167 3466 1418 3807">
     <span class='ocr_line' id='line_1_33' title="bbox 194 3466 1417 3546; baseline -0.002 -19"><span class='ocrx_word' id='word_1_274' title='bbox 194 3480 199 3486; x_wconf 91' lang='grc'><strong>’</strong></span> <span class='ocrx_word' id='word_1_275' title='bbox 278 3468 396 3543; x_wconf 81' lang='lat' dir='ltr'>Bajkor</span> <span class='ocrx_word' id='word_1_276' title='bbox 429 3469 581 3546; x_wconf 87' lang='lat' dir='ltr'>theologos</span> <span class='ocrx_word' id='word_1_277' title='bbox 615 3470 757 3527; x_wconf 90' lang='lat' dir='ltr'>ecclesiae</span> <span class='ocrx_word' id='word_1_278' title='bbox 791 3469 919 3527; x_wconf 87' lang='lat' dir='ltr'>rnssicae</span> <span class='ocrx_word' id='word_1_279' title='bbox 954 3476 1077 3539; x_wconf 88' lang='lat' dir='ltr'>secutus,</span> <span class='ocrx_word' id='word_1_280' title='bbox 1113 3466 1259 3545; x_wconf 91' lang='lat' dir='ltr'>quomodo</span> <span class='ocrx_word' id='word_1_281' title='bbox 1292 3477 1417 3545; x_wconf 90' lang='lat' dir='ltr'>papatus</span> 
     </span>
     <span class='ocr_line' id='line_1_34' title="bbox 168 3552 1417 3634; baseline -0.002 -20"><span class='ocrx_word' id='word_1_282' title='bbox 168 3556 299 3614; x_wconf 80' lang='lat' dir='ltr'>creverit</span> <span class='ocrx_word' id='word_1_283' title='bbox 321 3557 461 3634; x_wconf 63' lang='lat' dir='ltr'>exponit:</span> <span class='ocrx_word' id='word_1_284' title='bbox 492 3555 620 3614; x_wconf 89' lang='lat' dir='ltr'>abstinet</span> <span class='ocrx_word' id='word_1_285' title='bbox 643 3566 740 3614; x_wconf 85' lang='lat' dir='ltr'>autem</span> <span class='ocrx_word' id='word_1_286' title='bbox 765 3554 802 3613; x_wconf 89' lang='lat' dir='ltr'>ab</span> <span class='ocrx_word' id='word_1_287' title='bbox 825 3557 942 3613; x_wconf 85' lang='lat' dir='ltr'>usitatis</span> <span class='ocrx_word' id='word_1_288' title='bbox 964 3552 1240 3633; x_wconf 81' lang='lat' dir='ltr'>exprobrationibus</span> <span class='ocrx_word' id='word_1_289' title='bbox 1263 3552 1417 3631; x_wconf 87' lang='lat' dir='ltr'>superbiae</span> 
     </span>
     <span class='ocr_line' id='line_1_35' title="bbox 172 3639 1417 3721; baseline -0.003 -20"><span class='ocrx_word' id='word_1_290' title='bbox 172 3662 325 3721; x_wconf 86' lang='lat' dir='ltr'>paparum.</span> <span class='ocrx_word' id='word_1_291' title='bbox 356 3642 457 3703; x_wconf 92' lang='lat' dir='ltr'>Primo</span> <span class='ocrx_word' id='word_1_292' title='bbox 481 3652 609 3721; x_wconf 89' lang='lat' dir='ltr'>potestas</span> <span class='ocrx_word' id='word_1_293' title='bbox 639 3663 781 3720; x_wconf 87' lang='lat' dir='ltr'>paparum</span> <span class='ocrx_word' id='word_1_294' title='bbox 811 3642 936 3700; x_wconf 73' lang='lat' dir='ltr'>ccclesia</span> <span class='ocrx_word' id='word_1_295' title='bbox 967 3642 1067 3700; x_wconf 71' lang='lat' dir='ltr'>italica</span> <span class='ocrx_word' id='word_1_296' title='bbox 1099 3639 1311 3706; x_wconf 79' lang='lat' dir='ltr'>continebatur.</span> <span class='ocrx_word' id='word_1_297' title='bbox 1342 3660 1417 3718; x_wconf 86' lang='lat' dir='ltr'>quae</span> 
     </span>
     <span class='ocr_line' id='line_1_36' title="bbox 167 3727 1418 3807; baseline -0.002 -20"><span class='ocrx_word' id='word_1_298' title='bbox 167 3731 214 3787; x_wconf 91' lang='lat' dir='ltr'>eis</span> <span class='ocrx_word' id='word_1_299' title='bbox 238 3749 291 3807; x_wconf 90' lang='lat' dir='ltr'>per</span> <span class='ocrx_word' id='word_1_300' title='bbox 313 3728 463 3788; x_wconf 90' lang='lat' dir='ltr'>decretum</span> <span class='ocrx_word' id='word_1_301' title='bbox 487 3731 651 3788; x_wconf 83' lang='lat' dir='ltr'>Nicacnnm</span> <span class='ocrx_word' id='word_1_302' title='bbox 678 3729 713 3806; x_wconf 59' lang='grc' dir='ltr'>[Ρ]</span> <span class='ocrx_word' id='word_1_303' title='bbox 731 3727 756 3805; x_wconf 75' lang='lat'>²)</span> <span class='ocrx_word' id='word_1_304' title='bbox 787 3732 921 3807; x_wconf 86' lang='lat' dir='ltr'>proxime</span> <span class='ocrx_word' id='word_1_305' title='bbox 952 3728 1084 3787; x_wconf 88' lang='lat' dir='ltr'>subiecta</span> <span class='ocrx_word' id='word_1_306' title='bbox 1114 3739 1184 3785; x_wconf 91' lang='lat' dir='ltr'>erat.</span> <span class='ocrx_word' id='word_1_307' title='bbox 1216 3727 1273 3785; x_wconf 84' lang='lat' dir='ltr'>Per</span> <span class='ocrx_word' id='word_1_308' title='bbox 1303 3728 1418 3785; x_wconf 87' lang='lat' dir='ltr'>missio·</span> 
     </span>
    </p>
   </div>
   <div class='ocr_carea' id='block_1_6' title="bbox 235 3911 1419 4885">
    <p class='ocr_par' dir='ltr' id='par_1_8' title="bbox 235 3911 1419 4885">
     <span class='ocr_line' id='line_1_37' title="bbox 235 3911 1417 3985; baseline -0.003 -16"><span class='ocrx_word' id='word_1_309' title='bbox 235 3915 258 3985; x_wconf 76' lang='lat'>²)</span> <span class='ocrx_word' id='word_1_310' title='bbox 279 3912 321 3969; x_wconf 83' lang='lat' dir='ltr'>cf.</span> <span class='ocrx_word' id='word_1_311' title='bbox 340 3912 476 3979; x_wconf 75' lang='lat' dir='ltr'>Hefeta</span> <span class='ocrx_word' id='word_1_312' title='bbox 496 3913 820 3981; x_wconf 78' lang='lat' dir='ltr'>Coneiiiengesehictrte²</span> <span class='ocrx_word' id='word_1_313' title='bbox 838 3914 869 3979; x_wconf 88' lang='lat' dir='ltr'>l.,</span> <span class='ocrx_word' id='word_1_314' title='bbox 888 3914 947 3967; x_wconf 78' lang='lat'>394.</span> <span class='ocrx_word' id='word_1_315' title='bbox 966 3914 1017 3967; x_wconf 82' lang='lat'>397</span> <span class='ocrx_word' id='word_1_316' title='bbox 1046 3911 1150 3976; x_wconf 84' lang='lat' dir='ltr'>Quodsi</span> <span class='ocrx_word' id='word_1_317' title='bbox 1169 3911 1315 3969; x_wconf 83' lang='lat' dir='ltr'>concilium</span> <span class='ocrx_word' id='word_1_318' title='bbox 1335 3911 1417 3966; x_wconf 81' lang='lat' dir='ltr'>chal-</span> 
     </span>
     <span class='ocr_line' id='line_1_38' title="bbox 277 3980 1416 4051; baseline -0.004 -13"><span class='ocrx_word' id='word_1_319' title='bbox 277 3983 436 4038; x_wconf 83' lang='lat' dir='ltr'>cedonense</span> <span class='ocrx_word' id='word_1_320' title='bbox 454 3984 597 4039; x_wconf 84' lang='lat' dir='ltr'>decretam</span> <span class='ocrx_word' id='word_1_321' title='bbox 616 3985 674 4038; x_wconf 86' lang='lat' dir='ltr'>tate</span> <span class='ocrx_word' id='word_1_322' title='bbox 693 3984 808 4051; x_wconf 85' lang='lat' dir='ltr'>indicat,</span> <span class='ocrx_word' id='word_1_323' title='bbox 826 3983 900 4037; x_wconf 86' lang='lat' dir='ltr'>bene</span> <span class='ocrx_word' id='word_1_324' title='bbox 919 3988 1000 4037; x_wconf 88' lang='lat' dir='ltr'>notat</span> <span class='ocrx_word' id='word_1_325' title='bbox 1018 3980 1208 4037; x_wconf 88' lang='lat' dir='ltr'>Duohesne</span> <span class='ocrx_word' id='word_1_326' title='bbox 1232 3980 1250 4035; x_wconf 91' lang='grc'>1.</span> <span class='ocrx_word' id='word_1_327' title='bbox 1269 3997 1292 4035; x_wconf 89' lang='lat' dir='ltr'>c.</span> <span class='ocrx_word' id='word_1_328' title='bbox 1311 3996 1338 4049; x_wconf 86' lang='lat' dir='ltr'>p.</span> <span class='ocrx_word' id='word_1_329' title='bbox 1359 3981 1416 4036; x_wconf 81' lang='lat'>195:</span> 
     </span>
     <span class='ocr_line' id='line_1_39' title="bbox 279 4050 1418 4123; baseline -0.004 -14"><span class='ocrx_word' id='word_1_330' title='bbox 279 4053 379 4123; x_wconf 77' lang='lat' dir='ltr'>„detto</span> <span class='ocrx_word' id='word_1_331' title='bbox 397 4053 522 4109; x_wconf 78' lang='lat' dir='ltr'>decision</span> <span class='ocrx_word' id='word_1_332' title='bbox 541 4055 592 4108; x_wconf 89' lang='lat' dir='ltr'>des</span> <span class='ocrx_word' id='word_1_333' title='bbox 610 4054 696 4109; x_wconf 80' lang='lat' dir='ltr'>Peren</span> <span class='ocrx_word' id='word_1_334' title='bbox 714 4058 758 4107; x_wconf 89' lang='lat' dir='ltr'>cst</span> <span class='ocrx_word' id='word_1_335' title='bbox 776 4068 878 4107; x_wconf 88' lang='lat' dir='ltr'>encore</span> <span class='ocrx_word' id='word_1_336' title='bbox 897 4056 915 4107; x_wconf 78' lang='lat' dir='ltr'>a</span> <span class='ocrx_word' id='word_1_337' title='bbox 933 4057 1055 4105; x_wconf 89' lang='lat' dir='ltr'>trouver.</span> <span class='ocrx_word' id='word_1_338' title='bbox 1092 4052 1119 4104; x_wconf 82' lang='lat' dir='ltr'>A</span> <span class='ocrx_word' id='word_1_339' title='bbox 1138 4050 1227 4105; x_wconf 87' lang='lat' dir='ltr'>meina</span> <span class='ocrx_word' id='word_1_340' title='bbox 1251 4050 1418 4105; x_wconf 89' lang='lat' dir='ltr'>d&#39;admettre</span> 
     </span>
     <span class='ocr_line' id='line_1_40' title="bbox 277 4120 1417 4192; baseline -0.002 -16"><span class='ocrx_word' id='word_1_341' title='bbox 277 4138 332 4192; x_wconf 88' lang='lat' dir='ltr'>que</span> <span class='ocrx_word' id='word_1_342' title='bbox 357 4124 411 4177; x_wconf 88' lang='lat' dir='ltr'>l&#39;on</span> <span class='ocrx_word' id='word_1_343' title='bbox 435 4139 466 4178; x_wconf 90' lang='lat' dir='ltr'>se</span> <span class='ocrx_word' id='word_1_344' title='bbox 489 4123 580 4178; x_wconf 74' lang='lat' dir='ltr'>refero</span> <span class='ocrx_word' id='word_1_345' title='bbox 605 4123 640 4176; x_wconf 90' lang='lat' dir='ltr'>ici</span> <span class='ocrx_word' id='word_1_346' title='bbox 659 4128 677 4177; x_wconf 83' lang='lat' dir='ltr'>a</span> <span class='ocrx_word' id='word_1_347' title='bbox 695 4139 732 4177; x_wconf 90' lang='lat' dir='ltr'>un</span> <span class='ocrx_word' id='word_1_348' title='bbox 756 4123 864 4177; x_wconf 88' lang='lat' dir='ltr'>concile</span> <span class='ocrx_word' id='word_1_349' title='bbox 888 4121 1003 4191; x_wconf 77' lang='lat' dir='ltr'>general</span> <span class='ocrx_word' id='word_1_350' title='bbox 1028 4125 1120 4174; x_wconf 85' lang='lat' dir='ltr'>secret</span> <span class='ocrx_word' id='word_1_351' title='bbox 1142 4120 1212 4174; x_wconf 89' lang='lat' dir='ltr'>dunt</span> <span class='ocrx_word' id='word_1_352' title='bbox 1235 4124 1314 4175; x_wconf 90' lang='lat' dir='ltr'>toute</span> <span class='ocrx_word' id='word_1_353' title='bbox 1339 4127 1417 4174; x_wconf 85' lang='lat' dir='ltr'>trace</span> 
     </span>
     <span class='ocr_line' id='line_1_41' title="bbox 276 4188 1417 4261; baseline -0.002 -14"><span class='ocrx_word' id='word_1_354' title='bbox 276 4192 368 4247; x_wconf 86' lang='lat' dir='ltr'>aurait</span> <span class='ocrx_word' id='word_1_355' title='bbox 385 4192 508 4261; x_wconf 78' lang='lat' dir='ltr'>diepam,</span> <span class='ocrx_word' id='word_1_356' title='bbox 527 4193 597 4247; x_wconf 88' lang='lat' dir='ltr'>dont</span> <span class='ocrx_word' id='word_1_357' title='bbox 608 4192 719 4247; x_wconf 74' lang='lat' dir='ltr'>Eusebe</span> <span class='ocrx_word' id='word_1_358' title='bbox 739 4196 769 4246; x_wconf 90' lang='lat' dir='ltr'>et</span> <span class='ocrx_word' id='word_1_359' title='bbox 786 4192 827 4245; x_wconf 87' lang='lat' dir='ltr'>tes</span> <span class='ocrx_word' id='word_1_360' title='bbox 846 4200 941 4245; x_wconf 83' lang='lat' dir='ltr'>annes</span> <span class='ocrx_word' id='word_1_361' title='bbox 959 4189 1186 4259; x_wconf 83' lang='lat' dir='ltr'>contemperains</span> <span class='ocrx_word' id='word_1_362' title='bbox 1204 4189 1241 4243; x_wconf 89' lang='lat' dir='ltr'>dn</span> <span class='ocrx_word' id='word_1_363' title='bbox 1260 4189 1367 4244; x_wconf 76' lang='lat' dir='ltr'>concile</span> <span class='ocrx_word' id='word_1_364' title='bbox 1381 4188 1417 4245; x_wconf 86' lang='lat' dir='ltr'>de</span> 
     </span>
     <span class='ocr_line' id='line_1_42' title="bbox 276 4258 1418 4331; baseline -0.003 -16"><span class='ocrx_word' id='word_1_365' title='bbox 276 4262 363 4315; x_wconf 79' lang='lat' dir='ltr'>Nicea</span> <span class='ocrx_word' id='word_1_366' title='bbox 380 4264 408 4314; x_wconf 87' lang='lat' dir='ltr'>n’</span> <span class='ocrx_word' id='word_1_367' title='bbox 424 4264 553 4317; x_wconf 87' lang='lat' dir='ltr'>auraient</span> <span class='ocrx_word' id='word_1_368' title='bbox 571 4278 623 4331; x_wconf 85' lang='lat' dir='ltr'>pas</span> <span class='ocrx_word' id='word_1_369' title='bbox 641 4277 677 4316; x_wconf 88' lang='lat' dir='ltr'>eu</span> <span class='ocrx_word' id='word_1_370' title='bbox 696 4262 721 4317; x_wconf 85' lang='lat' dir='ltr'>te</span> <span class='ocrx_word' id='word_1_371' title='bbox 740 4261 963 4325; x_wconf 71' lang='lat' dir='ltr'>monuerant,</span> <span class='ocrx_word' id='word_1_372' title='bbox 992 4260 1019 4329; x_wconf 83' lang='lat' dir='ltr'>je</span> <span class='ocrx_word' id='word_1_373' title='bbox 1038 4274 1073 4313; x_wconf 89' lang='lat' dir='ltr'>ne</span> <span class='ocrx_word' id='word_1_374' title='bbox 1092 4259 1155 4313; x_wconf 85' lang='lat' dir='ltr'>vois</span> <span class='ocrx_word' id='word_1_375' title='bbox 1173 4274 1225 4327; x_wconf 86' lang='lat' dir='ltr'>pas</span> <span class='ocrx_word' id='word_1_376' title='bbox 1244 4274 1277 4313; x_wconf 90' lang='lat' dir='ltr'>ce</span> <span class='ocrx_word' id='word_1_377' title='bbox 1296 4273 1349 4326; x_wconf 85' lang='lat' dir='ltr'>que</span> <span class='ocrx_word' id='word_1_378' title='bbox 1363 4258 1418 4313; x_wconf 87' lang='lat' dir='ltr'>l&#39;on</span> 
     </span>
     <span class='ocr_line' id='line_1_43' title="bbox 277 4328 1419 4397; baseline -0.005 -10"><span class='ocrx_word' id='word_1_379' title='bbox 277 4338 346 4387; x_wconf 87' lang='lat' dir='ltr'>vent</span> <span class='ocrx_word' id='word_1_380' title='bbox 362 4331 431 4385; x_wconf 88' lang='lat' dir='ltr'>dire.</span> <span class='ocrx_word' id='word_1_381' title='bbox 457 4332 501 4386; x_wconf 89' lang='lat' dir='ltr'>Du</span> <span class='ocrx_word' id='word_1_382' title='bbox 519 4338 603 4397; x_wconf 86' lang='lat' dir='ltr'>reste,</span> <span class='ocrx_word' id='word_1_383' title='bbox 622 4348 655 4386; x_wconf 87' lang='lat' dir='ltr'>ee</span> <span class='ocrx_word' id='word_1_384' title='bbox 674 4330 781 4386; x_wconf 89' lang='lat' dir='ltr'>concite</span> <span class='ocrx_word' id='word_1_385' title='bbox 820 4330 914 4385; x_wconf 74' lang='lat' dir='ltr'>encrat</span> <span class='ocrx_word' id='word_1_386' title='bbox 935 4329 1046 4383; x_wconf 76' lang='lat' dir='ltr'>dearsit</span> <span class='ocrx_word' id='word_1_387' title='bbox 1064 4333 1124 4382; x_wconf 74' lang='lat' dir='ltr'>atre</span> <span class='ocrx_word' id='word_1_388' title='bbox 1143 4328 1199 4382; x_wconf 86' lang='lat' dir='ltr'>tort</span> <span class='ocrx_word' id='word_1_389' title='bbox 1217 4328 1324 4393; x_wconf 80' lang='lat' dir='ltr'>ancien,</span> <span class='ocrx_word' id='word_1_390' title='bbox 1339 4330 1419 4382; x_wconf 82' lang='lat' dir='ltr'>ante-</span> 
     </span>
     <span class='ocr_line' id='line_1_44' title="bbox 276 4347 1417 4478; baseline -0.003 -24"><span class='ocrx_word' id='word_1_391' title='bbox 276 4400 351 4468; x_wconf 79' lang='lat' dir='ltr'>rieur</span> <span class='ocrx_word' id='word_1_392' title='bbox 369 4416 405 4455; x_wconf 89' lang='lat' dir='ltr'>au</span> <span class='ocrx_word' id='word_1_393' title='bbox 417 4401 476 4456; x_wconf 83' lang='lat' dir='ltr'>111e</span> <span class='ocrx_word' id='word_1_394' title='bbox 494 4402 579 4455; x_wconf 69' lang='lat' dir='ltr'>eiecta</span> <span class='ocrx_word' id='word_1_395' title='bbox 599 4408 628 4455; x_wconf 89' lang='lat' dir='ltr'>et</span> <span class='ocrx_word' id='word_1_396' title='bbox 647 4406 735 4455; x_wconf 76' lang='lat' dir='ltr'>meme</span> <span class='ocrx_word' id='word_1_397' title='bbox 753 4347 861 4466; x_wconf 72' lang='lat' dir='ltr'>suite,</span> <span class='ocrx_word' id='word_1_398' title='bbox 881 4414 930 4453; x_wconf 90' lang='lat' dir='ltr'>car</span> <span class='ocrx_word' id='word_1_399' title='bbox 949 4414 983 4453; x_wconf 89' lang='lat' dir='ltr'>en</span> <span class='ocrx_word' id='word_1_400' title='bbox 1003 4413 1050 4452; x_wconf 89' lang='lat' dir='ltr'>ces</span> <span class='ocrx_word' id='word_1_401' title='bbox 1068 4398 1200 4467; x_wconf 77' lang='lat' dir='ltr'>temps-la</span> <span class='ocrx_word' id='word_1_402' title='bbox 1218 4412 1289 4477; x_wconf 80' lang='lat' dir='ltr'>nous</span> <span class='ocrx_word' id='word_1_403' title='bbox 1307 4412 1417 4478; x_wconf 75' lang='lat' dir='ltr'>voyons</span> 
     </span>
     <span class='ocr_line' id='line_1_45' title="bbox 276 4466 1417 4539; baseline -0.003 -16"><span class='ocrx_word' id='word_1_404' title='bbox 276 4470 294 4523; x_wconf 76' lang='grc' dir='ltr'>Γ</span> <span class='ocrx_word' id='word_1_405' title='bbox 314 4471 410 4539; x_wconf 79' lang='lat' dir='ltr'>Eglise</span> <span class='ocrx_word' id='word_1_406' title='bbox 434 4471 559 4525; x_wconf 75' lang='lat' dir='ltr'>romaine</span> <span class='ocrx_word' id='word_1_407' title='bbox 576 4470 698 4524; x_wconf 81' lang='lat' dir='ltr'>investis</span> <span class='ocrx_word' id='word_1_408' title='bbox 717 4487 773 4525; x_wconf 90' lang='lat' dir='ltr'>non</span> <span class='ocrx_word' id='word_1_409' title='bbox 791 4485 844 4538; x_wconf 88' lang='lat' dir='ltr'>pas</span> <span class='ocrx_word' id='word_1_410' title='bbox 862 4468 1019 4524; x_wconf 89' lang='lat' dir='ltr'>seulement</span> <span class='ocrx_word' id='word_1_411' title='bbox 1037 4467 1073 4521; x_wconf 89' lang='lat' dir='ltr'>de</span> <span class='ocrx_word' id='word_1_412' title='bbox 1091 4468 1289 4536; x_wconf 80' lang='lat' dir='ltr'>prerogativae</span> <span class='ocrx_word' id='word_1_413' title='bbox 1307 4466 1417 4521; x_wconf 81' lang='lat' dir='ltr'>henori-</span> 
     </span>
     <span class='ocr_line' id='line_1_46' title="bbox 278 4536 1419 4609; baseline -0.004 -16"><span class='ocrx_word' id='word_1_414' title='bbox 278 4538 376 4609; x_wconf 84' lang='lat' dir='ltr'>fiques‚</span> <span class='ocrx_word' id='word_1_415' title='bbox 403 4540 474 4596; x_wconf 90' lang='lat' dir='ltr'>mais</span> <span class='ocrx_word' id='word_1_416' title='bbox 499 4541 581 4595; x_wconf 86' lang='lat' dir='ltr'>d’nne</span> <span class='ocrx_word' id='word_1_417' title='bbox 604 4540 726 4594; x_wconf 77' lang='lat' dir='ltr'>autorite</span> <span class='ocrx_word' id='word_1_418' title='bbox 745 4538 914 4593; x_wconf 84' lang='lat' dir='ltr'>universelte</span> <span class='ocrx_word' id='word_1_419' title='bbox 940 4544 969 4591; x_wconf 93' lang='lat' dir='ltr'>ct</span> <span class='ocrx_word' id='word_1_420' title='bbox 988 4536 1151 4591; x_wconf 80' lang='lat' dir='ltr'>indiscutee.</span> <span class='ocrx_word' id='word_1_421' title='bbox 1188 4536 1231 4589; x_wconf 86' lang='lat' dir='ltr'>Ea</span> <span class='ocrx_word' id='word_1_422' title='bbox 1258 4540 1419 4591; x_wconf 85' lang='lat' dir='ltr'>remontaat</span> 
     </span>
     <span class='ocr_line' id='line_1_47' title="bbox 278 4606 1417 4727; baseline -0.004 -64"><span class='ocrx_word' id='word_1_423' title='bbox 278 4607 357 4676; x_wconf 78' lang='lat' dir='ltr'>ainsi,</span> <span class='ocrx_word' id='word_1_424' title='bbox 386 4624 423 4665; x_wconf 87' lang='lat' dir='ltr'>oa</span> <span class='ocrx_word' id='word_1_425' title='bbox 441 4611 590 4665; x_wconf 77' lang='lat' dir='ltr'>arriserait</span> <span class='ocrx_word' id='word_1_426' title='bbox 615 4610 754 4663; x_wconf 78' lang='lat' dir='ltr'>aisement</span> <span class='ocrx_word' id='word_1_427' title='bbox 772 4624 826 4661; x_wconf 83' lang='lat' dir='ltr'>arrr</span> <span class='ocrx_word' id='word_1_428' title='bbox 845 4612 967 4677; x_wconf 82' lang='lat' dir='ltr'>apotres.</span> <span class='ocrx_word' id='word_1_429' title='bbox 1003 4606 1073 4660; x_wconf 83' lang='lat' dir='ltr'>Mais</span> <span class='ocrx_word' id='word_1_430' title='bbox 1097 4622 1130 4659; x_wconf 88' lang='lat' dir='ltr'>ce</span> <span class='ocrx_word' id='word_1_431' title='bbox 1148 4606 1219 4659; x_wconf 84' lang='lat' dir='ltr'>n&#39;est</span> <span class='ocrx_word' id='word_1_432' title='bbox 1237 4620 1287 4727; x_wconf 88' lang='lat' dir='ltr'>pas</span> <span class='ocrx_word' id='word_1_433' title='bbox 1311 4620 1344 4660; x_wconf 81' lang='lat' dir='ltr'>re</span> <span class='ocrx_word' id='word_1_434' title='bbox 1362 4620 1417 4673; x_wconf 90' lang='lat' dir='ltr'>que</span> 
     </span>
     <span class='ocr_line' id='line_1_48' title="bbox 277 4674 1418 4747; baseline -0.005 -14"><span class='ocrx_word' id='word_1_435' title='bbox 277 4678 423 4734; x_wconf 84' lang='lat' dir='ltr'>voulaient</span> <span class='ocrx_word' id='word_1_436' title='bbox 439 4680 500 4734; x_wconf 87' lang='lat' dir='ltr'>dire</span> <span class='ocrx_word' id='word_1_437' title='bbox 518 4680 560 4734; x_wconf 89' lang='lat' dir='ltr'>tes</span> <span class='ocrx_word' id='word_1_438' title='bbox 579 4682 702 4747; x_wconf 75' lang='lat' dir='ltr'>evaques</span> <span class='ocrx_word' id='word_1_439' title='bbox 719 4678 755 4732; x_wconf 88' lang='lat' dir='ltr'>de</span> <span class='ocrx_word' id='word_1_440' title='bbox 769 4676 966 4739; x_wconf 62' lang='lat' dir='ltr'>curtemaim:</span> <span class='ocrx_word' id='word_1_441' title='bbox 985 4676 1026 4731; x_wconf 89' lang='lat' dir='ltr'>les</span> <span class='ocrx_word' id='word_1_442' title='bbox 1037 4676 1121 4730; x_wconf 78' lang='lat' dir='ltr'>Perea</span> <span class='ocrx_word' id='word_1_443' title='bbox 1139 4674 1209 4728; x_wconf 87' lang='lat' dir='ltr'>dont</span> <span class='ocrx_word' id='word_1_444' title='bbox 1227 4674 1418 4743; x_wconf 79' lang='lat' dir='ltr'>inpartaiens</span> 
     </span>
     <span class='ocr_line' id='line_1_49' title="bbox 279 4743 1419 4867; baseline -0.004 -66"><span class='ocrx_word' id='word_1_445' title='bbox 279 4763 316 4802; x_wconf 89' lang='lat' dir='ltr'>ne</span> <span class='ocrx_word' id='word_1_446' title='bbox 333 4754 400 4803; x_wconf 89' lang='lat' dir='ltr'>sont</span> <span class='ocrx_word' id='word_1_447' title='bbox 417 4764 469 4818; x_wconf 85' lang='lat' dir='ltr'>pas</span> <span class='ocrx_word' id='word_1_448' title='bbox 487 4750 529 4803; x_wconf 85' lang='lat' dir='ltr'>ies</span> <span class='ocrx_word' id='word_1_449' title='bbox 546 4754 669 4841; x_wconf 72' lang='lat' dir='ltr'>eponae,</span> <span class='ocrx_word' id='word_1_450' title='bbox 688 4748 758 4802; x_wconf 87' lang='lat' dir='ltr'>maia</span> <span class='ocrx_word' id='word_1_451' title='bbox 776 4748 819 4802; x_wconf 88' lang='lat' dir='ltr'>les</span> <span class='ocrx_word' id='word_1_452' title='bbox 836 4749 968 4814; x_wconf 67' lang='lat' dir='ltr'>avenacea</span> <span class='ocrx_word' id='word_1_453' title='bbox 982 4746 1022 4827; x_wconf 76' lang='lat' dir='ltr'>⁸ils</span> <span class='ocrx_word' id='word_1_454' title='bbox 1041 4743 1234 4867; x_wconf 41' lang='lat' dir='ltr'>enteadaignt·</span> <span class='ocrx_word' id='word_1_455' title='bbox 1246 4759 1374 4824; x_wconf 77' lang='lat' dir='ltr'>ramener</span> <span class='ocrx_word' id='word_1_456' title='bbox 1386 4747 1419 4797; x_wconf 87' lang='lat' dir='ltr'>ut</span> 
     </span>
     <span class='ocr_line' id='line_1_50' title="bbox 274 4812 1419 4885; baseline -0.003 -14"><span class='ocrx_word' id='word_1_457' title='bbox 274 4818 379 4873; x_wconf 84' lang='lat' dir='ltr'>nivean</span> <span class='ocrx_word' id='word_1_458' title='bbox 397 4818 433 4872; x_wconf 88' lang='lat' dir='ltr'>de</span> <span class='ocrx_word' id='word_1_459' title='bbox 444 4818 474 4873; x_wconf 88' lang='lat' dir='ltr'>ta</span> <span class='ocrx_word' id='word_1_460' title='bbox 486 4818 696 4873; x_wconf 80' lang='lat' dir='ltr'>teurlantorite</span> <span class='ocrx_word' id='word_1_461' title='bbox 715 4818 779 4871; x_wconf 84' lang='lat' dir='ltr'>d’otr</span> <span class='ocrx_word' id='word_1_462' title='bbox 789 4817 886 4871; x_wconf 79' lang='lat' dir='ltr'>derivo</span> <span class='ocrx_word' id='word_1_463' title='bbox 906 4816 933 4870; x_wconf 91' lang='lat' dir='ltr'>ta</span> <span class='ocrx_word' id='word_1_464' title='bbox 947 4817 1083 4885; x_wconf 77' lang='lat' dir='ltr'>prrmaate</span> <span class='ocrx_word' id='word_1_465' title='bbox 1103 4814 1138 4868; x_wconf 89' lang='lat' dir='ltr'>de</span> <span class='ocrx_word' id='word_1_466' title='bbox 1154 4812 1170 4867; x_wconf 87' lang='grc'>1’</span> <span class='ocrx_word' id='word_1_467' title='bbox 1197 4814 1269 4882; x_wconf 78' lang='lat' dir='ltr'>gtrse</span> <span class='ocrx_word' id='word_1_468' title='bbox 1282 4828 1419 4868; x_wconf 86' lang='lat' dir='ltr'>romarna.</span> 
     </span>
    </p>
   </div>
   <div class='ocr_carea' id='block_1_7' title="bbox 0 0 1730 5342">
    <p class='ocr_par' dir='ltr' id='par_1_9' title="bbox 0 0 1730 5342">
     <span class='ocr_line' id='line_1_51' title="bbox 0 0 1730 5342; baseline 0 2"><span class='ocrx_word' id='word_1_469' title='bbox 0 0 1730 5342; x_wconf 95' lang='lat' dir='ltr'> </span> 
     </span>
    </p>
   </div>
  </div>
 </body>
</html>
