3450 5342
1738 337 2086 384 —811—

664 510 1003 596 appellatur,
1062 519 1115 569 in
1154 531 1265 585 qua
1327 516 1568 570 loannes
1607 517 1868 585 loquatur
1903 517 1973 571 de
2023 517 2191 571 rebus
2228 516 2433 570 divinis.
2473 534 2577 569 nun
2621 521 2781 569 sicuti
2825 517 3010 581 huma,
3078 518 3186 569 seii

664 591 811 640 sicut
876 585 1129 654 ropheta,
1168 585 1254 639 cui
1282 585 1436 639 Deus
1473 585 1697 640 intimas
1733 586 1983 640 rationes
2009 586 2163 642 vitae
2202 592 2259 639 et
2296 585 2425 641 fidei
2465 597 2517 641 et
2549 589 2769 653 gratiae
2809 589 3182 641 ruff-velaretis

885 655 1135 709 rationes
1173 654 1346 709 habet
1382 655 1453 708 ad
1490 655 1755 724 populum
1779 653 1895 710 fere
1932 655 1987 709 in
2026 655 2226 724 quavis
2249 655 2501 724 liturgia:
2545 657 2845 709 nonnullas
2873 661 3030 725 typis
3082 673 3178 709 eit*

660 724 992 779 scribuntur.
1031 725 1261 779 Movent·
1286 723 1585 779 altitudine
1611 724 1933 780 devotionis
1970 741 2036 779 ae
2066 725 2293 780 divinae
2319 726 2585 781 scientiae
2629 737 2681 777 et
2721 729 2942 777 :intenti
2970 729 3178 781 studit.-

661 793 879 865 gloriae
917 793 1040 847 Dei.
1080 793 1189 916 {er
1211 796 1280 848 25
1305 809 1484 848 annos
1521 800 1642 849 erat
1679 795 1950 863 magister
1975 794 2029 848 in
2056 796 2365 866 gymnasio⁴
2394 796 2445 849 iu
2477 813 2585 862 qun
2621 813 2845 849 munere
2873 797 3178 849 emine-hat

671 879 861 919 amore
900 869 959 916 et
1033 864 1085 916 ie
1114 868 1206 918 ate
1872 876 1877 880 ’

837 879 1242 1002 Eleemosynae
1277 932 1565 987 distribuit
1613 932 1946 987 innumeras.
2021 932 2077 987 Si
2125 933 2412 1002 quisquam
2457 937 2509 985 in
2541 933 2757 989 Hassis*
2813 937 3066 989 loannes
3114 933 3190 985 aie

663 1002 940 1070 religione
979 1007 1068 1056 est
1103 1003 1391 1071 praeclare
1430 1002 1677 1057 meritus.
1728 1003 2148 1071 Prosequuntur
2184 1018 2305 1055 eum
2357 1005 2737 1065 veneratione,
2793 1021 2902 1069 qua
2954 1005 3182 1057 multus

666 1075 894 1127 sanctos
941 1087 1054 1126 non
1102 1076 1530 1160 prosequuntur.
1578 1070 1758 1125 Nemo
1809 1072 2113 1137 mirab1tur,
2153 1073 2199 1126 si
2236 1071 2306 1126 de
2347 1089 2412 1127 eo
2453 1089 2541 1125 res
2577 1073 2857 1125 mirabiles
2902 1085 2954 1125 et
2998 1077 3178 1125 mir-a-

668 1141 896 1195 culosae
934 1147 1246 1195 narrantur.
1288 1142 1538 1209 beriptor
1588 1140 1779 1194 harum
1831 1141 2139 1195 litterarum
2178 1142 2249 1195 de
2288 1143 2473 1197 multu,-
2513 1145 2793 1197 miruenlis
2829 1145 3058 1197 audivit
3102 1161 3178 1197 Μ

668 1210 989 1265 hominibus
1026 1211 1275 1277 eruditis,
1314 1210 1613 1277 nobilibus,
1651 1226 1883 1266 severis.
1923 1212 2106 1265 Etiam
2146 1211 2425 1277 catholici,
2465 1213 2629 1265 inimi]
2669 1213 2994 1265 sacerdotes
3038 1229 3174 1265 eum

666 1280 1031 1335 veneratione
1070 1281 1370 1349 loquuntur
1410 1281 1482 1335 de
1527 1296 1612 1333 ee.

875 1350 1336 1418 „Dusepolcznoe
1375 1349 1591 1403 etenie“
1637 1350 1773 1404 1904
1809 1350 1993 1403 octob.
2032 1351 2137 1404 310
2175 1366 2215 1405 s.
2255 1351 2421 1405 affert
2461 1353 2737 1417 quasdam
2793 1369 2861 1405 ex
2906 1353 3186 1405 autumu-

662 1418 902 1488 graphia
928 1419 1268 1473 venerabilis
1286 1419 1526 1473 Joannis
1555 1418 1626 1473 de
1650 1418 1978 1473 Kronstadt.
2020 1419 2281 1474 Fortasse
2314 1420 2557 1488 plan-isit
2589 1421 2853 1478 narratio,
2881 1421 3186 1485 quammu-

664 1505 737 1543 ex
774 1492 971 1569 ignoto
1008 1489 1255 1556 parocho
1293 1489 1542 1543 evaserit
1577 1488 1663 1541 vir
1700 1489 2036 1544 auctoritate
2075 1489 2297 1557 pollens
2346 1496 2468 1544 tota
2493 1489 2711 1544 Rus-{niu⁴
2757 1493 2889 1550 vus,
2942 1489 3180 1551 fratres,

664 1559 863 1625 inquit,
932 1558 1198 1625 cogitatis
1246 1557 1299 1611 in
1339 1557 1542 1623 anim0‚
1598 1558 1880 1625 quomodo
1917 1559 2266 1627 pervenerim
2316 1559 2386 1612 ad
2443 1559 2732 1612 audaciam
2771 1557 3187 1627 proficiscendi

663 1643 766 1697 per
802 1632 979 1681 totam
1019 1628 1293 1693 Russiam,
1331 1627 1615 1696 §precandi
1670 1644 1772 1696 pro
1810 1634 1970 1681 tanto
2008 1643 2237 1682 numero
2278 1629 2572 1694 bominum,
2626 1628 2718 1696 qui
2767 1628 2822 1680 id
2861 1644 2897 1680 a
2935 1644 3028 1681 me
3069 1644 3175 1696 pe-

664 1701 803 1751 tunt.
842 1696 1000 1751 Hanc
1038 1697 1279 1752 fortasse
1317 1697 1591 1765 quispiam
1631 1696 1837 1750 dixerit
1885 1698 2200 1766 superbiam
2276 1697 2387 1752 Sed
2437 1697 2713 1766 equidem,
2767 1698 2991 1761 fratres,
3051 1712 3173 1751 non

659 1767 924 1820 auderem
963 1771 1178 1819 tantum
1222 1782 1378 1835 opus,
1417 1766 1523 1820 nisi
1562 1766 1804 1834 desuper
1843 1773 2077 1821 vocatus
2114 1783 2309 1821 essem.
2351 1766 2584 1831 Quidam
2626 1767 2822 1820 morbo
2859 1776 3169 1835 correptus

664 1841 767 1890 est.
832 1837 1123 1890 Petierunt
1160 1852 1338 1890 meam
1387 1836 1860 1904 deprecationem.
1922 1836 2210 1904 Nunquam
2260 1852 2518 1890 recusare
2555 1837 2824 1890 consuevi
2860 1835 3174 1903 quicquam

662 1906 952 1960 eiusmodi.
1012 1906 1184 1974 Coepi
1234 1906 1469 1974 precari,
1532 1905 1915 1959 commendavi
1972 1905 2093 1958 Deo
2144 1913 2452 1972 aegrotum,
2513 1914 2663 1974 peto,
2720 1913 2781 1960 ut
2831 1903 2933 1959 fiat
2980 1906 3062 1960 de
3102 1921 3172 1959 eo

662 1975 926 2030 voluntas
962 1975 1084 2028 Dei.
1142 1976 1372 2029 Praeter
1408 1974 1890 2043 exspectationem
1931 1976 2086 2029 venit
2122 1974 2328 2028 femina
2363 1976 2657 2043 quaedam,
2719 1990 2881 2043 quam
2922 1975 3025 2028 din
3067 1991 3181 2028 no·

662 2061 871 2099 veram.
914 2045 1048 2098 Erat
1074 2045 1280 2098 femina
1319 2045 1485 2112 plena
1522 2043 1672 2110 fidei,
1710 2043 1823 2113 pia,
1850 2044 2136 2113 vitamque
2165 2045 2379 2111 agebat
2416 2060 2549 2099 vere
2576 2044 2953 2099 christianam.
2991 2043 3183 2099 Venit

665 2119 725 2168 et
758 2114 967 2167 insistit
1003 2121 1214 2180 petere,
1255 2121 1314 2167 ut
1338 2130 1440 2182 pro
1479 2121 1714 2182 aegroto
1752 2130 1864 2167 non
1902 2114 2066 2167 aliter
2131 2129 2286 2168 recer
2323 2114 2426 2168 nisi
2466 2121 2527 2168 ut
2563 2116 2863 2167 sanitatem
2900 2114 3170 2183 recipiat.

662 2184 817 2237 Bene
856 2184 1096 2247 memini,
1136 2188 1376 2250 quantus
1410 2182 1761 2247 terr-orfmihi
1797 2187 1930 2237 tunc
1968 2131 2241 2239 incid’erit.
2279 2183 2500 2248 Quanta
2534 2184 2838 2249 temeritas,
2875 2183 3178 2251 quomodo

664 2258 920 2321 poteram
959 2253 1056 2306 tali
1107 2252 1274 2305 modo
1315 2254 1557 2319 precari!
1628 2252 1741 2306 Sed
1780 2251 1985 2306 femina
2040 2253 2270 2308 firmiter
2306 2253 2485 2308 credit
2538 2252 2609 2308 de
2648 2254 2703 2307 vi
2744 2253 3178 2322 deprecationis

666 2336 843 2376 meae.
903 2321 1059 2375 Tunc
1099 2322 1383 2391 professus
1433 2338 1549 2375 sum
1589 2338 1776 2375 coram
1815 2321 1937 2374 Deo
1987 2322 2264 2375 vilitatem
2303 2331 2359 2376 et
2416 2322 2833 2390 improbitatem
2881 2338 3072 2376 meam
3115 2330 3177 2375 et

666 2406 729 2445 su
774 2390 979 2460 plicavi
1011 2408 1110 2459 pro
1140 2398 1394 2460 aegrot0‚
1433 2398 1495 2445 ut
1520 2407 1687 2445 sanus
1719 2391 1898 2454 fieret,
1939 2392 2070 2458 quia
2095 2407 2215 2446 eam
2243 2392 2590 2446 voluntatem
2612 2391 2720 2446 Dei
2756 2407 2880 2447 esse
2917 2406 3177 2460 cognos-

666 2408 993 2583 cetgatmEEt
1031 2461 1184 2516 Deus
1222 2470 1457 2529 aegroto
1494 2461 1735 2530 gratiam
1774 2460 1933 2515 dedit
1970 2467 2027 2513 et
2064 2462 2285 2515 sanavit
2323 2477 2463 2516 eum.
2516 2462 2641 2531 Ego
2679 2464 2894 2529 gratias
2931 2462 3029 2529 egi
3074 2462 3180 2516 bo·

667 2546 835 2584 mai
923 2546 1027 2584 ins.

879 2601 1011 2652 Cum
1053 2600 1193 2653 alias
1243 2599 1386 2653 idem
1427 2599 1633 2654 {actum
1674 2605 1841 2662 esset,
1900 2599 2142 2666 cognovi
2190 2615 2311 2653 eam
2351 2617 2473 2655 esse
2521 2600 2869 2654 voluntatem
2907 2599 3175 2653 divinam

668 2678 726 2725 et
764 2669 933 2724 statui
974 2686 1073 2738 pro
1113 2669 1369 2722 omnibus
1406 2668 1715 2738 deprecari,
1756 2668 1850 2735 qui
1889 2669 1942 2722 id
1986 2669 2296 2737 petiissent.

879 2739 963 2792 De
1019 2755 1144 2793 mea
1199 2738 1318 2791 vita
1373 2739 1595 2793 interna
1642 2738 1829 2792 dicere
1879 2754 2121 2807 possum,
2182 2754 2269 2791 me
2324 2743 2576 2806 perstare
2626 2739 2681 2792 in
2733 2738 3022 2806 sequenda
3074 2738 3174 2791 illa

669 2809 895 2878 regula:
934 2807 1117 2862 Nosce
1145 2813 1203 2861 te
1233 2806 1429 2875 ipsum.
1472 2808 1550 2861 Εῑι
1579 2807 1698 2862 vita
1724 2823 1850 2861 mea
1873 2809 2204 2862 continetur.
2245 2809 2607 2873 Cognosccns
2631 2807 2899 2876 meipsum
2926 2823 2995 2860 co
3043 2824 3182 2861 nos-

668 2896 736 2934 co
774 2893 993 2933 omnem
1032 2877 1379 2931 debilitatem
1418 2892 1596 2932 meam
1638 2884 1697 2930 et
1733 2892 1933 2931 maneo
1969 2878 2269 2932 modestus.
2311 2877 2483 2931 Omne
2522 2878 2745 2942 bonum,
2805 2876 2956 2944 quod
3018 2877 3172 2942 acio,

668 2948 856 3019 gratia
905 2948 1098 3000 divina
1146 2946 1320 3001 facio:
1394 2963 1428 3000 a
1467 2964 1551 3001 me
1602 2954 1734 2999 sunt
1769 2946 1971 3010 omnia,
2011 2962 2156 3015 quae
2193 2948 2343 3001 mala
2394 2954 2535 3001 sunt.
2603 2947 2691 3000 Me
2741 2947 2921 3013 ipsum
2975 2945 3173 3001 habeo

664 3018 948 3072 minimum
999 3022 1055 3069 et
1090 3017 1485 3084 nequissimum
1540 3017 1782 3069 omnium
1820 3016 2190 3083 sacerdotum,
2246 3016 2377 3084 quia
2424 3016 2470 3070 si
2519 3015 2616 3070 alii
2652 3016 2867 3084 gratias
2915 3022 2974 3069 et
3010 3015 3175 3069 dona

666 3086 959 3150 haberent,
998 3102 1144 3154 quae
1182 3086 1336 3140 Deus
1374 3085 1504 3139 mihi
1543 3086 1657 3150 dat,
1698 3086 1871 3138 multo
1910 3086 2032 3153 plus
2071 3086 2200 3139 boni
2239 3084 2505 3140 facerent.

880 3155 1065 3222 Vitae,
1106 3171 1268 3222 quam
1308 3155 1607 3209 asceticam
1646 3162 1869 3220 vocant,
1910 3172 2020 3208 non
2059 3171 2228 3208 vaco:
2268 3156 2352 3208 Nc
2389 3155 2615 3223 putetis,
2652 3171 2739 3209 me
2779 3154 2927 3208 velle
2978 3152 3176 3214 dicere

709 3226 965 3293 uic-quam
1006 3242 1116 3279 non
1145 3226 1394 3293 vulgare.
1437 3224 1494 3278 Si
1523 3225 1675 3277 vitae
1703 3225 1982 3278 asceticae
2014 3240 2288 3290 vacarem,
2328 3224 2567 3278 tortasse
2595 3226 2718 3293 plus
2745 3224 2876 3278 boni
2902 3222 3173 3278 facerem.

669 3242 783 3351 {ed
823 3311 1022 3348 munus
1059 3310 1239 3348 meum
1279 3310 1389 3348 non
1429 3294 1703 3363 permittit
1739 3294 1890 3358 mihi,
1930 3299 1990 3346 nt
2016 3294 2117 3347 sim
2156 3301 2363 3348 asceta.
2403 3295 2558 3361 Lego
2585 3295 2753 3347 etiam
2789 3296 2919 3346 acta
2948 3291 3173 3354 diurna,

671 3373 732 3421 et
768 3365 936 3419 doleo
986 3380 1158 3433 saepe
1196 3364 1267 3418 de
1304 3370 1558 3431 tempore
1596 3363 1802 3418 amisso
1841 3371 1899 3417 et
1936 3363 2007 3416 de
2045 3362 2167 3427 hoc,
2227 3364 2375 3429 quod
2414 3364 2732 3418 continetur
2780 3362 2834 3414 in
2887 3362 2985 3415 eiS.
3053 3360 3172 3415 Sed

710 3434 819 3490 uod
858 3450 1138 3500 nunquam
1180 3432 1393 3498 omitto,
1434 3449 1681 3487 canones
1717 3439 1844 3487 sunt
1881 3432 1935 3486 in
1974 3433 2226 3500 singulos
2265 3433 2388 3488 dies
2423 3433 2714 3502 assignati.
2755 3432 2874 3485 Hac
2910 3430 3161 3485 lectione

670 3450 849 3558 gidici
889 3505 1062 3557 vitam
1101 3503 1472 3572 religiosam“.

882 3574 922 3642 1·
959 3573 1106 3631 Iun
1154 3572 1414 3630 Thalem.
1489 3573 1704 3626 Auctor
1754 3571 1938 3624 eximii
1978 3570 2123 3636 libri,
2172 3571 2327 3625 cuius
2377 3572 2430 3624 in
2469 3572 2576 3625 hoc
2612 3570 2879 3626 fasciculo
2927 3568 3166 3623 brevem

672 3658 961 3697 censuram
1002 3641 1247 3707 fecimus,
1291 3642 1637 3700 ..Slavensko
1663 3642 2005 3710 Bogoslnzje
2043 3656 2078 3694 u
2115 3640 2478 3709 Hrvatskoj“,
2523 3645 2598 3695 11.
2635 3641 2767 3695 Maii
2807 3640 2939 3693 1905
2977 3655 3009 3693 e
3048 3639 3172 3692 vita

673 3712 931 3767 excessit.
990 3713 1225 3780 Magnus
1261 3712 1356 3766 ille
1407 3710 1727 3780 glagolismi
1767 3710 2076 3763 admirator
2111 3710 2318 3763 multos
2355 3726 2533 3765 annos
2583 3711 2637 3764 in
2678 3708 2957 3764 historicis
2994 3708 3170 3762 docu-

672 3782 878 3835 mentis
930 3781 1001 3833 dv
1034 3781 1366 3849 glagolitica
1402 3781 1632 3849 liturgia
1687 3780 1743 3833 in
1781 3780 2010 3833 Oroatia
2045 3779 2439 3846 conquirendis
2474 3780 2831 3849 consumpsit.
2883 3778 3060 3833 Multa
3110 3783 3172 3831 et

672 3850 923 3920 pretiosa
959 3850 1198 3919 scripsit,
1239 3849 1476 3903 maxime
1514 3850 1568 3902 in
1611 3847 1932 3919 „Katolicki
1970 3848 2155 3913 List“;
2205 3847 2490 3916 multaque
2527 3850 2863 3904 documenta
2898 3846 3172 3901 historica

672 3919 855 3976 edidit
902 3920 1286 3987 (Monumenta
1333 3919 1601 3972 historica
1647 3934 1676 3972 e
1722 3918 1837 3971 isco
1881 3922 2007 3972 atus
2044 3918 2437 3987 Zagrebiensis
2483 3920 2759 3986 1873-4).
2816 3916 2897 3972 Cf.
2954 3916 3169 3970 Archiv

672 3989 713 4043 f.
749 3989 888 4043 slav.
932 3989 1245 4057 Philologie
1283 3988 1520 4042 XXVII.
1562 3988 1632 4056 (4.
1729 3988 1764 4054 .)
1801 3987 1846 4040 6.
1870 3987 1918 4041 3.

882 4059 922 4127 †
961 4059 1020 4115 Ρ.
1071 4059 1117 4115 Δ
1172 4060 1386 4128 syr-ku.
1463 4061 1650 4113 Mense
1698 4056 1842 4112 Iulio
1898 4056 2026 4110 anni
2078 4056 2257 4125 elapsi
2320 4055 2618 4111 defunctus
2668 4062 2755 4113 est
2807 4053 3167 4109 doctissimus

671 4133 869 4184 auctor
907 4126 1030 4181 libri
1090 4127 1344 4196 „Istorija
1385 4126 1750 4196 hristianstva
1803 4145 1839 4179 v
1881 4126 2127 4195 Bolgarii
2174 4126 2248 4180 do
2286 4126 2520 4197 knjazja
2556 4126 2754 4181 Borisa
2804 4127 2819 4179 i
2870 4124 3164 4179 krescenie

671 4197 1061 4267 bolgarskago
1098 4197 1361 4251 naroda“.
1402 4198 1551 4251 1889.
2867 4262 2880 4275 ἱ
2945 4263 2958 4275 ·

885 4268 948 4325 ln
971 4266 1495 4326 transscribendis
1516 4265 1746 4324 littoris
1774 4265 2114 4323 Bessorum
2134 4264 2573 4320 immutationem
2601 4280 2832 4334 parvam
2853 4262 3169 4318 taciendam

674 4352 802 4392 esse
841 4337 1165 4405 statuimus3
1206 4356 1234 4388 ι,
1273 4337 1647 4405 exprimemus
1672 4364 1739 4375 ss—
1768 4340 2067 4401 sequentes
2096 4334 2414 4403 Brugmann
2445 4366 2511 4373 —
2540 4334 2738 4403 signo'.
2778 4334 2829 4387 Χ
2859 4331 3170 4387 scribemus

676 4411 733 4475 1,),
771 4422 926 4461 more
963 4406 1373 4475 philologorum
1413 4405 1725 4473 linguarum
1767 4403 2157 4458 semiticarum.

1654 4589 2189 4651 *W*-
