3450 5342
720 425 895 482 ...85-

181 607 244 662 tale
264 612 381 664 votnm.
410 607 438 661 b.
457 625 482 661 e.
501 608 694 676 propositum
721 617 769 662 est
794 609 970 664 necessario
997 615 1113 676 votnm,
1143 609 1171 662 b.
1190 625 1214 663 e.
1234 607 1426 664 desiderium

178 675 284 744 ipsius
304 676 503 730 sacramenti:
534 692 603 730 nant
625 678 761 745 quivult
782 693 863 732 nune
885 678 961 732 velle
987 687 1016 732 et
1036 685 1140 747 petere
1161 685 1297 746 tempore
1317 678 1424 734 futuro

182 746 338 800 obiectum
365 745 487 814 aliquod
513 745 655 814 sinrplex,
686 751 745 802 iarn
772 762 854 802 utine
875 747 940 802 vult
961 749 1033 802 cluo:
1054 754 1084 801 et
1103 755 1205 802 actum
1227 747 1375 814 futurum,
1395 755 1425 804 et

181 815 379 884 aliquatenus
405 815 559 870 oliiectum
586 816 661 870 illud
689 816 812 870 troicum
842 817 999 872 materiale
1025 817 1192 886 aliquando
1211 818 1425 882 obtinendum,

183 883 215 938 iu
240 885 324 954 quod
351 885 477 938 futurus
497 892 584 939 actus
603 886 717 941 tendat.
744 885 845 940 Immo
871 894 958 940 actus
979 887 1132 955 perfectae
1152 886 1348 942 contritionis
1369 901 1423 942 seu

182 953 321 1008 caritatis
347 970 384 1007 ex
406 962 507 1008 ruente
525 955 652 1023 quidem
667 962 783 1017 nostra,
803 955 982 1023 implicitam
1001 956 1100 1025 ipsius
1118 959 1304 1011 sacramenti
1319 956 1428 1011 volun·

183 1030 276 1076 tatem
304 1024 591 1091 cornprclremleret.
619 1024 740 1078 etiamsi
768 1040 845 1079 usus
874 1025 1002 1079 actualis
1033 1024 1217 1080 auocamentt
1245 1025 1425 1094 neutiquam

185 1099 371 1173 praeceptus
386 1093 473 1156 foret,
494 1093 567 1148 dum
583 1093 769 1148 disiunctire
783 1103 836 1147 aut
849 1101 1078 1156 sacramentnm
1094 1096 1197 1164 ipsum
1214 1101 1267 1148 aut
1281 1095 1426 1150 contritio

182 1162 347 1218 includens
367 1163 551 1216 sacramenti
573 1172 679 1216 votnrn
700 1172 734 1217 nt
755 1164 889 1218 medinm
906 1164 1115 1218 necessarlum
1141 1164 1338 1218 remissionis
1358 1179 1428 1218 con·

181 1231 291 1286 stituta
310 1241 394 1284 esset
440 1233 516 1286 Natu
537 1242 624 1286 actus
644 1248 736 1286 cerae
757 1241 785 1286 et
807 1233 960 1301 perfectae
980 1234 1117 1288 caritatis
1139 1233 1338 1302 proindeque
1358 1249 1428 1288 con-

180 1300 321 1355 tritionis
349 1317 387 1354 ex
413 1301 539 1370 propria
571 1312 706 1356 essenta
735 1317 792 1356 sna
816 1303 886 1356 talis
912 1309 967 1366 est,
997 1308 1030 1356 ut
1057 1302 1196 1358 intintam
1228 1307 1421 1372 praesentem

179 1372 340 1440 quandam
366 1387 435 1426 curn
458 1371 520 1425 neo
540 1371 786 1426 coniunctionem
816 1379 908 1439 petat,
937 1381 970 1426 ut
996 1388 1030 1426 ea
1051 1373 1162 1438 titania,
1191 1387 1270 1441 quae
1301 1387 1425 1426 summo

184 1439 267 1494 bono
287 1440 426 1506 graviter
451 1441 633 1508 displiceant
660 1441 706 1494 rel
732 1441 890 1496 inimicum
914 1441 976 1496 Deo
1004 1441 1159 1496 hominem
1187 1440 1330 1504 reddant,
1362 1457 1424 1496 non

182 1509 285 1562 solum
302 1517 441 1578 ternpore
456 1511 561 1564 futtuo
577 1511 694 1564 evitare
709 1511 756 1563 rel
770 1511 893 1566 anferre
908 1517 1031 1574 statuat,
1050 1511 1113 1572 sed,
1126 1519 1278 1578 intantum
1293 1510 1422 1580 quidem

181 1586 230 1634 est
250 1578 280 1632 in
305 1594 346 1641 sc,
365 1579 424 1632 iarn
448 1579 494 1632 liic
513 1589 543 1633 et
557 1595 639 1633 nunc
659 1587 826 1645 removeat,
846 1589 879 1633 ut
898 1582 938 1634 ob
958 1581 987 1633 id
1009 1579 1111 1649 ipsum
1133 1589 1241 1634 cuncta
1261 1580 1311 1634 illa
1326 1579 1425 1650 impli-

179 1648 242 1702 cite
261 1648 368 1702 saltent
390 1648 500 1717 cupiat.
518 1649 635 1718 quibus
655 1649 767 1717 (eripitis
789 1648 933 1717 protinus
953 1650 983 1703 iu
1002 1653 1135 1716 prauam
1156 1665 1225 1703 cunr
1239 1650 1303 1704 lieo
1331 1649 1425 1704 bomo

183 1717 297 1772 redeat.
317 1719 410 1786 Atqui
430 1734 466 1770 ex
488 1719 653 1786 tqpotnesi
675 1719 821 1783 lucilium,
840 1723 986 1787 quarnvis
1007 1735 1068 1773 non
1089 1727 1298 1788 praeceptum,
1321 1725 1424 1774 tamen

179 1795 394 1855 opportunum
415 1790 533 1851 cratiae
552 1788 675 1842 divinae
696 1788 889 1854 recipiendae
908 1797 955 1842 est
975 1789 1160 1843 sacramenti
1182 1792 1297 1854 votum,
1332 1788 1425 1858 idque

182 1863 231 1911 est
250 1856 339 1909 etiam
363 1856 497 1910 inedium
519 1858 644 1911 unicum
665 1856 803 1911 eiusdem
819 1857 937 1921 gratiae
957 1857 1016 1912 iant
1040 1861 1121 1913 sine
1142 1857 1223 1912 ulla
1245 1872 1352 1912 mora
1372 1859 1424 1912 ob-

181 1925 337 1980 tinendae.
359 1926 443 1992 Ergo
456 1927 547 1980 ctiam
569 1943 627 1980 usn
643 1927 828 1982 sacramenti
848 1943 910 1981 non
926 1935 1090 1996 praecepto
1109 1925 1254 1982 contritio
1269 1927 1423 1996 perfectae

177 1995 320 2049 caritatis
340 1995 484 2049 voluntas
504 1996 650 2064 implicita
670 1996 770 2065 ipsius
791 1997 976 2051 sacramenti
996 2001 1086 2051 esset.
1107 1995 1251 2064 (Strauit).

286 2083 332 2135 Ad
352 2085 376 2134 :t
397 2081 464 2136 Non
478 2090 561 2136 esset
576 2098 653 2136 usus
669 2081 802 2137 clavium
819 2082 877 2136 lam
896 2084 1100 2143 necessarius,
1124 2083 1149 2136 si
1162 2082 1295 2137 liberum
1310 2082 1425 2138 fuisset

183 2152 317 2206 medium
347 2151 507 2220 quodlibet
532 2151 656 2220 eligere
684 2152 738 2205 sed
765 2155 838 2232 quia
857 2153 1037 2207 constitutio
1058 2153 1241 2216 mediorum,
1270 2167 1325 2220 per
1344 2165 1423 2222 quae

178 2221 219 2274 ad
253 2221 347 2275 finem
374 2221 569 2275 remissionis
595 2221 688 2275 amno
714 2230 825 2282 t'ctitat,
853 2237 870 2275 a
893 2221 946 2276 Dei
967 2223 1125 2276 voluntate
1146 2236 1278 2290 prorsus
1299 2223 1424 2291 pendet.

181 2291 365 2355 continuere
391 2306 464 2343 sane
484 2293 594 2359 potest,
623 2299 655 2344 nt
675 2291 810 2344 medium
840 2291 1008 2360 quodpiam
1032 2291 1115 2345 velut
1142 2291 1362 2346 secundarium
1385 2291 1424 2346 ad

180 2353 398 2414 remissionem
425 2361 674 2429 consequendam
706 2368 835 2414 eatenus
861 2359 1005 2424 sufficiat,
1036 2365 1190 2430 quatenus
1220 2362 1257 2415 ad
1287 2361 1423 2416 medium

181 2429 366 2498 primarium
391 2429 549 2498 quoddam
575 2428 716 2484 ordinem
742 2429 874 2497 aliquem
905 2445 1009 2485 secum
1036 2431 1147 2484 lrabeat
1168 2445 1302 2510 eumque
1322 2429 1425 2500 expri-

180 2499 329 2552 mendum
356 2507 429 2552 vino
455 2499 562 2553 saltem
589 2499 738 2567 implicito
763 2500 879 2560 utendi,
907 2506 1056 2568 quamtum
1085 2499 1152 2554 lieri
1173 2509 1281 2580 possit.
1310 2499 1423 2554 deinde

178 2570 274 2622 eliam
297 2567 398 2622 rnedio
418 2568 577 2637 primarie
598 2585 659 2637 qua
678 2569 802 2638 quidem
819 2569 1014 2624 institutione
1028 2572 1094 2638 ipsa
1116 2575 1216 2637 posita
1236 2585 1298 2623 non
1318 2571 1425 2638 potest

178 2637 308 2707 quidem
330 2653 407 2692 risus
427 2637 555 2692 actualis
576 2639 667 2692 medii
688 2638 836 2706 primarii,
857 2638 924 2692 sive
943 2643 1024 2706 post,
1044 2638 1109 2692 sive
1129 2646 1199 2692 ante
1220 2653 1311 2693 usum
1328 2637 1423 2694 medii

182 2706 369 2772 secundarii,
388 2721 457 2762 esse
478 2709 537 2762 sub
558 2714 700 2775 respectu
720 2707 805 2762 omni
825 2708 1021 2762 necessarius
1041 2707 1079 2762 nd
1101 2707 1222 2762 veniam
1243 2709 1352 2776 culpae
1371 2709 1424 2762 ob·

180 2776 349 2840 fluentiam,
381 2776 574 2846 proindeque
599 2793 660 2830 non
687 2785 734 2830 est
753 2778 949 2832 necessarius
978 2777 1162 2831 necessitate
1192 2777 1284 2830 medii
1306 2777 1423 2842 stricta,

181 2861 292 2900 verum
314 2861 391 2900 usus
416 2846 467 2900 ille
493 2847 688 2900 necessarius
714 2854 762 2899 est
782 2855 928 2915 tanquam
956 2845 1108 2900 terminus
1129 2845 1329 2912 connaturali,
1361 2861 1422 2901 non

182 2915 323 2994 praecise
341 2916 542 2975 intentionali,
571 2916 748 2984 aqtpetentia
767 2915 944 2983 postulatus
964 2917 1003 2969 ab
1024 2915 1092 2982 ipso
1114 2915 1214 2968 medio
1235 2915 1421 2972 secundario

177 2984 304 3038 laterior
319 2985 467 3052 adhibito,
486 2987 525 3039 ad
539 2985 775 3054 producernlum
791 2984 958 3039 terminum
981 2984 1081 3047 talem,
1103 2990 1136 3038 ut
1151 2984 1423 3053 ‹simplementum

180 3068 238 3122 per
256 3054 381 3124 aliquod
409 3055 530 3110 initium
557 3055 624 3108 eius
642 3055 702 3109 iam
731 3053 836 3117 relato,
864 3061 894 3108 et
914 3059 1058 3122 tanquam
1080 3069 1139 3118 res
1169 3069 1225 3121 per
1244 3070 1277 3106 se
1296 3054 1422 3122 quidem

182 3123 316 3178 maxime
335 3123 454 3192 efficax,
473 3125 561 3179 euius
581 3124 760 3192 explendae,
790 3129 942 3203 quantum
963 3129 1010 3178 est
1031 3122 1061 3176 in
1082 3122 1206 3176 homine
1226 3123 1322 3192 lapso,
1349 3123 1424 3178 obli-

179 3193 266 3261 gatio
280 3193 387 3262 gravis
401 3194 491 3249 etiam
509 3199 581 3264 post
599 3209 691 3247 usum
713 3191 805 3247 medii
820 3192 995 3248 secundarii
1011 3206 1218 3260 perseverans
1232 3191 1423 3260 intellegitur

179 3266 211 3315 et
230 3263 439 3342 postulatione
454 3264 504 3318 illa
523 3273 553 3318 et
566 3263 686 3326 exinde,
706 3263 787 3332 quod
806 3261 873 3316 sine
892 3262 959 3315 eius
975 3269 1114 3330 ternpore
1134 3277 1191 3315 suo
1208 3262 1423 3330 exsequendae

180 3346 262 3454 serula
282 3333 389 3386 saltem
411 3333 569 3388 voluntate
584 3332 631 3386 vel
652 3332 755 3401 ipsunt
772 3330 907 3385 inedium
924 3331 1144 3386 secundarium
1165 3330 1281 3384 nullam
1297 3331 1420 3386 veniant

178 3401 344 3456 nituisset.

284 3490 333 3544 Ad
353 3493 377 3545 t
399 3489 565 3557 »sepositis
594 3488 735 3612 parvulis
763 3487 965 3557 martyribus,
995 3493 1042 3540 est
1068 3487 1215 3541 omnibus
1241 3485 1422 3542 hominibus

176 3558 363 3613 necessitate
388 3557 481 3614 medii
500 3559 539 3613 ad
559 3564 689 3613 sautem
703 3556 927 3625 sempiternam
951 3558 1159 3612 necessarium
1182 3557 1348 3625 baptisma,
1359 3571 1426 3612 sus-

177 3627 204 3682 ei
229 3627 354 3682 tendum
388 3634 443 3682 aut
468 3643 501 3681 re
530 3628 607 3697 ipsa,
636 3634 670 3682 nt
696 3627 877 3689 infantibus
915 3631 969 3681 aut
994 3631 1076 3680 certe
1105 3632 1178 3680 voto
1204 3625 1360 3695 implicito,
1389 3631 1423 3681 ut

177 3711 197 3751 a
222 3697 296 3750 ultis
335 3698 485 3762 strauit,
507 3698 551 3752 De
571 3697 707 3752 Ecclesia
727 3697 782 3751 Tlr.
804 3699 834 3750 11
856 3711 884 3750 n.
906 3710 1003 3764 maru.
1023 3697 1082 3750 350.

289 3809 409 3876 Schol.
427 3815 453 3878 l.
476 3815 642 3892 Quaeritur,
666 3814 736 3894 quid
760 3813 797 3871 dc
813 3817 856 3872 eis
869 3812 1026 3872 dicendum
1048 3816 1093 3884 sit,
1118 3834 1239 3890 quorum
1264 3813 1426 3892 baptismus

177 3914 223 3959 est
247 3900 360 3960 dubius.
385 3903 493 3961 Eorum
518 3902 729 3978 obligationem
753 3910 852 3978 utpote
876 3899 995 3958 dubium
1021 3899 1096 3976 [cum
1117 3921 1177 3958 non
1200 3899 1341 3978 baptizoti
1364 3920 1424 3958 non

178 3988 239 4045 sint
262 3987 398 4063 obligati:
433 3990 467 4048 cf.
494 3989 658 4058 llicastillo,
681 3988 728 4046 lle
751 4009 834 4066 poen
869 3987 944 4066 disp.
976 3991 991 4044 t
1018 4009 1047 4048 n.
1072 3991 1108 4044 11
1135 3992 1193 4055 ss),
1228 3986 1338 4045 nullam
1362 4007 1426 4044 esso

177 4089 356 4134 censuerunt
405 4075 662 4135 ll'Aunibalc.
712 4074 1152 4144 llallorini-Palmieri,
1197 4073 1427 4146 Buceeroni,

179 4158 360 4221 Genicot.
395 4166 565 4236 minorantes
594 4172 694 4220 tamen
729 4161 959 4220 declarationem
990 4183 1011 4218 s.
1043 4161 1133 4218 officii
1169 4181 1206 4218 ex
1238 4180 1315 4218 anno
1343 4162 1426 4219 1869

178 4246 243 4324 (12.
267 4249 333 4313 lul.)
380 4251 536 4308 ltationom
570 4250 656 4307 buius
692 4247 881 4322 obligationis
917 4248 994 4306 hanc
1031 4249 1162 4324 assignat
1198 4247 1357 4318 Naidin,
1380 4247 1427 4304 De

178 4353 301 4397 sacram,
326 4341 409 4394 223:
455 4335 531 4412 .Qui
555 4346 633 4394 certo
657 4335 757 4393 subest
780 4333 976 4393 iurisdietioni
1000 4335 1149 4404 ecclesiae,
1182 4343 1291 4392 certam
1315 4333 1428 4410 obliga-

178 4422 290 4480 tionem
314 4423 402 4480 babet
425 4445 478 4482 sua
500 4441 622 4500 peccata
644 4421 817 4495 confitenda
841 4421 892 4479 sed
916 4422 966 4499 qui
990 4420 1168 4498 baptismum
1192 4423 1319 4498 suscepit
1353 4421 1428 4498 (sive

178 4517 258 4566 certo
282 4511 345 4568 sive
369 4509 457 4568 dubio
481 4508 626 4587 validum)
661 4530 695 4566 eo
719 4511 782 4586 ipso
804 4519 884 4566 certo
907 4507 1006 4566 subest
1036 4505 1233 4565 iurisdictioni
1267 4507 1423 4566 ecclesiae:

178 4597 231 4671 qni
254 4599 333 4654 enim
358 4599 414 4654 ritu
445 4611 567 4655 externo
596 4617 613 4654 a
637 4597 701 4654 Deo
731 4597 912 4673 praescripto
943 4593 1108 4670 ingreditur
1142 4593 1305 4664 ecclesiam,
1336 4596 1428 4652 socie·

179 4691 269 4739 tatem
296 4683 452 4745 risibilem.
476 4687 537 4742 inre
560 4686 623 4741 eius
655 4681 815 4740 membrum
847 4689 990 4752 censetur,
1026 4679 1124 4738 subest
1148 4679 1282 4738 omuibus
1314 4677 1427 4756 obliga-
