3450 5342
845 283 971 338 —di'tl
1002 312 1039 320 —

426 469 453 526 ἶ.
478 467 560 544 l'ape
591 465 761 524 Hadrianus
795 471 1032 526 rreoronsecratis
1065 469 1211 548 episcopis
1240 486 1410 545 eorumque
1445 462 1573 522 suardo·

321 555 398 616 tibus
421 555 573 615 concessit,
595 567 626 610 ut
648 573 759 612 sacram
785 554 934 632 liturgiam
957 555 1061 629 lingua
1082 556 1203 615 slavica
1223 553 1431 612 eelebrnrent
1456 549 1510 610 Ad
1526 551 1573 608 bo:

322 639 558 716 cognoscendum
582 643 778 698 necessarium
803 663 861 700 non
884 654 937 705 est.
960 643 1079 720 fatigari
1103 643 1193 719 longa
1212 639 1435 718 disquisitione
1461 638 1501 696 de
1522 641 1574 716 epi

322 731 397 788 stola
422 725 567 786 Hadriani
592 725 638 794 ll.,
671 741 754 804 prout
776 747 839 806 cap.
862 736 891 785 ti.
917 729 1003 787 l'itue
1026 728 1170 788 Methodii
1193 730 1371 792 continetur.
1400 742 1510 784 ntrnm
1530 726 1578 784 sti

323 817 390 874 lieet
414 815 544 892 gertuina
567 827 595 870 et
619 815 786 892 incorrupta
814 835 847 872 ac
871 814 1000 873 fideliter
1021 818 1166 874 translata
1187 818 1235 872 sit.
1257 815 1396 893 Cyrillns
1435 817 1579 890 quaestio

325 922 390 962 nem
414 899 451 960 dc
476 900 594 975 liturgia
610 900 736 972 Slariea,
759 920 847 980 quarn
871 901 1056 962 introducere
1079 915 1216 982 coeperat
1238 915 1268 959 et
1286 901 1324 959 ob
1341 921 1444 979 qnam
1470 912 1579 959 conns

322 990 470 1048 dictiones
487 1005 588 1064 praesim
610 1000 663 1049 est.
690 989 797 1046 llomae
815 1009 975 1067 proponere
990 989 1092 1048 debuit
1115 1003 1146 1048 et
1168 991 1326 1068 proposuit.
1351 987 1482 1046 Debuit
1497 988 1581 1064 igitur

324 1077 457 1156 ‹lunoniu
488 1071 596 1130 ibidem
629 1077 794 1132 necessario
824 1074 931 1134 discuti
961 1092 991 1134 et
1020 1078 1227 1136 auctoritative
1249 1076 1334 1134 solvi.
1382 1073 1582 1132 Hadrianum

322 1183 429 1242 papam
454 1175 550 1218 antem
575 1161 748 1219 solutionem
772 1161 890 1220 dedisse
914 1163 1116 1229 lat'orabilern,
1142 1164 1260 1242 qualem
1290 1184 1327 1224 ss.
1351 1163 1476 1220 fratres
1508 1172 1584 1239 op·

325 1249 404 1315 lrant,
427 1269 528 1306 ornnes
554 1247 648 1304 linitus
671 1259 823 1309 testantur.
855 1251 905 1328 qui
936 1253 1100 1327 generatim
1123 1271 1188 1308 eam
1219 1269 1280 1308 rem
1303 1260 1453 1326 tangunt.
1501 1247 1586 1320 ‚lita

325 1337 533 1395 Constantini·
560 1347 587 1390 et
616 1333 703 1396 ,t'ita
730 1334 890 1394 lletlrodii·
918 1335 1061 1396 exhibent
1093 1339 1148 1395 bac
1175 1339 1206 1394 in
1229 1357 1269 1406 re,
1302 1339 1374 1415 quia
1399 1339 1439 1394 in
1467 1336 1586 1413 templis

325 1421 577 1502 praelegebantur.
611 1423 810 1480 testimoniam
842 1425 934 1500 ipsias
964 1426 1103 1502 antiquae
1134 1424 1277 1482 ecclesiae
1312 1423 1519 1500 Bulgerioae.
1552 1421 1586 1478 ab

327 1507 505 1567 innnedintis
528 1506 681 1584 discipulis
705 1527 871 1567 sanatorum
896 1513 1017 1569 fratrum
1042 1510 1172 1570 iniectae.

434 1613 496 1670 lloc
529 1611 591 1668 loco
621 1612 828 1690 expenduntur
857 1616 947 1672 etiam
978 1618 1114 1674 rationes.
1149 1636 1224 1694 «luae
1257 1613 1455 1674 Hadrianum
1486 1615 1528 1674 ll„
1551 1611 1585 1669 ad

331 1698 473 1757 eiasrnodi
498 1701 715 1757 contemsissem
741 1701 892 1778 impellere
915 1705 1071 1778 potuerint.

432 1811 459 1862 a,
484 1801 543 1860 Sub
574 1817 689 1880 tempas
724 1825 845 1862 vernum
879 1808 948 1862 rrnrri
982 1807 1043 1863 869
1076 1829 1097 1867 s.
1129 1805 1297 1864 Methodins
1327 1805 1586 1885 arclriepiscopdi

327 1887 472 1966 dignitato
488 1891 647 1962 insignitus
671 1905 697 1945 et
723 1891 808 1948 simul
825 1907 971 1969 potestate
987 1895 1076 1970 legati
1101 1915 1118 1950 u
1136 1893 1226 1951 latere
1249 1895 1412 1952 instructus
1437 1896 1477 1952 in
1494 1903 1586 1950 term

328 1977 461 2034 slavicos
489 1975 574 2032 rediit
610 1991 637 2032 et
663 1979 755 2053 primo
787 1979 815 2034 in
840 1979 996 2037 Pannonia
1027 1980 1104 2058 apud
1131 1980 1273 2036 liecelam
1299 1982 1492 2038 erectionem
1517 1981 1585 2036 novi

327 2067 510 2141 episcopatus
534 2063 729 2140 promulgarit
754 2079 841 2143 atque
866 2065 962 2123 allicio
985 2088 1037 2126 sno
1060 2069 1142 2139 fungi
1167 2069 1272 2144 coepit.
1296 2067 1373 2126 Eam
1397 2065 1584 2126 sacerdotali

328 2165 441 2208 tantum
465 2149 567 2206 ordine
584 2152 730 2226 provisum
747 2149 783 2208 ad
804 2151 946 2210 Kocelnm
970 2153 1100 2212 rediisse.
1124 2168 1153 2212 et
1176 2151 1213 2211 ab
1237 2153 1340 2211 eodem
1357 2171 1468 2230 postca
1484 2173 1585 2212 rums

332 2239 451 2294 llamam
484 2239 602 2293 missum
634 2259 706 2306 esse
741 2251 769 2294 nt
801 2241 955 2318 episeopus
980 2241 1196 2299 l'annouiensis
1226 2253 1451 2298 consecraretur
1486 2245 1583 2318 (prout

330 2328 360 2382 in
384 2327 446 2381 eins
472 2323 540 2380 l'ita
563 2345 586 2380 c.
611 2333 638 2379 a.
662 2326 692 2381 in
716 2325 774 2381 line
797 2324 927 2406 legitur).
950 2348 1029 2384 error
1051 2341 1094 2384 est
1119 2328 1299 2386 manifestus.

434 2431 461 2487 a.
486 2426 682 2505 subsequenti
707 2429 811 2488 bieme.
836 2428 1071 2507 probabilissime
1094 2432 1233 2490 Ianuario
1256 2431 1303 2488 rel
1320 2431 1492 2490 Februario
1512 2429 1582 2488 anni

330 2518 393 2572 eia
422 2513 600 2575 bletlrodias.
634 2535 698 2572 curn
730 2515 758 2572 in
784 2517 948 2574 lloraviam
979 2520 1153 2589 transiisset,
1187 2530 1289 2596 captus
1323 2528 1352 2576 ct
1381 2518 1580 2577 Pnssoviensi

329 2603 465 2678 episcopo
492 2601 684 2658 llermanrico
708 2601 832 2660 traditus
855 2616 907 2665 est.
932 2607 982 2682 qui
1005 2626 1071 2662 eum
1094 2605 1250 2664 durissime
1272 2607 1422 2663 tractavit.
1471 2605 1582 2664 Posses

329 2708 448 2746 causam
479 2685 576 2744 dicere
608 2689 773 2764 compulsus
804 2703 846 2746 est
878 2710 975 2748 coram
1003 2691 1135 2750 collectis
1158 2693 1304 2750 Bavariae
1334 2694 1496 2770 episcopis,
1532 2693 1578 2769 qni

329 2795 405 2850 eurrr,
439 2777 540 2852 iniquo
563 2773 671 2832 iudicio
696 2775 932 2846 condemnatum,
966 2783 1075 2837 carceri
1100 2781 1378 2856 manciparunt-
1402 2777 1580 2837 Conventus
1669 2789 1670 2795 ’

330 2863 355 2918 is
369 2863 569 2938 episcoporum
594 2861 711 2920 habitus
735 2875 778 2920 est
796 2863 952 2940 Frisingae
975 2865 1053 2943 apud
1075 2868 1244 2944 episcopum
1257 2866 1426 2924 Hancnem.
1452 2900 1495 2909 —
1511 2865 1579 2924 Gar-

331 2967 427 3004 cerem
451 2947 517 3004 tulit
542 2947 709 3006 llletbodias
733 2970 784 3026 per
803 2961 862 3008 tres
878 2971 980 3022 annos,
1003 2973 1063 3010 non
1078 2953 1171 3012 solnm
1188 2973 1240 3030 per
1261 2951 1334 3011 duos
1356 2966 1385 3010 et
1409 2952 1578 3011 dimidium.

329 3035 475 3112 'l'empore
500 3033 619 3092 tandem
643 3055 733 3093 verno
757 3039 825 3093 anni
852 3040 913 3095 873
938 3053 1044 3112 agente
1068 3061 1144 3118 papa
1168 3041 1278 3098 loannc
1302 3037 1385 3101 l'lll.
1407 3039 1578 3098 libertatem

332 3133 527 3198 recuperant.

437 3229 484 3282 la.
510 3225 694 3282 liel'elluntur
721 3229 884 3303 scriptores.
918 3231 969 3306 qui
999 3241 1103 3306 putant
1126 3251 1232 3309 papam
1255 3231 1398 3292 Ioannem
1422 3229 1578 3290 Methodio

331 3315 485 3371 occasione
516 3310 700 3368 liberationis
731 3315 793 3370 eins
816 3313 1000 3392 prohibuisse
1024 3337 1107 3375 usum
1136 3319 1254 3394 liuguae
1277 3318 1414 3376 Slavieae
1438 3320 1473 3377 in
1497 3338 1577 3378 soora

331 3401 459 3476 liturgia.
505 3398 598 3454 Multo
622 3401 699 3456 eninr
724 3403 816 3458 serias
840 3401 895 3458 hoc
917 3404 996 3461 fecit.
1027 3403 1141 3462 scilicet
1163 3425 1241 3463 anno
1264 3405 1327 3464 ⁸78
1350 3405 1399 3463 vel
1424 3407 1500 3479 879,
1524 3425 1577 3485 quo

330 3499 460 3564 tempore
474 3484 642 3542 Methodius
673 3485 809 3564 epikia
840 3507 908 3546 usus
931 3489 1131 3549 obedientiam
1154 3489 1270 3549 differre
1287 3494 1450 3550 rectissime
1473 3494 1577 3572 potuit

330 3573 415 3649 Quod
442 3583 550 3650 postea,
585 3593 649 3630 carn
674 3574 796 3632 llomam
831 3578 922 3643 venit,
956 3597 1033 3654 papa
1060 3579 1184 3637 loannes
1214 3581 1277 3656 ipso
1300 3577 1380 3636 hand
1401 3591 1576 3638 cunctanter

331 3663 461 3738 agnovit.

439 3767 485 3820 11.
509 3763 678 3822 Methodius
710 3775 863 3842 postquam
893 3765 1035 3824 liberatas
1067 3781 1110 3826 est
1141 3769 1308 3847 episcopale
1337 3788 1443 3827 munus
1474 3769 1577 3829 obibat

333 3871 390 3908 non
422 3851 514 3908 solum
547 3853 578 3908 in
610 3851 750 3910 lloraria.
784 3851 835 3908 sed
866 3855 956 3910 etiam
980 3856 1011 3912 in
1034 3856 1199 3926 Pannonia,
1229 3875 1317 3935 qnam
1339 3864 1441 3914 umen
1462 3857 1577 3916 ultimis

332 3937 412 3994 vitae
438 3957 506 3994 suae
531 3939 617 3994 antris
642 3937 806 4016 relinquere
830 3954 947 4000 coactns
970 3953 1022 4000 est.

440 4042 486 4096 12.
511 4040 571 4095 lter
601 4040 743 4098 llctlrodii
776 4046 1136 4124 Constantinopolitanum
1167 4043 1217 4128 (de
1248 4067 1306 4124 qno
1334 4048 1397 4106 eins
1420 4047 1494 4106 Vita
1516 4067 1578 4126 cap.

335 4127 394 4187 13.)
418 4145 476 4182 nou
501 4125 617 4188 factum.
642 4125 695 4184 sed
719 4128 817 4187 fictum
842 4142 894 4188 est.
933 4133 1168 4212 Composuerunt
1195 4133 1272 4193 hanc
1295 4137 1497 4193 narrationem
1520 4135 1578 4194 ele-

331 4213 383 4268 rici
407 4213 439 4268 in
464 4211 613 4288 Balgatia,
648 4217 752 4292 spiritu
776 4215 945 4295 Byzantino
968 4230 996 4276 et
1020 4220 1168 4279 Photiano
1190 4220 1308 4298 repleti:
1342 4241 1429 4299 quam
1454 4223 1579 4300 scriptor
1669 4252 1670 4263 κ

331 4297 419 4356 Vitae
444 4298 531 4357 facile
555 4298 689 4369 credidit,
713 4303 783 4378 quia
806 4314 834 4360 et
858 4306 921 4381 ipse
944 4305 1076 4364 eiusdem
1099 4309 1218 4386 spiritus
1242 4306 1305 4366 fuit.

443 4405 490 4462 13.
513 4403 636 4481 Aliquot
669 4405 819 4464 mensibus
851 4419 915 4485 post
946 4420 1068 4468 mortem
1096 4409 1241 4469 Methodii
1272 4411 1381 4488 elapsis
1412 4431 1490 4490 papa
1513 4412 1577 4471 Ste-

330 4487 446 4567 phanes
472 4490 506 4548 l'.
530 4490 616 4569 (ll),
651 4491 813 4552 mendaciis
840 4494 993 4574 Wichingi
1016 4500 1144 4575 episcopi
1168 4497 1287 4556 Nitrani
1310 4497 1459 4576 deceptus,
1492 4519 1576 4557 usum
