3450 5342
673 431 711 440 -
740 400 798 455 lea
824 433 865 439 -

135 606 258 643 muno
293 585 434 656 habet,
469 589 528 644 iam
551 598 636 644 extra
670 589 872 665 quaestionem
908 597 1049 666 versatur,
1084 585 1208 666 ideoque
1244 592 1393 666 negotium

138 673 275 732 facessit,

252 761 300 816 52.
324 758 384 817 Sed
407 779 513 829 nonne,
537 769 568 817 ut
593 760 802 836 hlomjakov
824 759 888 818 loco
911 763 1000 818 citato
1016 761 1160 837 opinatur,
1184 761 1277 820 thesis
1293 763 1393 822 catho-

138 845 204 902 lica
225 848 285 903 iam
317 846 502 904 conclamata
525 857 569 903 est
592 869 634 904 co
658 849 751 924 ipso,
782 845 884 925 quod
915 847 1132 905 coricilium
1163 847 1242 906 sibi
1265 849 1392 908 licere

137 935 295 1010 putavit
318 942 493 990 tractare
521 951 675 991 oausam
699 934 888 992 Honorii?
918 933 1006 1010 Quod
1029 935 1111 992 illam
1131 939 1332 1012 quaestionem
1348 923 1391 996 at-

136 1022 227 1087 tinet,
251 1040 310 1097 qua
340 1022 582 1078 auctoritate
615 1022 735 1078 omuino
769 1022 925 1078 concilium
958 1019 994 1080 de
1019 1022 1151 1080 Romano
1185 1023 1323 1100 pontifice
1348 1027 1390 1084 iu-

104 1117 107 1121 ’
136 1105 295 1175 dicaverit,
327 1106 357 1163 id
387 1127 475 1183 supra
508 1108 580 1164 satis
614 1127 758 1185 superque
793 1109 1017 1184 explicavimus.
1041 1109 1073 1166 si
1098 1129 1166 1166 vcro
1197 1109 1299 1168 illud
1323 1116 1389 1189 quis

138 1195 243 1269 rriagni
268 1196 407 1251 momenti
432 1195 591 1266 existimat,
614 1194 691 1272 quod
716 1196 895 1273 praecise
923 1197 961 1251 in
986 1193 1098 1253 rebus
1122 1195 1136 1252 f
1143 1195 1229 1259 idei,
1263 1196 1299 1254 de
1320 1198 1388 1256 hae-

137 1282 209 1350 resi,
238 1277 275 1336 de
309 1280 442 1338 Honorio
472 1281 628 1338 concilium
662 1281 845 1352 iudicaverit,
879 1280 1071 1339 distinctione
1094 1282 1173 1340 clara
1207 1293 1236 1340 ot
1260 1285 1388 1362 simplici

137 1366 285 1444 nobisque
307 1368 366 1424 iam
391 1376 461 1424 nota
484 1367 557 1425 haec
580 1366 739 1426 difficultas
762 1368 894 1427 solvitur.
918 1368 1029 1426 Contra
1052 1389 1105 1426 nos
1128 1378 1205 1427 esset
1229 1373 1338 1448 utiquc,
1361 1375 1386 1430 si

136 1453 297 1511 concilium
320 1453 397 1511 hanc
421 1452 478 1511 sibi
512 1457 715 1532 quaestionem
748 1458 838 1512 etiarn
873 1453 1116 1512 tractandam
1140 1466 1253 1514 tantum
1290 1477 1386 1516 susce-

137 1542 241 1617 pisset,
264 1550 386 1598 utrum
413 1540 610 1600 Honorius
645 1543 777 1600 falsam
811 1541 1089 1600 definitionem
1111 1563 1158 1600 ‘ex
1182 1542 1387 1602 cathedra

136 1626 302 1685 edidisset:
325 1637 395 1684 tnnc
417 1629 497 1684 enim
513 1630 679 1687 necessario
698 1627 878 1686 censendum
900 1641 985 1691 esset.
1009 1629 1165 1687 concilium
1189 1633 1386 1707 supposuisse,

136 1714 194 1771 hoc
217 1713 320 1772 saltem
343 1716 408 1771 lieri
430 1734 523 1791 posse,
546 1714 670 1793 ideoque
693 1717 858 1773 Romanum
892 1715 1060 1794 pontificem
1084 1718 1115 1773 in
1139 1715 1307 1776 deliniendo
1324 1739 1383 1776 non

136 1821 203 1859 esse
226 1799 423 1858 infallibilem,
447 1802 578 1859 Aliud
601 1805 902 1872 omninoautemcst,
926 1801 976 1859 ubi
999 1801 1036 1858 de
1060 1803 1169 1859 aliis
1192 1801 1383 1861 defecti-

137 1887 204 1946 bus
226 1889 384 1965 (quaeritur,
418 1891 467 1966 qui
490 1891 565 1946 sicut
599 1887 741 1956 accidere,
765 1891 807 1946 ita
829 1891 954 1966 supponi
977 1900 1026 1947 aut
1051 1889 1191 1966 suspicari
1216 1909 1233 1946 a
1256 1891 1382 1950 concilio

137 1984 268 2052 possunt,
302 1977 392 2032 ctiam
416 1979 447 2032 in
470 1997 511 2046 eo,
536 1977 586 2053 qui
610 1977 640 2034 in
663 1973 836 2034 delinitione
871 1974 987 2033 edenda
1010 1974 1046 2032 ab
1071 1977 1134 2054 ipso
1169 1975 1297 2034 cruditur
1320 1998 1379 2036 nou

137 2082 223 2139 posse
245 2081 355 2133 errarc;
379 2070 466 2141 attprc
490 2062 546 2132 hic,
569 2073 601 2119 ut
623 2062 740 2121 abunde
763 2060 953 2132 ostendimus,
977 2061 1032 2119 fuit
1056 2081 1140 2122 casus
1166 2062 1298 2120 Honorii.

241 2165 323 2241 Quid
345 2168 435 2243 igitrn·
468 2169 583 2235 mirum,
606 2169 632 2224 si
654 2180 752 2244 patres
775 2166 894 2224 concilii
931 2165 1096 2223 Honorium
1131 2186 1228 2224 errare
1251 2168 1381 2244 potuisse

136 2254 168 2309 in
191 2253 297 2310 illis
331 2255 559 2311 circumstantiis
595 2252 775 2322 iudicabant,
802 2251 963 2331 inquibus
1001 2253 1065 2330 ipsa
1088 2252 1222 2311 Romana
1255 2253 1381 2312 ecclesia

138 2359 289 2416 nunqnam
330 2342 452 2416 negarit
488 2341 651 2398 Romanam
688 2341 856 2418 pontificem
895 2360 979 2418 posse
1019 2341 1136 2398 errare?
1182 2340 1380 2398 Bellarminus

136 2427 251 2502 putarit
273 2437 302 2484 ct
326 2447 378 2484 nos
401 2447 502 2484 omnes
525 2426 613 2484 hodie
647 2448 713 2485 cnm
736 2430 807 2504 ipso,
830 2429 996 2485 Romanum
1030 2428 1199 2505 pontificem
1222 2447 1308 2504 posse
1335 2448 1379 2484 er-

136 2532 200 2569 rare
222 2523 255 2570 ut
277 2533 433 2591 personam
456 2515 610 2590 privatam,
634 2533 718 2592 posse
742 2535 839 2572 errare
862 2517 952 2571 otiam
975 2525 1007 2572 ut
1030 2533 1184 2590 personam
1211 2513 1376 2590 publicam,

136 2619 200 2668 cum
222 2600 334 2659 scilicet
355 2621 409 2678 pro
431 2599 529 2658 officio
552 2621 604 2658 suo
626 2601 767 2678 pastorali
790 2609 977 2678 praeceptum
1002 2599 1120 2677 aliquod
1137 2601 1200 2657 sivo
1217 2602 1377 2676 [rrauticum

137 2689 198 2742 sive
222 2688 310 2744 etiam
347 2687 509 2745 doctrinale
533 2685 592 2757 dat,
614 2688 657 2743 ita
680 2697 779 2744 tamen
803 2698 834 2744 ut
856 2705 993 2763 suprema
1027 2687 1208 2744 auctoritatis
1239 2707 1309 2744 suae
1333 2689 1377 2744 in-

135 2773 272 2830 tensitate
306 2772 343 2832 ad
378 2772 538 2852 quidquam
573 2771 807 2830 irrevocabiliter
828 2784 879 2830 aut
902 2770 1154 2829 irreformabiliter
1177 2763 1378 2832 definiendum

136 2861 178 2916 uti
201 2859 287 2933 nolit:
311 2859 382 2938 quid
404 2863 495 2936 igitur
516 2863 630 2929 mirum,
654 2861 678 2918 si
695 2870 792 2936 patres
815 2860 892 2916 sexti
915 2857 1202 2916 concilii'nobiscum
1223 2861 1282 2918 iam
1301 2858 1378 2917 idem

136 2950 330 3022 putaverunt?

238 3035 287 3090 53,
310 3036 351 3092 At
375 3053 481 3093 noune.
505 3032 535 3090 id
558 3031 636 3111 quod
659 3044 743 3108 urget
766 3035 872 3090 iterum
895 3032 1027 3106 llbljacr,
1051 3031 1090 3089 nd
1113 3032 1258 3105 agendum
1275 3049 1377 3090 corrtra

137 3119 376 3178 infallibilitatem
406 3122 465 3177 ianr
488 3122 559 3178 satis
583 3131 635 3189 cst,
659 3118 736 3196 quod
761 3121 910 3178 Romanus
933 3120 1075 3196 pontifex.
1108 3139 1153 3176 cu
1167 3139 1194 3175 m
1218 3118 1376 3176 defini-

135 3208 285 3264 tionem
309 3228 353 3264 ex
376 3206 569 3264 cathedra
592 3205 707 3264 edere
730 3206 902 3276 deberet,
936 3227 1016 3264 cani
1041 3227 1114 3264 non
1138 3204 1245 3262 edit?
1270 3205 1374 3262 Nonne

137 3294 191 3349 iam
214 3314 247 3350 eo
270 3296 334 3371 ipso
357 3293 521 3352 censendus
544 3292 794 3356 non-infallibilis.
825 3293 903 3371 <quod
934 3295 965 3350 in
996 3295 1032 3351 iis
1056 3293 1292 3362 circumstantiis,
1323 3290 1373 3348 ubi

137 3378 255 3438 definire
286 3378 414 3445 deberet,
438 3401 497 3438 non
520 3380 632 3452 definit,
656 3401 715 3438 non
739 3381 867 3458 loquitur
890 3402 926 3438 cx
950 3379 1113 3438 cathedra?
1141 3379 1273 3450 ,llesunt
1297 3379 1372 3434 vati-

136 3469 217 3537 cinia,
241 3469 285 3524 ita
308 3468 440 3542 BeljacV,
464 3488 534 3543 crgo
556 3467 639 3524 deest
671 3467 847 3525 oraculum.*'
876 3465 924 3524 Ad
949 3464 1019 3543 quid
1054 3466 1144 3521 servit
1177 3473 1238 3520 tota
1264 3463 1373 3520 infalli-

137 3551 239 3623 bilitas,
264 3556 288 3611 si
311 3555 461 3612 Romanus
491 3555 634 3631 pontifex,
665 3554 769 3611 saltem
801 3552 919 3610 silentio
943 3552 1049 3636 dogma
1073 3551 1185 3608 iufama
1208 3548 1374 3626 proditione

138 3641 271 3698 maculari
297 3644 465 3718 permittere
487 3641 605 3719 potest?

235 3728 276 3788 Ut
299 3749 316 3785 a
339 3728 398 3785 tine
422 3729 604 3804 incipiemus.
628 3725 738 3785 aliud
761 3747 832 3784 sanc
856 3737 908 3796 est,
942 3725 1103 3782 llomauum
1123 3723 1291 3806 pontificem
1316 3725 1371 3780 ita

135 3834 194 3871 esse
209 3813 406 3879 infallibilem,
430 3824 460 3873 ut
484 3817 522 3872 in
546 3813 767 3893 hypothesi,
786 3812 823 3870 ab
839 3814 902 3870 isius
920 3812 1069 3870 voluntate
1092 3808 1247 3888 pendente,
1271 3807 1371 3887 quod

135 3899 259 3963 definiat.
294 3901 416 3959 definiat
451 3903 515 3959 sine
549 3921 653 3969 errore,
677 3899 795 3967 aliud,
820 3902 879 3956 ita
902 3919 965 3956 esse
1000 3897 1196 3968 infallibilem,
1219 3905 1251 3954 ut
1275 3917 1370 3954 nun-

136 4007 249 4064 quam
273 3991 447 4046 omittat
485 3988 687 4046 definitionem
725 3985 914 4044 infallibilem
951 3983 1029 4047 dare,
1068 3981 1238 4060 quando
1261 3983 1367 4041 talis

136 4075 190 4131 sit
219 4077 340 4133 utilis
375 4075 446 4132 vel
469 4077 594 4132 etiarn
630 4076 871 4132 neccssaria.
902 4073 966 4130 Iam
990 4091 1059 4128 vero
1082 4069 1218 4146 dogma
1241 4071 1371 4127 catho-

136 4161 254 4232 licum,
277 4162 523 4220 infallibilitatem
546 4183 564 4219 a
587 4161 705 4218 Christo
739 4161 876 4218 collatam
908 4160 1039 4216 Romano
1063 4157 1194 4234 pontifici
1218 4156 1372 4221 deliniens,

135 4250 232 4324 prim
246 4268 300 4306 arn
317 4247 437 4326 quidem
453 4248 698 4307 infallibilitatem
714 4249 741 4304 ci
758 4245 907 4310 adscribit,
924 4267 944 4304 n
956 4265 972 4302 o
984 4265 1003 4301 n
1027 4266 1044 4300 v
1055 4265 1070 4300 e
1080 4265 1093 4300 r
1105 4265 1122 4300 o
1146 4265 1158 4300 s
1172 4263 1187 4299 e
1199 4263 1213 4299 c
1224 4263 1240 4300 u
1250 4264 1269 4300 n
1278 4242 1298 4300 d
1308 4263 1325 4300 a
1335 4263 1371 4304 m.

134 4334 229 4392 saltem
254 4356 312 4393 nou
336 4338 385 4400 ita,
409 4337 493 4413 quasi
518 4335 654 4392 Christus
692 4334 833 4392 ecclesiae
864 4353 924 4390 nou
946 4339 1060 4389 tantum
1088 4351 1140 4408 pro
1171 4349 1240 4386 casu
1270 4349 1371 4386 neces-

134 4423 221 4479 sitatis
251 4420 303 4480 sed
327 4425 386 4480 iam
417 4444 468 4500 pro
491 4441 559 4479 casu
594 4421 715 4478 solius
745 4420 938 4477 utilitatis
969 4418 1142 4496 promiserit,
1166 4414 1369 4472 definitionem

134 4508 227 4566 utilem
252 4529 290 4566 ex
311 4518 395 4587 parte
419 4511 544 4567 llomani
567 4507 714 4586 pontificis
736 4527 796 4565 non
818 4506 992 4565 defuturam.

228 4596 269 4653 Et
292 4597 361 4654 suf
367 4596 382 4652 f
390 4598 463 4654 icit
485 4595 615 4673 profecto
639 4593 676 4651 ad
701 4592 789 4651 fidem
806 4593 951 4650 illibatam
975 4587 1160 4658 servandam,
1177 4589 1202 4644 si
1218 4589 1369 4644 Romanus

133 4683 259 4758 pontifex
283 4694 328 4741 cst
351 4682 526 4754 infallibilis,
550 4683 790 4760 quotiescumque
807 4679 918 4750 definit,
942 4686 971 4736 et
994 4681 1018 4735 si
1042 4675 1146 4734 saltem
1170 4673 1282 4745 definit,
1299 4693 1369 4750 quo·
