3450 5342
700 497 895 551 441*

170 677 422 736 coniunctionem
451 693 509 748 per
535 679 598 734 duo
618 679 739 734 saccula
767 681 934 736 durantem
958 678 1052 736 effert
1079 679 1236 752 huiusque
1267 683 1421 753 temporis

173 757 293 832 statum¹
317 747 460 817 deplorat
490 747 685 830 tPraesentls
708 746 853 804 ecclesiae
884 749 1107 818 ›organizacija
1132 751 1142 804 i
1162 752 1345 832 upravleuie
1364 755 1421 808 est‘

174 835 213 874 ne
226 826 275 873 rto
286 833 363 884 moe,
384 817 445 872 liali
456 817 539 872 odna
551 833 578 872 iz
591 824 684 888 caste]
700 819 1019 888 gosudarstvennago
1033 820 1245 890 upravlenq'a«
1258 838 1287 890 p.
1300 823 1374 890 762).
1387 851 1420 862 -

276 905 338 958 Nic.
358 905 466 972 Popoa:
486 905 536 958 Po
557 919 734 985 voprosu
754 921 772 958 o
793 906 958 960 sostavo
977 907 1321 977 preostojaseego
1340 923 1419 963 cer-

174 977 219 1030 lio
229 993 245 1030 v
255 991 300 1030 iia
308 990 354 1045 go
375 974 521 1029 sobora
540 974 597 1042 (De
616 975 762 1028 instantis
783 975 897 1044 synodi
917 976 1080 1036 membris)
1099 976 1141 1043 ΙΙ,
1160 979 1272 1032 82-97.

277 1047 392 1099 Auctor
410 1044 625 1113 quaestionem
645 1043 684 1097 de
704 1045 816 1112 synodi
838 1045 989 1100 membris
1008 1045 1239 1100 diiudicandam
1260 1062 1331 1102 esse
1350 1063 1417 1102 cen·

173 1123 222 1171 set
240 1131 302 1169 non
323 1131 360 1168 ex
380 1113 447 1168 iure
466 1113 622 1178 carianico,
642 1129 712 1168 eum
734 1115 791 1168 hoc
811 1115 870 1168 sub
890 1113 1014 1169 influxu
1033 1115 1231 1170 ahsolutismi
1251 1116 1417 1187 imperato-

174 1201 244 1240 rum
271 1185 461 1240 Graecorum
488 1183 658 1238 formatum
679 1182 727 1248 sit,
748 1183 802 1237 sed
823 1183 995 1238 secuudum
1023 1184 1145 1253 praxim
1167 1201 1223 1253 per
1245 1186 1367 1241 saecula
1386 1184 1418 1241 iii

89 1317 95 1326 ,
174 1255 334 1312 ecclesiam
355 1253 563 1307 observatam.
585 1253 670 1317 Quae
690 1253 797 1321 praxis
818 1269 888 1308 eum
908 1253 981 1308 cleri
1001 1259 1065 1309 tuni
1087 1254 1194 1323 populi
1214 1254 1369 1310 iufluxnm
1386 1255 1419 1310 iii

175 1326 269 1380 relius
299 1322 513 1377 ecelesiasticis
533 1323 678 1376 ostendit.
700 1321 821 1376 Etenim
850 1323 980 1377 historia
1008 1323 1214 1378 ecclesiastica
1233 1339 1291 1378 nos
1311 1324 1420 1380 edocet

174 1395 289 1450 elerum
317 1401 346 1446 et
373 1392 532 1460 populum,
557 1392 626 1446 licet
652 1407 713 1446 nou
742 1391 902 1461 aequalem
929 1407 998 1446 oum
1025 1392 1190 1461 eiisoopis,
1216 1399 1320 1448 tamen
1347 1394 1418 1463 plus

171 1479 267 1534 quam
289 1461 527 1516 onisultativam
550 1476 655 1516 vocem
679 1462 826 1516 habuisse
845 1467 886 1530 (p.
900 1463 933 1516 117
946 1475 1027 1544 sqqi.
1064 1463 1122 1517 deo
1136 1462 1227 1517 etiam
1243 1461 1275 1518 in
1288 1463 1418 1519 instanti

174 1534 296 1604 synodo
318 1533 420 1584 clerus
439 1536 469 1584 et
488 1531 624 1599 populus
643 1545 713 1585 cum
733 1531 870 1600 antiquis
892 1532 958 1585 suis
977 1532 1100 1586 iuribus
1120 1530 1333 1587 admittendus
1352 1532 1420 1587 erit

278 1602 392 1655 Verum
408 1599 579 1655 notandum
595 1607 656 1654 est:
677 1606 843 1666 auctorem,
865 1601 891 1654 si
904 1601 936 1655 in
951 1602 1046 1655 rebus
1060 1601 1276 1656 ecelesiasticis
1289 1602 1417 1672 quidam

173 1671 244 1727 cleri
266 1679 295 1725 et
308 1669 415 1740 populi
430 1669 570 1724 influxus
584 1669 810 1735 inveniebatur,
831 1671 913 1724 hunc
926 1670 1082 1726 initurum
1104 1670 1199 1725 nimis
1217 1686 1419 1742 exaggerare,

173 1743 204 1796 id
236 1741 320 1812 quod
348 1739 451 1810 quoad
481 1739 600 1808 primas
636 1739 776 1808 synodos
811 1741 1025 1794 oecumenicas
1062 1741 1197 1794 maxime
1229 1741 1420 1797 observatur

174 1813 223 1880 (ef.
243 1814 326 1880 pili
347 1813 437 1878 sqq).

283 1898 311 1952 V.
339 1896 467 1950 Soteira:
490 1894 780 1964 Predstojasitij
805 1895 1096 1965 Vserossiiskij
1118 1896 1340 1977 eerlsovnyj
1362 1897 1419 1952 So·

174 1969 256 2025 lior:
286 1983 355 2032 ego
376 1970 516 2021 sostav
536 1964 543 2018 i
566 1965 700 2020 nadaii
721 1964 862 2032 (lustaus
884 1965 1016 2020 Ruesica
1035 1964 1178 2034 synodus
1197 1965 1417 2030 ecelesiastica

171 2038 239 2092 eius
270 2036 410 2090 membra
429 2041 458 2088 et
478 2034 593 2098 officia)
613 2033 654 2097 ΙΙ,
674 2036 786 2090 :ii-59.
816 2034 952 2088 Soliolov
981 2035 1220 2115 praelectionem
1249 2035 1417 2104 quandam,

172 2123 265 2177 quam
287 2106 318 2159 iu
338 2105 403 2158 loro
423 2105 559 2173 quodam
590 2103 704 2170 habuit,
733 2103 817 2172 typis
845 2104 1014 2160 mandarit.
1052 2105 1120 2168 Qua
1147 2105 1178 2158 in
1212 2101 1418 2173 praelectione

173 2175 316 2247 populari
336 2175 429 2229 inodo
449 2173 615 2228 ostendere
635 2172 745 2228 nititur
764 2173 915 2242 populum
936 2180 967 2227 et
986 2173 1102 2228 elerum
1117 2174 1148 2227 in
1164 2174 1260 2230 rebus
1279 2174 1419 2229 eeclesia·

172 2247 258 2301 sticis
280 2245 462 2314 plusquam
492 2242 730 2298 coiisultativam
753 2259 859 2296 vocem
890 2243 1047 2309 habuisse,
1068 2273 1100 2282 -
1119 2243 1193 2297 ideo
1212 2243 1303 2298 etiam
1323 2243 1356 2298 in
1375 2241 1419 2298 iu·

173 2315 266 2370 stanti
296 2313 418 2383 synodo
446 2312 555 2366 eodeni
585 2313 677 2366 inodo
706 2312 939 2381 procedendum
970 2329 1039 2366 esse
1072 2313 1188 2381 populo
1212 2328 1250 2368 ue
1278 2319 1309 2368 et
1334 2314 1418 2368 clero

174 2385 282 2440 sallom
302 2383 477 2449 ,collectivc‘
494 2381 628 2450 sumptis
644 2381 777 2436 maiores
792 2382 1030 2450 praerogativas
1044 2329 1245 2452 ‹leneganssas
1259 2399 1321 2438 non
1335 2397 1419 2438 esse.

285 2470 467 2535 timorato:
495 2469 566 2524 iioi
594 2469 913 2538 vospomiuanija
938 2471 984 2524 ob
1003 2469 1417 2538 arhimaudriteTheo·

174 2543 263 2596 dori·
284 2544 331 2598 (A.
350 2541 387 2594 ii.
405 2541 453 2594 Bu
465 2541 600 2608 liareve
622 2538 849 2607 (Memorabilia
869 2539 908 2593 ‹le
921 2540 1004 2594 areli.
1016 2539 1181 2594 Theodoro
1203 2539 1358 2607 Bulyarev)
1370 2539 1413 2606 ΙΙ,

173 2615 300 2668 98-128.
314 2612 460 2691 ἶ51111409.
474 2609 559 2673 Quae
574 2609 662 2678 prius
677 2607 790 2677 incepit
804 2608 853 2677 (cf.
870 2609 981 2678 Bogos.
997 2609 1100 2663 Vestri.
1116 2611 1190 2675 1905,
1206 2607 1246 2673 ii,
1261 2611 1312 2663 499
1327 2613 1419 2678 sqq),

174 2687 384 2752 prosequitur.
806 2733 818 2754 ⁸

278 2763 1418 2834 Dr.I.Sineio:Bor‘bazaglagoliceskujuliturgiJ'uriuisko-

173 2837 472 2904 katoliceskago
499 2836 776 2904 dulyoveustva
801 2851 819 2886 v
844 2833 994 2888 Kroaeii
1020 2832 1029 2888 i
1058 2832 1244 2888 Dalmacii
1262 2832 1417 2956 priuatus

172 2924 190 2962 a
219 2907 300 2962 clero
327 2904 629 2960 Romano-catholico
661 2903 691 2958 iu
721 2903 843 2958 Cioaua
884 2911 913 2956 et
946 2901 1097 2958 Delmatia
1128 2919 1186 2972 pro
1223 2901 1261 2958 de
1276 2903 1420 2959 eudeuda

172 2976 324 3047 glagolira
342 2975 468 3044 liturgia
489 2972 637 3042 suseepti)
658 2971 700 3038 ΙΙ,
721 2973 1027 3026 129-148.iii-429.
1045 2973 1113 3026 Duo
1129 2973 1324 3041 documenta,
1360 2987 1417 3028 uae

173 3063 230 3115 pro
251 3045 375 3112 liturgia
395 3043 570 3114 glagolitica
591 3041 695 3112 magni
718 3042 865 3096 momenti
886 3046 967 3108 sunt,
987 3057 1108 3110 nempe,
1127 3056 1156 3098 ai
1177 2989 1415 3097 meumraugum
1473 3045 1477 3053 '

173 3118 400 3185 episcoporum¹
433 3114 486 3167 rui
518 3113 629 3168 Slavos
662 3110 881 3166 Meridionales
911 3111 943 3164 in
975 3109 1042 3164 suis
1074 3111 1271 3166 dioecesibus
1300 3111 1416 3166 habent

174 3201 190 3240 a
209 3189 250 3240 21.
272 3185 330 3238 Mai
351 3183 389 3238 ad
406 3186 430 3238 4.
442 3133 528 3238 ⁸lunii
544 3185 610 3236 1905
625 3181 741 3236 Romae
760 3180 960 3234 collectorum
975 3179 1053 3240 tsine
1074 3181 1176 3247 titulo)
1191 3187 1221 3234 et
1241 3181 1265 3249 β)
1281 3179 1415 3260 epistula

173 3255 369 3309 sacerdotum
390 3269 428 3307 ex
447 3253 636 3321 quibusdam
657 3249 852 3304 dioecesibus
876 3249 1092 3304 »Preuzviseni
1108 3249 1304 3318 Nadbiskupi
1324 3249 1333 3302 i
1354 3249 1419 3303 Bis-

173 3324 248 3394 liupi
268 3323 420 3378 rrkovnili
441 3321 605 3394 polirajina
619 3321 769 3388 Zagreba.
790 3316 909 3386 firmine,
930 3317 1039 3388 Zadra,
1061 3319 1224 3390 sni-ajeva2
1248 3318 1299 3372 Dr.
1313 3317 1418 3373 Staciu

173 3394 291 3462 analysi
313 3393 426 3448 subicit
444 3401 475 3446 ct
494 3407 567 3446 suas
587 3389 803 3444 adnotationes
823 3387 918 3442 addit.

278 3479 436 3548 liturgiae
453 3477 591 3533 Slavirae
611 3475 819 3532 evolutionem
836 3476 936 3546 nigris
952 3475 1110 3531 coloribus
1130 3473 1272 3556 depingit
1292 3489 1418 3544 magna·

175 3568 235 3605 «ue
254 3566 291 3604 es
312 3557 400 3618 parte
420 3563 542 3602 onmem
564 3549 686 3616 culpam
706 3546 737 3600 in
753 3547 911 3601 Romanos
928 3545 1096 3601 Pontifices
1109 3545 1255 3600 devolvit.
1275 3542 1324 3598 nd
1337 3559 1419 3612 quae

173 3637 235 3674 ruo
261 3621 396 3674 notanda
421 3633 491 3672 esse
517 3617 678 3672 videntur:
700 3619 727 3682 α)
746 3621 854 3670 auctor
873 3616 908 3669 cl.
928 3630 990 3668 non
1020 3615 1097 3669 eatis
1123 3613 1299 3682 perspexit:
1321 3611 1352 3668 iu
1371 3628 1417 3666 ee·

173 3689 263 3745 alesia
284 3687 431 3744 catholiea
456 3686 548 3741 ctiam
574 3685 832 3740 cousuetudinem
853 3683 927 3738 novi
947 3683 1025 3737 iuris
1046 3685 1163 3738 fontem
1184 3697 1270 3748 esse;
1292 3684 1316 3752 β)
1359 3697 1417 3737 uae

172 3761 210 3814 dc
231 3760 263 3813 lt.
286 3757 471 3812 Pontificum
491 3755 529 3810 ad
549 3753 708 3824 liturgiam
728 3753 937 3823 glagoliticam
958 3768 1035 3806 saco.
1056 3751 1190 3806 iii-xi.
1210 3751 1350 3807 relationi
1376 3766 1415 3806 us

173 3829 253 3896 dicit,
273 3828 311 3882 ud
332 3827 496 3882 ininiuiuui
522 3825 652 3880 confusa
672 3833 746 3878 sunt
771 3831 864 3893 atque
883 3823 966 3878 inter
985 3838 1019 3876 se
1044 3821 1289 3892 repugnanter.
1308 3837 1338 3890 p.
1358 3823 1417 3889 135,

174 3901 230 3966 141,
252 3901 320 3953 1151.

277 3984 302 4038 Ι.
318 3983 525 4052 Gromoplasoe:
546 3981 571 4037 Ο
592 3981 965 4052 predpolaguemom
986 3978 1133 4034 izdauii
1159 3994 1212 4032 sv.
1232 3977 1415 4034 Sinodom

175 4054 413 4120 eerkovuyfy
449 4051 582 4120 pravil
612 4067 626 4104 s
653 4049 967 4120 tolliovanijami
1005 4049 1063 4117 (De
1091 4047 1226 4104 editione
1262 4063 1416 4103 canonum

172 4122 451 4177 ecclesiastieorum
480 4137 550 4175 eum
579 4135 687 4176 eorum
714 4118 948 4175 commentariis
974 4135 1035 4173 as.
1055 4117 1183 4188 Synodo
1209 4117 1415 4185 instituenda>

174 4192 214 4259 ii,
235 4194 379 4248 iis-isi.
400 4191 478 4246 Cum
500 4189 595 4246 Russi
615 4189 772 4259 synodum
800 4203 974 4243 convocare
993 4187 1097 4255 velint,
1118 4201 1253 4242 canones
1272 4186 1418 4241 ecclesiae

173 4261 379 4332 cognoscendi
411 4267 440 4314 et
468 4258 564 4314 intelli
589 4259 660 4314 cneii
690 4265 771 4314 sunt.
806 4259 898 4316 Hunc
927 4257 957 4312 in
987 4258 1083 4312 finem
1117 4256 1349 4325 Gremoglaeov
1377 4255 1417 4310 ad

172 4347 284 4388 novam
299 4330 465 4384 editionem
480 4276 634 4398 quasdam
649 4327 940 4384 animadversiones
955 4327 1102 4396 proponit
1112 4324 1262 4394 additque
1273 4339 1418 4389 canones,

171 4401 239 4525 lilcet
259 4415 368 4455 onmes
388 4399 597 4470 cognoscendi
618 4398 688 4462 sint,
708 4413 770 4452 nou
791 4403 894 4451 tamen
914 4411 1024 4450 omnes
1042 4395 1075 4450 in
1095 4395 1216 4464 praxim
1248 4394 1418 4462 perducen-

174 4487 231 4525 ros
251 4485 328 4524 esse.

277 4556 315 4611 N.
336 4555 478 4611 Altsrltoa:
508 4555 532 4609 K
562 4569 739 4624 voprosu
759 4569 777 4606 o
798 4552 965 4607 sostavii
993 4552 1245 4618 cerliovnago
1274 4549 1417 4602 sobora

171 4627 227 4696 (De
246 4625 470 4682 ecclesiasticae
491 4624 605 4694 synodi
626 4623 790 4688 membris)
810 4621 853 4690 ii,
872 4623 1019 4676 aia-296.
1039 4619 1196 4693 Aksaliov‚
1215 4619 1292 4689 quid
1311 4617 1350 4672 de
1368 4633 1417 4671 eo·

175 4711 241 4752 rum
272 4696 425 4766 opinione.
450 4694 504 4776 qui
530 4695 646 4749 olerum
676 4698 706 4747 et
734 4692 884 4761 populum
911 4706 928 4745 a
954 4691 1077 4760 syuodo
1104 4687 1269 4743 excludere
1296 4687 1417 4752 volunt,

174 4766 368 4822 sentiendum
396 4766 444 4834 sit,
464 4763 603 4834 inquirit.
634 4762 746 4818 Censet
765 4766 881 4828 auctor,
901 4775 971 4815 cum
992 4758 1097 4815 nullus
1124 4773 1222 4814 canon
1255 4757 1419 4825 habeatur,
