3450 5342
846 273 1036 328 -111-

420 459 506 537 Quod
530 461 670 519 moralem
694 464 845 539 utriusque
876 461 1022 518 ecclesiae
1052 470 1160 518 statum
1184 461 1300 530 attinet,
1325 459 1498 537 Quantis
1519 478 1534 514 e
1552 488 1572 513 .=.

317 549 522 628 Chrysostomi
547 546 683 625 operibus
706 549 768 605 crui
793 558 930 626 possunt:
955 547 1059 605 (lema
1074 559 1104 604 et
1119 546 1255 604 monachi
1279 546 1482 604 Antiocheui
1504 547 1574 602 ritae

317 638 482 704 sanctitate,
514 637 640 712 proximi
672 655 771 692 amore
795 645 823 692 ct
847 634 911 692 zelo
934 633 1041 712 populo
1070 633 1240 712 praelucent
1271 633 1322 710 (ct'.
1348 634 1385 704 1.,
1419 635 1441 689 e
1466 652 1530 709 sqq.
1549 651 1572 688 er

320 725 357 780 lti
382 723 474 800 aqq.);
505 733 606 779 centra
630 721 817 799 l'-politanus
847 722 943 779 clerus
972 741 1119 779 unacum
1150 719 1304 778 monachis
1337 721 1498 798 pecuniae
1520 721 1572 776 ari

317 809 371 868 dns
394 821 465 879 crat,
488 819 612 866 esterna
635 829 749 886 pompa,
772 827 944 886 morumque
966 809 1152 886 corruptione
1182 805 1268 883 (cleri
1293 827 1363 864 curn
1398 806 1575 864 diaconissis

316 895 547 954 cohabitatiouct
579 895 685 973 populo
708 894 848 953 scandalo
871 907 933 952 erat
965 891 1028 974 (ll,
1061 897 1100 950 15
1123 893 1200 972 sqq).
1230 895 1441 952 Diaconissae
1466 913 1573 971 quoque

317 983 506 1060 O·politanae
537 981 671 1059 aliaeque
695 983 827 1058 virgines
852 982 915 1040 lieo
938 980 1053 1040 dicatae
1084 982 1266 1057 virginitatis
1290 994 1401 1039 votam
1429 983 1501 1038 sine
1521 980 1575 1036 ullo

316 1071 515 1128 conscientiae
546 1089 674 1126 remorsu
706 1071 764 1127 nori
795 1067 957 1126 servabant
984 1068 1046 1142 (11,
1069 1071 1109 1125 it
1133 1070 1228 1146 sqq-l?
1260 1101 1301 1110 -
1324 1067 1481 1126 monaehi
1513 1087 1575 1123 vero

316 1159 410 1218 otiosi.
435 1165 577 1231 vagantes
600 1155 725 1232 aliisquo
749 1157 832 1212 vitiis
855 1157 944 1214 etiam
969 1154 1118 1232 peioribus
1140 1153 1233 1212 dediti
1248 1166 1336 1212 erant
1353 1153 1425 1234 (11.
1445 1156 1489 1210 59
1506 1175 1574 1230 sqq..

316 1243 420 1322 Populi
445 1253 541 1300 autem
566 1261 660 1300 meres
683 1241 837 1320 utrobique
860 1243 921 1300 lere
936 1240 1026 1299 iidem
1051 1241 1141 1300 fuisse
1162 1240 1313 1299 ridentur:
1339 1263 1380 1299 ex
1405 1259 1474 1298 una
1497 1254 1573 1318 parte

316 1330 427 1408 epulae,
455 1340 548 1408 potus,
577 1328 686 1387 theatri
718 1329 787 1386 licet
812 1331 932 1406 pessimi
965 1331 1058 1386 nimia
1088 1328 1292 1406 frequentatio.
1323 1331 1439 1405 gravis
1466 1348 1574 1385 morum

317 1419 479 1495 corruptio:
504 1447 545 1460 ··-
569 1437 604 1474 ex
630 1416 723 1473 altera
758 1427 840 1494 parte
871 1435 987 1474 summa
1021 1418 1183 1494 pauperies,
1212 1413 1250 1474 ad
1281 1435 1371 1493 qnam
1409 1413 1575 1472 tollendam

316 1503 425 1560 divites
449 1523 566 1560 manuni
591 1501 748 1560 admovere
775 1503 857 1560 nulla
880 1504 993 1560 ratione
1010 1502 1114 1560 volunt
1129 1503 1173 1570 11,
1190 1504 1230 1559 ‘26
1247 1523 1311 1580 sqq.
1327 1513 1357 1560 et
1370 1503 1432 1569 11..
1447 1504 1491 1559 73
1504 1522 1574 1579 sqq.

425 1591 544 1650 Auctor.
567 1597 598 1646 ut
621 1591 678 1648 iarn
703 1609 790 1667 supra
820 1588 992 1647 adnotatum
1023 1598 1076 1658 est,
1107 1610 1165 1647 non
1188 1588 1310 1646 adhibet
1340 1591 1405 1647 nisi
1436 1590 1576 1646 Rnssicos

316 1687 456 1746 auctorat,
479 1709 520 1720 -
543 1675 617 1733 alios
641 1696 718 1746 vero,
741 1679 790 1754 qui
808 1675 844 1733 de
861 1697 883 1732 s.
898 1675 1103 1755 Chrysostomi
1126 1675 1262 1753 operibns
1284 1697 1460 1754 eorumque
1483 1688 1570 1734 testu

316 1772 496 1840 argumento,
526 1783 613 1820 sensu
636 1764 822 1840 scripserunt,
852 1783 917 1820 curn
942 1783 1055 1821 summo
1077 1764 1170 1840 ipsius
1192 1761 1418 1840 disquisitionis
1453 1761 1570 1820 damno.

316 1853 437 1909 minime
467 1849 620 1907 consuluit.
649 1850 732 1928 (lpus
759 1851 853 1927 ipsum
884 1849 1023 1921 nondum,
1050 1859 1082 1907 ut
1104 1849 1229 1920 videtur,
1251 1852 1330 1907 omui
1354 1870 1397 1906 ex
1426 1863 1517 1926 parte
1539 1849 1570 1904 li-

316 1947 426 1996 matum
451 1949 511 1994 est:
543 1936 628 2014 plura
650 1939 738 2006 enim,
770 1945 800 1994 ut
824 1936 962 2004 influxus,
992 1957 1079 2014 quem
1103 1936 1159 1994 bae
1182 1937 1324 1994 ccclesiae
1347 1935 1386 1993 de
1415 1936 1492 1996 fide.
1514 1938 1574 1992 riti-

317 2024 379 2096 bus,
410 2025 610 2094 sacramentis,
634 2022 769 2081 doctrina
791 2026 822 2081 in
846 2023 920 2080 alias
943 2023 1084 2081 ccclesias
1114 2023 1300 2094 exercebant,
1322 2043 1432 2081 earum
1459 2022 1499 2080 ad
1524 2026 1575 2078 im·

317 2121 465 2189 pecatores
496 2109 600 2168 relatio
631 2145 668 2152 -
695 2111 762 2168 licet
788 2113 818 2168 in
843 2131 864 2167 s.
888 2109 1093 2189 Chrysostomi
1124 2109 1260 2189 operibus
1291 2110 1384 2168 multa
1421 2110 1465 2168 de
1494 2111 1573 2167 hisee

317 2199 515 2266 inveniantur,
540 2229 580 2240 —-
604 2197 635 2254 iu
659 2198 786 2254 auctoris
823 2198 1014 2274 inquisitione
1048 2196 1261 2256 desiderantur.
1294 2195 1380 2272 Quae
1420 2197 1464 2254 de
1499 2217 1574 2254 com-

317 2287 461 2342 munismo
482 2283 579 2350 babet,
604 2285 725 2342 minime
749 2283 785 2340 ad
803 2286 959 2341 veritatem
983 2282 1128 2362 quadrare
1143 2282 1282 2344 ridentur
1297 2284 1345 2358 (cf.
1361 2284 1415 2352 11,
1437 2287 1482 2342 93
1499 2285 1572 2361 sqq.

316 2372 479 2430 Hemiliam
514 2391 637 2448 claroque,
669 2391 744 2448 quae
780 2369 833 2428 sub
864 2371 950 2428 tilulo
980 2372 1108 2444 ,lterum
1144 2373 1255 2429 insanit
1289 2369 1457 2442 Irodiada·
1498 2373 1574 2428 iuter

316 2459 518 2538 Chrysostomi
550 2477 638 2536 opera
668 2459 826 2526 invenitur,
857 2466 959 2515 sancto
992 2459 1070 2534 patri
1103 2456 1252 2529 adscribit,
1288 2458 1358 2515 lieet
1388 2470 1571 2536 argumenta

314 2547 483 2604 firmissima
506 2546 683 2602 eontrarium
714 2546 824 2602 sentire
854 2555 961 2620 cogant
985 2545 1033 2620 (cf.
1057 2544 1295 2615 Monfaucon,
1325 2565 1392 2622 opp.
1420 2565 1447 2605 s.
1473 2545 1568 2622 Chry-

316 2635 445 2690 sostomi.
473 2643 492 2688 1.
517 2631 604 2690 Xlll.
637 2651 663 2708 p.
691 2634 767 2704 151;
792 2632 826 2692 F.
851 2628 1171 2708 liudwig,1)erhl.
1201 2633 1335 2690 Joauncs
1366 2631 1572 2712 Chi-ystorias

317 2723 347 2778 in
382 2722 493 2776 seincm
529 2717 701 2774 Verbaltnia
740 2737 805 2775 zum
845 2716 1094 2796 byzantinischen
1127 2718 1197 2788 llos,
1235 2717 1439 2794 Braunsberg.
1480 2721 1571 2777 1883.

317 2829 344 2886 p.
371 2809 430 2863 115
455 2825 535 2882 sqq.;
562 2803 824 2862 Bardenhcwer
846 2804 1023 2882 Patrologie,
1045 2804 1198 2882 Freiburg,
1221 2803 1353 2884 11281).

425 2893 507 2950 Inter
538 2891 597 2948 alia
631 2901 731 2949 auctor
765 2889 927 2961 basilicam,
964 2894 995 2950 in
1025 2912 1084 2970 qua
1106 2913 1128 2954 s.
1160 2891 1390 2970 Chrysostomus
1424 2891 1568 2969 populum

317 2978 415 3055 C-poli
439 2976 527 3034 tidem
562 2978 723 3035 revelatam
754 2975 896 3036 edocebat
927 2987 1170 3057 sacramentaque
1193 2977 1397 3049 distribuebat,
1422 2977 1569 3036 describit

318 3065 497 3122 Historicum
524 3067 558 3124 A,
584 3063 723 3122 liebedev
739 3084 865 3141 sequens
884 3065 1147 3137 Antiochenornm,
1163 3085 1214 3124 seu
1229 3065 1336 3145 synodi
1351 3065 1566 3124 Antiochense

317 3151 366 3232 (ex
391 3171 414 3212 a¹
440 3155 514 3227 itia)
543 3153 573 3208 in
598 3151 755 3208 concilium
783 3153 1003 3210 oecumenicum
1027 3153 1057 3210 ll
1083 3152 1120 3229 (a.
1145 3151 1221 3230 381)
1245 3172 1385 3229 magnum
1415 3153 1567 3210 influxum

315 3241 444 3298 affirmat
468 3239 512 3313 (1.,
538 3240 576 3295 91
602 3237 678 3315 sqq.)
704 3236 878 3295 Secundum
902 3249 1050 3297 auctorem
1074 3261 1126 3317 per
1148 3241 1273 3298 Luciani
1297 3239 1430 3298 scholam
1459 3240 1567 3317 princi·

316 3330 365 3406 pia
387 3326 602 3384 rationalistiea
625 3323 714 3381 iidem
747 3327 920 3395 evertentia,
947 3327 1127 3384 Antiochiae
1154 3337 1269 3406 (quoque
1292 3335 1372 3385 secta
1394 3336 1427 3383 nt
1455 3326 1568 3384 rivulus

316 3435 332 3471 e
356 3434 407 3471 sue
431 3415 511 3470 fonte
535 3411 693 3490 pullulavit
717 3411 765 3486 (I,
790 3413 828 3469 79
854 3409 931 3489 sqq.)

425 3501 517 3558 Hisce
539 3511 639 3556 tamen
662 3519 721 3555 non
748 3497 943 3568 obstantibus,
966 3501 997 3556 in
1021 3498 1104 3560 libro.
1128 3510 1288 3577 quactum
1313 3511 1344 3556 at
1365 3521 1388 3559 s.
1413 3499 1563 3578 Chryses·

314 3589 385 3645 torni
409 3607 498 3664 opera
531 3586 636 3643 melius
671 3583 867 3660 intelligenda
900 3597 962 3642 tum
998 3585 1036 3642 ad
1067 3586 1258 3644 ecclesiarum
1292 3586 1508 3644 Antiochense
1537 3602 1565 3642 er

314 3674 489 3752 Cpolitanae
523 3673 676 3730 historiam
712 3669 882 3730 distinctius
917 3672 1155 3748 cognoscendam
1190 3673 1293 3731 iudare
1315 3682 1447 3750 possunt,
1473 3671 1565 3730 multa

311 3764 510 3822 inveniuntur.
1149 3755 1196 3822 M.
1220 3753 1518 3839 Μία-1111113119]

422 3913 552 3997 Tppaar
592 3913 773 3978 lileriensi
812 3915 1002 3992 iyxosnotl
1032 3911 1228 3987 Anaaeuiu.
1258 3927 1378 3996 (Trudy
1410 3925 1564 3994 Kievskoj

319 3997 478 4066 dulpovnoj
500 3995 674 4062 Akademii)
695 3997 770 4050 1905.
790 3999 829 4064 (p.
850 4002 882 4053 t.)

421 4070 450 4120 Α.
478 4065 641 4134 Balpolov:
678 4063 897 4119 Franenzslree
934 4064 1157 4133 dupovenstvo
1194 4081 1214 4120 v
1242 4065 1340 4120 lience
1377 4064 1498 4120 XVIII.
1535 4080 1564 4116 r.

315 4139 348 4200 (v
368 4133 476 4203 period
497 4133 670 4204 reveljucii)
691 4134 748 4200 (De
769 4133 885 4188 Gallico
903 4134 986 4188 clero
1008 4135 1038 4187 in
1056 4133 1119 4188 line
1134 4133 1249 4189 XVIII.
1270 4134 1561 4204 saec.),II.‚10-29.

315 4205 491 4259 Secundum
513 4202 675 4272 Bulgalmv
695 4203 823 4271 praelati
844 4204 953 4258 Gallici
985 4203 1145 4272 multiplici
1167 4203 1288 4258 ratione
1306 4204 1345 4258 ad
1360 4203 1558 4258 rebellionem

340 4273 561 4327 removendam
577 4271 792 4326 contulerunt:
808 4273 869 4342 ipsi
883 4271 974 4338 enirn,
988 4273 1065 4327 lieet.
1079 4273 1120 4327 ob
1134 4272 1259 4329 divitias
1271 4278 1385 4328 suaset
1397 4272 1561 4342 privilegia

315 4290 373 4398 lioc
398 4341 556 4410 potuerint
580 4373 612 4381 -
638 4347 672 4398 ut
696 4340 769 4396 iidei
794 4341 981 4396 christianae
1007 4341 1156 4412 splendor
1185 4347 1354 4412 angeretur
1378 4349 1475 4411 atque
1494 4357 1560 4396 eon·

315 4419 504 4475 servaretur,
525 4427 562 4466 ne
582 4426 708 4466 manum
739 4411 866 4480 quidem
897 4412 1114 4478 admoverunt,
1141 4413 1195 4466 sed
1222 4413 1278 4466 toti
1303 4413 1399 4468 rebus
1428 4411 1560 4482 politicis

316 4483 475 4542 vacabant.
495 4481 591 4536 immo
611 4481 789 4560 complures
810 4497 847 4534 ex
868 4480 915 4547 iis,
934 4481 979 4534 sic
998 4481 1070 4534 dieti
1090 4482 1188 4548 ,liberi
1208 4482 1406 4550 cogitatores‘
1425 4483 1558 4536 fuerunt.

315 4553 402 4615 Quae
415 4566 483 4606 cum
505 4551 545 4605 ita
560 4550 640 4614 sint,
652 4565 764 4604 mirum
778 4565 852 4604 sane
872 4565 934 4604 non
954 4556 1009 4614 est,
1028 4551 1113 4620 quod
1127 4551 1258 4605 inferior
1271 4551 1372 4605 clerus
1386 4550 1437 4605 vel
1455 4550 1561 4620 potins
1661 4591 1662 4616 ,
