3450 5342
862 318 1050 398 -rr-y

325 507 538 584 obligationem
560 527 647 584 cluam
670 508 796 584 primum
826 519 893 562 actu
923 525 954 562 se
987 503 1151 562 subiciendi
1183 503 1273 582 (qnod
1298 517 1377 582 putrn
1402 507 1559 574 osuald,

327 595 364 652 D.
387 594 485 652 Lehre
509 616 535 650 r.
558 594 585 654 d.
610 596 697 652 Sacr..
722 597 748 651 5.
771 592 837 664 Th,
861 593 935 665 §lh
963 588 1252 670 ,baldmttglichst·').
1276 591 1389 650 Sufficit
1408 591 1559 652 secundum

330 678 560 760 explicationem
585 680 734 748 ccclesiae,
752 688 783 736 ut
794 678 891 737 fidelis
908 677 998 736 semel
1009 681 1127 737 inanno
1141 687 1207 736 actu
1230 698 1262 736 se
1284 677 1416 736 subiciat.
1431 679 1561 738 Ceterum

327 769 363 826 cf.
388 766 803 836 Ballerini·Palmieri,
827 769 909 843 Opus
933 764 1042 824 morale
1066 775 1084 822 t.
1110 765 1143 834 V,
1169 785 1194 824 n.
1214 765 1304 823 1031.
1321 778 1348 822 et
1370 765 1448 823 infra
1464 768 1561 828 ecta.

434 855 539 912 l'otum
575 853 717 912 inclusum
751 854 896 910 contineri
929 861 1026 930 potest
1060 863 1089 910 et
1123 864 1190 910 actu
1223 855 1414 926 contritionis
1449 869 1480 911 ct
1504 871 1563 911 actu

327 943 487 998 attritionis
510 941 568 1010 illo,
592 943 656 998 sine
679 961 736 1017 (luo
759 952 872 997 reatum
896 939 998 1016 culpae
1022 958 1077 996 nec
1100 959 1152 1016 per
1175 951 1387 998 sacramentum
1405 939 1500 998 ullum
1516 961 1563 998 nec

325 1047 379 1106 per
401 1029 575 1107 martynum
597 1026 700 1085 donari
724 1027 869 1104 peccatori
894 1023 1012 1083 aliunde
1036 1027 1172 1083 noscitur.
1254 1041 1269 1072 -t

430 1115 551 1192 Duplici
580 1124 678 1172 autem
709 1111 795 1170 modo
817 1133 892 1171 uuus
916 1122 996 1169 actus
1027 1113 1150 1170 alterurn
1182 1115 1332 1171 continere
1361 1125 1467 1191 potest.
1505 1113 1565 1172 lsno

325 1199 420 1272 modo,
443 1221 530 1279 quern
552 1220 658 1258 vocare
680 1200 750 1258 licet
772 1198 915 1276 simplicis
937 1201 1086 1276 propositi,
1118 1207 1199 1258 actus
1229 1219 1394 1278 proponens
1425 1220 1478 1258 seu
1510 1203 1567 1257 ianr

324 1307 402 1346 nunc
425 1290 573 1365 imperans
595 1289 726 1346 continet
749 1286 891 1364 implicite
915 1292 1011 1343 aetum
1034 1287 1214 1364 propositum
1237 1307 1288 1344 seu
1311 1288 1502 1366 imperatum
1528 1291 1567 1344 ita

325 1383 407 1432 actus
431 1376 579 1453 (quamvis
602 1372 735 1450 inferior)
758 1374 850 1451 ipsius
872 1373 1031 1430 attritionis
1054 1374 1184 1430 continet
1207 1373 1349 1452 implicito
1372 1383 1470 1432 actum
1495 1377 1566 1431 cari-

324 1463 403 1531 tatis,
426 1481 463 1518 ex
486 1459 601 1518 obiecto
624 1481 675 1518 suo
698 1459 842 1518 nobiliore
864 1461 1116 1538 praestantiorem,
1141 1460 1203 1516 sive
1227 1481 1277 1518 suo
1301 1475 1439 1538 tempore,
1464 1463 1530 1517 ¹sire
1551 1481 1566 1517 e

324 1549 451 1624 vestigio
474 1546 662 1607 eliciendum.
692 1583 723 1588 -—
749 1547 853 1604 Altero
877 1545 963 1603 modo
987 1556 1068 1604 actus
1092 1557 1187 1604 actum
1211 1549 1242 1603 in
1266 1567 1297 1604 se
1319 1550 1458 1606 continet.
1483 1551 1566 1626 quasi

324 1642 417 1692 totum
449 1654 531 1692 suam
562 1647 674 1712 partem
702 1633 857 1691 virtualem
890 1632 969 1690 relrrt
1004 1645 1084 1690 actus
1108 1643 1250 1710 appetens
1273 1635 1434 1710 cuiuspiam
1458 1635 1568 1692 obiecti

325 1719 487 1798 fugientem
517 1720 624 1777 obiecti
655 1722 792 1798 oppositi,
825 1719 874 1777 ubi
907 1729 989 1776 actus
1023 1721 1177 1778 continens
1202 1740 1251 1797 pro
1276 1723 1341 1797 ipsa
1363 1721 1497 1780 loruralis
1521 1725 1563 1780 sui

323 1805 430 1865 obiecti
453 1807 647 1884 amplitudine
670 1807 816 1864 obiectum
840 1806 992 1863 materiale
1016 1815 1097 1864 actus
1121 1808 1251 1864 contenti
1277 1810 1340 1864 sire
1368 1807 1566 1885 appetendum

323 1897 386 1952 sive
410 1893 581 1970 tugieudum
605 1893 747 1972 implicite
770 1893 979 1970 complectitur,
1003 1913 1098 1970 neque
1121 1891 1200 1950 aliud
1230 1896 1286 1952 nisi
1310 1895 1357 1952 vel
1389 1897 1496 1953 notitia
1521 1896 1568 1952 rel

323 1981 385 2040 sola
408 1983 549 2038 memoria
571 1979 679 2038 obiecti
701 1979 862 2038 materialis
887 1979 1055 2056 postulatur,
1079 1989 1108 2036 ut
1133 1980 1314 2057 propellente
1333 1983 1439 2039 virtute
1455 1981 1566 2039 obiecti

324 2067 454 2126 formalis
488 2069 579 2146 ipsius
613 2080 693 2125 actus
728 2068 906 2124 continentis
937 2065 1060 2124 facultas
1093 2068 1182 2124 eriam
1218 2067 1413 2145 explicite
1448 2068 1487 2126 ad
1513 2069 1567 2127 hoc

322 2154 467 2212 obiectum
502 2155 653 2211 materiale
687 2151 891 2228 attingendum
925 2153 1161 2224 connaturaliter,
1185 2157 1349 2212 necessario
1372 2158 1513 2212 continue
1538 2176 1568 2212 se

321 2239 490 2318 protendat3
525 2239 602 2298 unde
636 2240 776 2317 perfectio
809 2242 876 2317 ipsa
908 2252 988 2298 aetus
1023 2242 1064 2296 sic
1095 2242 1224 2297 contenti
1250 2243 1279 2298 in
1303 2255 1370 2298 actu
1395 2245 1567 2300 continente

320 2330 380 2384 iarn
412 2326 581 2393 includitur;
613 2329 655 2384 ita
683 2327 862 2404 propositum
887 2325 1049 2384 servandae
1073 2325 1147 2404 legis
1172 2326 1228 2386 Dei
1253 2331 1408 2386 universae
1431 2331 1566 2387 continet

320 2413 463 2492 implicite
486 2415 666 2490 propositum
690 2434 748 2470 nou
771 2411 936 2490 peierandi;
960 2413 1005 2470 rel
1031 2424 1113 2474 actus
1125 2416 1256 2472 caritatis
1269 2415 1422 2473 formalem
1435 2417 1568 2474 cuiusuis

322 2501 426 2560 saltem
449 2500 549 2577 gravis
571 2499 674 2577 culpae
698 2498 932 2557 detestationem.

424 2586 516 2644 Porro
540 2585 625 2643 modo
649 2588 704 2643 isto
727 2587 819 2645 altero
842 2588 949 2643 caritas
972 2586 1072 2643 elicita
1094 2583 1130 2644 ab
1151 2586 1269 2644 homine
1285 2597 1445 2665 peccatore,
1469 2609 1568 2646 sacra-

319 2684 451 2730 mentum
485 2675 548 2730 sive
583 2674 746 2750 ignorante,
780 2674 843 2730 sive
879 2673 926 2729 hie
949 2684 989 2728 .et
1020 2691 1097 2730 nurrc
1121 2693 1180 2730 nou
1203 2677 1358 2751 cogitante,
1390 2677 1568 2753 perspicitur

322 2761 473 2817 continere
497 2771 596 2816 retum
621 2762 809 2829 sacramentig
844 2762 889 2816 ris
924 2779 961 2820 se.
996 2763 1159 2836 praesentis
1192 2769 1274 2818 aestus
1298 2763 1428 2818 caritatis
1452 2782 1489 2819 ea
1512 2772 1566 2831 est,

326 2855 367 2923 nt,
401 2844 558 2903 dummodo
592 2845 752 2904 remedium
787 2847 891 2924 culpae
924 2859 1090 2923 promptum
1114 2847 1144 2903 in
1167 2856 1234 2906 voto
1258 2850 1432 2906 sacramenti
1464 2850 1566 2908 animo

326 2943 498 3001 occurreret,
529 2954 565 2990 ex
597 2935 660 3009 ipso
689 2935 800 2990 motivo
823 2953 875 2990 suo
898 2933 1004 2990 caritas
1027 2951 1165 3010 expresse
1188 2946 1217 2991 et
1240 2937 1377 2992 continue
1401 2935 1566 2994 remedium

319 3018 394 3077 illud
418 3018 586 3097 arripiendo
610 3018 771 3078 adhiberet.

422 3121 588 3181 Secundum
612 3121 854 3194 Gratianum,
889 3123 1093 3200 Hugonem
1124 3143 1142 3180 a
1171 3144 1194 3183 s.
1230 3121 1439 3200 l'ictoroll),
1471 3127 1568 3184 Ale-

317 3208 501 3268 1andrum
535 3208 729 3280 Alensem,
769 3211 1102 3280 Beneuenturam,
1135 3209 1371 3269 Janseninnr
1407 3215 1568 3270 necessitas

382 3414 404 3480 ²)
424 3413 466 3465 De
485 3428 605 3465 sacram.
626 3415 642 3464 Ι.
662 3413 687 3470 2,
705 3428 731 3479 p.
752 3413 794 3480 14,
813 3429 837 3464 c.
857 3413 885 3466 l:
903 3415 997 3482 Quare
1009 3429 1067 3466 non
1082 3415 1216 3467 similiter
1229 3415 1361 3468 Christus
1381 3415 1568 3483 praeceptum

423 3482 503 3535 dedit
528 3482 694 3534 hominibus
718 3485 838 3548 peecata
863 3499 916 3535 sua
940 3483 1104 3550 confitendi,
1130 3485 1202 3537 sicut
1222 3485 1373 3551 discipulis
1392 3489 1567 3552 patestatem

419 3552 501 3604 dedit
518 3550 716 3604 confitentium
736 3556 856 3618 peccata
875 3552 1065 3617 dimittendi?
1089 3553 1163 3606 Audi
1183 3570 1288 3620 cinare:
1308 3555 1407 3608 Voluit
1426 3555 1566 3616 Christus,

420 3625 452 3673 ut
469 3637 487 3673 a
505 3624 595 3674 temet
613 3620 675 3687 ipso
701 3635 843 3689 surgeres,
862 3625 895 3674 ut
917 3637 973 3674 non
997 3621 1080 3688 quasi
1106 3625 1217 3677 extorta
1241 3627 1271 3677 et
1294 3627 1394 3678 coacta
1420 3625 1568 3678 rideretur

420 3691 562 3743 consessio
580 3695 639 3743 tua.
671 3691 780 3742 idcireo
795 3691 871 3756 quod
891 3691 929 3744 ad
949 3707 979 3743 se
998 3693 1146 3760 pertinuit,
1166 3693 1293 3746 officium
1313 3709 1395 3748 suurn
1417 3694 1569 3761 discipulis

419 3759 551 3823 iniunxit,
576 3768 608 3811 ut
631 3761 808 3813 medicorum
836 3775 915 3814 more
939 3776 1043 3830 aegros
1068 3762 1106 3814 ad
1126 3777 1157 3815 se
1176 3764 1328 3816 venientes
1353 3764 1518 3830 exciperent
1536 3767 1569 3818 et

419 3833 563 3882 sanarent,
590 3829 712 3882 Medicis
730 3845 801 3898 ergo
819 3830 902 3896 dixit,
921 3835 953 3883 ut
971 3835 1114 3894 curarent,
1138 3833 1188 3884 sed
1208 3831 1334 3886 infirmis
1352 3849 1409 3885 non
1429 3834 1510 3900 dixit,
1528 3837 1563 3886 ut

418 3898 455 3951 sd
481 3898 608 3951 medicos
633 3899 751 3951 curandi
777 3899 918 3952 venirent.
946 3901 1007 3952 Hoc
1031 3901 1114 3967 quasi
1139 3904 1248 3955 certum
1274 3919 1338 3955 esse
1362 3903 1462 3969 uoluit,
1488 3904 1565 3969 quod

417 3968 497 4035 aegri
516 3967 640 4020 libenter
658 3970 783 4021 salutern
802 3973 976 4035 quaererent
987 3973 1017 4022 et
1029 3987 1059 4023 se
1073 3971 1215 4025 curandos
1228 3972 1373 4036 offerrent,
1393 3973 1417 4024 si
1435 3973 1564 4026 medicos

417 4036 588 4089 invenirent
615 4038 769 4103 Propterea
795 4041 873 4091 solos
898 4039 1026 4091 medicos
1050 4041 1203 4094 admonuit
1237 4041 1384 4094 infirmnm
1404 4043 1481 4095 enirn
1500 4044 1564 4108 ipse

416 4106 533 4158 morbus
558 4121 627 4157 suus
650 4107 827 4160 sufficienter
851 4107 998 4174 admonet,
1023 4125 1116 4176 neque
1140 4125 1212 4176 opus
1237 4121 1391 4177 praecepto
1417 4113 1512 4176 habet,
1538 4112 1562 4164 si

417 4175 503 4228 dolet
522 4175 630 4228 Tamen
649 4176 704 4241 ipsi
724 4177 829 4230 medici
849 4179 959 4245 postea,
985 4179 1054 4244 quia
1071 4179 1254 4248 negligentes
1279 4182 1309 4234 in
1335 4181 1483 4234 curatione
1510 4197 1562 4234 sua

417 4247 551 4312 aegrotos
570 4245 750 4309 invenerunt,
770 4263 819 4298 eos
838 4247 876 4299 ad
897 4248 1020 4300 salutem
1032 4249 1228 4314 quaerendam
1248 4253 1277 4302 et
1295 4251 1494 4304 admonitione
1510 4265 1562 4304 sua

416 4313 579 4366 excitarunt
597 4319 627 4367 et
645 4320 855 4381 praecepto
879 4319 1132 4370 attraxerunt
1153 4318 1346 4386 Confiternini,
1376 4319 1469 4386 inquit
1492 4333 1561 4386 apo-

417 4384 509 4436 stolus
535 4384 664 4449 lanchua,
683 4385 867 4438 atterutrum:
886 4427 891 4437 .
913 4427 917 4438 .
940 4426 945 4438 .
964 4387 1150 4453 alteralteri,
1168 4388 1560 4458 homohomini,nonselum

413 4454 498 4505 horno
530 4454 596 4517 Deo,
625 4493 632 4506 .
660 4491 667 4506 .
692 4491 699 4506 .
722 4493 729 4506 .
758 4454 833 4506 inter
858 4471 909 4508 vos
935 4456 1067 4509 homines
1091 4457 1269 4510 hominibus:
1294 4474 1364 4512 oves
1383 4459 1559 4527 pastoribus,

416 4522 538 4574 subiecti
557 4522 703 4590 praelatis
723 4524 762 4590 tri,
781 4525 829 4590 qui
849 4527 969 4591 peecata
988 4525 1106 4594 habent,
1131 4527 1185 4594 his,
1205 4528 1253 4594 qui
1273 4533 1394 4594 peccata
1412 4529 1559 4583 dimittere

419 4594 593 4657 potestatem
613 4593 729 4644 habent.
