3450 5342
819 458 1013 513 ..300-

290 646 395 703 officiis
425 643 627 703 celebrandis“
647 641 702 724 ¹⁰)3
735 658 765 703 et
796 648 907 725 passim
937 645 1033 705 adhuc
1063 646 1165 703 XVIl.
1195 668 1219 703 s.
1251 647 1352 722 viguit.
1389 655 1476 723 prout
1497 623 1557 703 cx*

289 734 458 791 testimonio
491 732 658 809 liturgistae
687 733 775 791 Pacis
805 731 926 791 Iordaui
955 734 1084 811 episcopi
1115 734 1323 809 Traguriensis
1356 740 1386 790 et
1415 733 1534 790 Ioannis

291 840 308 877 a
331 820 410 877 Fora
433 819 473 877 M.
497 819 541 888 0..
565 822 622 877 iarn
646 820 744 891 citato,
768 828 849 897 patet
864 816 914 896 ¹¹).

395 928 422 981 8.
447 922 506 981 sed
528 924 588 981 iam
612 932 680 980 aute
710 926 822 981 exitum
847 924 932 981 XIV.
956 923 1065 982 saeculi
1090 926 1122 981 in
1145 924 1175 983 S.
1191 922 1534 998 Liturgiamllomanam

209 1082 215 1093 1
291 1009 367 1088 apud
399 1010 562 1076 Dalmatas,
592 1010 695 1085 lingua
718 1010 888 1069 Dalmatica
918 1010 1050 1086 vulgaris
1079 1010 1224 1069 dialectus
1262 1000 1463 1082 „ilcaviensis‘i
1490 1011 1534 1067 in·

290 1096 423 1155 traducta
446 1104 497 1160 est,
529 1094 627 1172 Quum
659 1099 738 1155 euim
769 1096 848 1175 apud
879 1098 1002 1156 Crustas
1032 1097 1219 1155 characteres
1241 1096 1411 1175 *glagolitici
1442 1117 1534 1174 usqne

290 1182 328 1241 ad
358 1184 443 1241 XVI.
474 1183 622 1241 saeculum
647 1184 736 1241 etiam
760 1185 790 1241 in
813 1185 896 1242 civili
926 1187 1101 1241 commercio
1131 1184 1283 1242 exclusive
1313 1183 1533 1251 adhiberentur,

291 1270 456 1328 sacerdotes
488 1272 622 1328 extranei
654 1271 763 1329 Latina
795 1270 900 1348 lingua
930 1290 1013 1329 sacra
1043 1272 1244 1349 persolventes
1273 1281 1303 1328 et
1332 1270 1535 1336 characterum

291 1356 524 1433 glagoliticorum
548 1359 653 1433 ignari,
688 1356 777 1415 libros
802 1356 1109 1435 Glagolitocroaticos
1140 1358 1291 1433 liturgieos
1314 1355 1534 1416 characteribus

290 1443 415 1510 Latinis,
438 1443 597 1521 formisque
620 1446 820 1519 grammaticis
850 1443 1009 1503 secuudum
1041 1442 1200 1503 dialectum
1224 1444 1425 1503 Dalmaticum
1453 1443 1533 1516 „ika-

291 1532 441 1589 viensem“
469 1528 698 1589 accommodatis
714 1530 952 1609 descripserunt:
976 1542 1005 1589 et
1027 1533 1070 1589 ita
1085 1531 1205 1608 linguae
1222 1528 1532 1608 Glagolitocroaticae

290 1619 379 1675 etiam
402 1616 601 1675 Dalmaticum
629 1616 848 1678 „ilcavien'sew
876 1638 1042 1696 comparem
1066 1616 1275 1676 adiunxerant.

393 1703 477 1761 Haec
506 1702 686 1761 consuetudo
710 1704 746 1761 ab
770 1724 848 1763 anno
875 1706 958 1763 1350
981 1726 1005 1762 e.
1029 1703 1151 1763 inducta
1181 1726 1232 1782 por
1253 1705 1469 1763 Franciscauos
1493 1704 1531 1761 it

290 1798 326 1849 D.
358 1792 389 1847 iu
419 1789 572 1848 Dalmatia
601 1789 787 1850 meridionali
818 1800 846 1849 et
877 1792 997 1863 Bosnia,
1031 1789 1118 1851 XV.⁰
1139 1793 1255 1851 saeculo
1285 1790 1478 1870 procedente¹
1495 1788 1531 1847 ab

291 1877 357 1935 aliis
380 1877 587 1935 Francisoanis
606 1874 755 1937 Dalmatis
777 1889 899 1955 accepta
921 1886 974 1943 est,
997 1886 1029 1936 ut
1051 1899 1089 1937 ex
1112 1877 1263 1937 codicibus
1286 1878 1432 1954 liturgicis
1455 1897 1531 1935 coiu-

289 1963 429 2041 probatur
442 1960 493 2039 η).
516 1963 614 2039 Quum
638 1984 707 2022 vero
730 1962 833 2022 eadem
849 1974 955 2034 aetate,
979 1964 1131 2023 Dalmatia
1151 1973 1180 2023 et
1195 1967 1283 2023 Istriii
1305 1966 1456 2022 niaritiina
1478 1963 1529 2022 sub

288 2050 431 2108 Venetico
455 2049 584 2109 dominio
608 2052 782 2126 constitutis.
813 2052 915 2109 Latini
939 2051 1087 2129 praesules
1109 2061 1139 2109 et
1161 2051 1327 2110 sacerdotes
1359 2052 1529 2130 plerumque

289 2157 325 2194 ex
349 2137 439 2195 ltalia
470 2156 591 2215 peregre
621 2136 744 2215 profecti
778 2138 1021 2216 cliaracteresque
1053 2138 1239 2215 glagolitioos
1270 2140 1441 2215 ignorantes
1463 2157 1530 2195 con-

289 2225 383 2282 stituti
399 2232 506 2291 esseut,
525 2233 556 2280 ut
572 2222 718 2282 desiderio
735 2226 897 2303 pietatique
916 2225 1018 2303 populi
1032 2225 1186 2301 Liturgiae
1208 2226 1526 2303 Glagolitodlomanae

286 2310 436 2387 hucusque
467 2310 622 2368 assuefacti
650 2310 861 2377 satisfacerent.
893 2314 923 2370 in
947 2314 1038 2370 missa
1054 2312 1164 2369 Latina
1179 2313 1315 2371 sollemni
1338 2312 1387 2370 vel
1409 2321 1528 2369 cantata

286 2410 385 2475 partes
409 2406 550 2467 cantatas,
574 2399 730 2475 praecipue
753 2399 1005 2485 Evangeliumstt
1028 2398 1203 2477 Epistolam
1226 2400 1329 2474 lingua
1358 2400 1528 2457 Dalmatica

286 2484 400 2561 vulgari
429 2484 613 2555 .ilruviensi“
640 2484 799 2543 secundum
823 2485 1064 2545 consuetudinem
1087 2506 1107 2543 a
1129 2486 1338 2545 Francisoanis
1355 2486 1394 2543 M.
1410 2487 1448 2545 Ο.
1471 2487 1530 2543 iam

286 2581 442 2648 receptum
466 2572 549 2628 iuxtii
571 2571 815 2647 Ei'augeliarium
838 2573 1040 2631 Dalmaticum
1056 2572 1178 2649 vulgare
1197 2572 1404 2635 decantabant.
1427 2572 1529 2651 'l'ppo

286 2658 429 2734 graphica
452 2678 521 2715 xero
543 2667 606 2715 arte
629 2657 804 2727 introducta,
828 2660 971 2736 plurimae
994 2657 1140 2717 editiones
1163 2659 1294 2718 eiusdem
1324 2658 1531 2735 Evangeliarii

286 2743 448 2801 Delmatici
471 2744 610 2820 vulgaria,
634 2744 671 2801 ab
694 2744 800 2803 iisdem
823 2746 909 2805 Italis
936 2746 1143 2819 „Scbiavetto‘
1171 2749 1324 2817 nominati,
1348 2744 1528 2824 prodierunt.

391 2829 492 2887 Editio
508 2833 644 2909 princeps
657 2831 834 2891 Berua-rdini
854 2833 1039 2911 Spalatensis
1058 2833 1097 2889 M.
1110 2837 1146 2892 l).
1168 2836 1250 2891 1495
1264 2834 1290 2889 V
1292 2835 1398 2891 enetiis
1419 2852 1531 2890 excusa

287 2919 329 2974 sic
345 2916 530 2975 inscribitur:
552 2918 772 2994 .Vulgarir.atio
788 2919 958 2977 Dalmatica
974 2919 1173 2997 Epistolarum
1189 2932 1218 2977 et
1235 2917 1469 2997 Evangeliorum
1485 2928 1528 2976 at-

287 3023 343 3080 que
352 3003 589 3081 Prephaciouum
602 3012 631 3061 et
644 3005 888 3064 Benedictionum
900 3007 1115 3064 continentium
1127 3009 1159 3064 iii
1171 3008 1295 3066 Missali.
1307 3040 1348 3049 -
1360 3006 1529 3081 Evangelia

286 3100 315 3147 et
333 3090 486 3166 Epistulae
509 3111 575 3147 cuin
597 3091 866 3169 Praeplintionibus
888 3103 917 3151 et
933 3091 1195 3151 Benedictiouibus
1218 3114 1270 3171 per
1292 3095 1364 3151 anni
1387 3093 1527 3151 circulum

286 3178 318 3233 in
340 3175 442 3253 lingua
466 3176 587 3256 Illyrica
610 3178 736 3236 feliciter
764 3180 945 3257 expliciunt:
977 3178 1135 3237 emendata
1157 3194 1187 3238 et
1209 3180 1369 3257 diligenter
1398 3186 1529 3238 correcta

286 3282 339 3341 per
361 3262 479 3321 l'rutrein
497 3262 693 3323 Beruardiiiin
707 3266 920 3343 Spalatensem.
936 3268 1114 3344 lmpressum
1127 3268 1263 3326 Venetiis
1285 3287 1337 3345 per
1348 3266 1530 3325 Damianum

286 3349 548 3409 Mediolanensem.
573 3352 661 3410 Anno
681 3352 921 3422 MOCOCXCV,
944 3352 993 3411 die
1016 3352 1081 3409 XII
1103 3354 1222 3411 Martii“
1241 3350 1291 3432 ¹³).
1314 3354 1418 3411 Plures
1442 3374 1530 3433 quam

285 3439 392 3514 viginti
409 3437 554 3496 editiones
574 3449 778 3497 successerunt
792 3435 841 3515 ¹⁴),
866 3442 943 3497 inter
962 3460 1035 3517 quas
1053 3439 1142 3498 etiam
1159 3442 1293 3499 Romana
1309 3440 1529 3498 Bartliolomaei

287 3523 382 3583 Cassii
414 3526 479 3583 Soc.
509 3525 578 3583 Iesu
608 3544 685 3583 auno
719 3527 795 3583 1641
821 3523 857 3602 ¹⁵)
889 3526 975 3597 facta,
1007 3535 1039 3584 ut
1067 3539 1186 3603 putatur
1217 3531 1296 3586 iussu
1326 3526 1479 3605 pontificio
1512 3546 1530 3583 a

289 3610 317 3667 S.
349 3611 586 3689 Congregatione
608 3611 824 3689 Propagandae
852 3611 948 3684 Fidei,
979 3633 1047 3671 iiam
1080 3633 1158 3672 anno
1192 3616 1274 3673 1640
1304 3612 1341 3671 ab
1372 3612 1476 3671 eadem
1500 3614 1528 3671 ὃ.

287 3695 522 3774 Congregutioiic
547 3708 575 3755 et
598 3699 723 3756 Ilitualc·
740 3700 861 3775 vulgare
885 3699 1086 3757 Dalmaticum
1102 3702 1182 3759 iussu
1198 3700 1313 3760 Urbani
1330 3720 1424 3779 papae
1443 3700 1471 3756 V
1473 3701 1529 3757 III.

286 3801 304 3837 a
326 3783 359 3843 B.
384 3785 487 3841 (iussio
511 3795 651 3853 ciimtnm,
675 3784 785 3843 editum
810 3796 853 3843 est
872 3783 919 3861 ¹⁶).

285 3909 492 3919 ——-——.-a...

338 3966 372 4071 ΕΙ
392 3965 688 4091 {⁰{lll1f'lp3‘
729 3970 777 4023 ,9.

340 4040 376 4173 ¹²l
397 4049 612 4161 lieoi'ioiiariunl'
630 4040 779 4186 burbensii·
788 4038 832 4161 38
824 4038 1018 4162 stillicidiali
1034 4040 1077 4163 id·
1091 4108 1132 4173 0,
1150 4108 1198 4177 qui
1218 4123 1253 4162 ex
1278 4108 1384 4163 Bosuia
1414 4109 1483 4164 issi
1501 4110 1528 4162 iii

389 4180 558 4255 conventum
577 4174 743 4257 Rediensein
764 4176 906 4259 Corcyrae
924 4177 1045 4259 Nigrae
1057 4192 1129 4231 nunc
1147 4177 1334 4259 Ragusieusis
1352 4177 1526 4244 dioeceseos,

388 4243 1429 4398 suscepturumstitissesuccumbet
1446 4248 1526 4398 tet

389 4397 412 4436 e.
431 4396 449 4435 a
466 4382 660 4462 Francisoanis
684 4383 719 4437 ti.
739 4384 771 4438 0.
788 4384 889 4440 Indiae
931 4390 1016 4440 atium
1040 4386 1249 4440 characteribus
1272 4386 1400 4442 Gothicis
1418 4394 1524 4457 pariter

390 4455 592 4521 couscriptum
610 4452 628 4507 1,
648 4468 672 4507 o.
690 4452 745 4508 XV
764 4469 785 4507 s.
806 4454 838 4507 N.
858 4454 893 4509 35
911 4470 938 4523 p.
958 4457 998 4509 11.

339 4518 374 4590 ¹³)
394 4520 424 4574 F.
444 4520 469 4575 h.
488 4521 518 4574 L.
537 4520 618 4577 aa.
637 4521 691 4575 XV
709 4538 739 4590 a,
760 4522 793 4577 N.
812 4522 863 4576 123
882 4540 909 4593 p.
927 4525 969 4579 29.

340 4588 362 4623 ¹⁴
395 4588 449 4644 Cfr.
469 4590 486 4644 l.
505 4606 528 4644 c.
548 4589 637 4673 Index
655 4592 822 4679 Analyticus
841 4608 867 4660 p.
886 4592 1021 4648 XXXIX.

339 4658 870 4799 iummmm·
