3450 5342
322 567 445 624 minimo
469 567 511 622 ita
532 585 596 623 esse
620 563 819 623 immutabiles
841 563 1089 643 quomadmodum
1113 568 1142 634 ii,
1166 567 1215 644 qui
1239 577 1341 624 contra
1369 565 1493 636 dicunt,
1518 567 1576 623 eri-

323 654 454 710 stimant.
485 655 601 710 Causae
632 653 713 710 eninr
744 651 892 711 secundae
915 673 932 710 e
956 653 1020 710 Deo
1042 663 1074 710 ut
1097 673 1187 712 causa
1216 661 1342 724 creante,
1375 671 1579 711 conservante

323 748 353 799 et
383 738 422 796 ad
451 742 582 797 actiones
614 759 713 796 earum
748 751 940 798 concurrente
974 739 1112 818 pendent.
1145 741 1225 798 lleus
1258 760 1309 798 eas
1340 740 1530 798 naturaliter
1555 753 1580 796 ct

323 826 614 906 praeternaturaliter
636 824 747 900 dirigit.
762 827 922 885 Praeterea
944 827 1075 884 efficacia
1099 845 1252 884 causarum
1275 825 1482 885 secundarum
1508 847 1581 884 rom-

324 911 457 992 pluribus
480 911 700 972 conditionibus
723 914 898 984 continetur,
921 934 1042 991 quarum
1067 915 1092 972 si
1116 932 1174 972 una
1190 915 1357 972 necessaria
1382 912 1503 980 deficit,
1521 916 1581 990 ipss
1669 977 1670 984 ἵ

322 1000 458 1059 efficacia
480 999 588 1058 delicit.
613 999 724 1074 {regum
747 1003 952 1076 contingentia
968 1003 1045 1078 aptis
1061 1001 1205 1078 exemplis
1229 1000 1395 1058 illustratur
1413 1012 1446 1058 et
1465 1015 1581 1078 praeter

324 1087 385 1146 alia
408 1097 525 1146 notatur
547 1087 728 1145 discriminis
752 1089 828 1146 iuter
850 1087 947 1164 legem
972 1088 1134 1146 naturalem
1158 1091 1189 1146 iu
1213 1107 1245 1145 se
1269 1097 1437 1166 spectatam
1465 1099 1499 1144 et
1522 1089 1581 1143 eins

323 1175 497 1233 exercitium
510 1173 685 1252 particulare
696 1174 863 1250 neglectum
876 1175 987 1232 fontem
999 1195 1063 1232 esse
1076 1174 1272 1232 obiectionum
1287 1175 1373 1232 huius
1385 1177 1529 1251 generis.
1545 1207 1582 1215 -

433 1260 546 1329 Medos,
569 1260 676 1339 quibus
700 1261 788 1330 licus,
811 1259 946 1340 precibus
970 1263 1113 1338 praevisis
1137 1271 1239 1327 motus,
1263 1263 1294 1319 in
1319 1260 1472 1320 mundum
1498 1278 1529 1319 et
1554 1265 1581 1318 in

324 1369 378 1407 nos
408 1351 469 1406 vim
501 1367 638 1407 exercere
668 1351 768 1426 possit,
798 1348 852 1406 hos
876 1348 959 1406 all'ert
991 1347 1050 1425 (pg.
1074 1350 1153 1422 39.J:
1182 1347 1236 1424 ,al
1267 1359 1361 1426 potest
1394 1349 1579 1406 miraculum

323 1445 440 1514 patrare
464 1429 500 1514 b)
522 1455 694 1494 concursum
717 1455 801 1494 suum
823 1433 971 1508 denegare
994 1437 1071 1513 (sive
1095 1435 1149 1492 hoc
1165 1445 1210 1493 est
1225 1435 1398 1493 miraculum
1425 1438 1500 1493 sive
1526 1455 1582 1494 non

324 1534 389 1598 est),
412 1541 477 1580 cum
501 1543 617 1599 augere,
641 1525 772 1580 minuere
795 1521 842 1580 vel
868 1522 954 1580 aliter
975 1521 1103 1598 dirigere
1127 1521 1156 1591 c)
1181 1521 1367 1600 procidentia
1391 1543 1451 1580 sua
1478 1541 1583 1580 causas

325 1611 487 1668 existentes
509 1607 547 1666 ad
570 1607 798 1668 determinatum
822 1611 911 1666 tinem
934 1607 1061 1686 dirigere
1078 1603 1117 1684 d)
1141 1609 1324 1666 intellectum
1340 1621 1369 1666 et
1386 1609 1582 1667 voluntatem

324 1696 453 1755 hominis
484 1715 603 1753 mouere
630 1699 694 1754 sive
717 1697 772 1754 hoc
794 1695 967 1754 miraculum
992 1709 1036 1754 est
1059 1697 1122 1754 sive
1146 1715 1212 1765 non,
1236 1716 1293 1774 quo
1315 1695 1402 1754 modo
1428 1717 1531 1774 saepe
1554 1699 1582 1752 iu

324 1783 445 1840 homine
478 1796 506 1840 et
533 1794 618 1841 extra
640 1803 707 1841 eum
730 1783 823 1842 multa
844 1795 1010 1856 niutantnn
1041 1783 1178 1842 similiter
1204 1793 1299 1861 potest
1329 1803 1416 1860 puros
1457 1787 1583 1862 spiritus

325 1890 460 1942 mover03
484 1873 515 1946 e)
537 1869 573 1928 ab
597 1880 717 1928 aeterno
740 1879 835 1948 potest
852 1867 891 1928 ad
908 1869 962 1928 hoc
985 1871 1114 1948 aliquam
1137 1870 1232 1948 legem
1251 1869 1409 1948 specialem
1436 1883 1584 1929 statuere.

326 1960 509 2035 quinetiam,
532 1955 757 2016 determinatam
783 1959 923 2014 materiae
942 1959 1146 2035 ‹puerititatem
1169 1977 1244 2035 quae
1267 1955 1429 2015 secundum
1460 1972 1587 2016 naturae

326 2044 408 2122 leges
442 2042 641 2102 desideratum
674 2045 809 2102 effectum
843 2043 981 2102 habitura
1015 2047 1079 2101 sit.“
1118 2043 1243 2102 liberius
1282 2043 1354 2102 haec
1387 2045 1588 2121 explicantur

325 2129 439 2189 duobus
469 2129 623 2208 capitibus,
653 2131 758 2209 quibus
781 2133 879 2207 agitur
905 2130 942 2187 de
965 2129 1165 2208 dependentia
1195 2130 1295 2189 mundi
1319 2151 1337 2188 a
1361 2131 1427 2188 lleo
1457 2135 1493 2190 in
1519 2151 1587 2190 cou-

326 2238 411 2278 cursu
451 2218 582 2294 generali
624 2231 653 2275 et
696 2221 726 2276 in
768 2216 956 2294 providentia
997 2217 1121 2298 physica
1163 2229 1192 2276 ct
1234 2218 1345 2276 morali.
1400 2218 1470 2288 Eis,
1511 2239 1586 2296 quac

325 2304 484 2364 Ohwolsou
518 2305 633 2380 (contra
664 2303 791 2373 Httcltel)
826 2304 863 2362 de
898 2305 980 2381 ,lege
1005 2307 1160 2378 energiae‘⁴
1196 2307 1339 2382 exposuit,
1377 2307 1513 2364 iunixus
1551 2285 1585 2365 Ζ.

324 2391 461 2461 ostendit,
485 2403 659 2468 argumenta
681 2413 697 2450 e
719 2391 800 2450 dicta
821 2391 887 2468 lege
911 2391 998 2450 ducta
1022 2395 1218 2466 ignorantiam
1243 2392 1327 2449 huius
1344 2391 1419 2468 legis
1446 2413 1585 2470 arguere„

324 2499 400 2557 quae
423 2477 460 2536 ad
484 2480 650 2556 spiritualia
672 2499 731 2537 nou
755 2481 891 2556 pertinet.
917 2514 954 2522 -
979 2479 1086 2536 Paucis
1109 2481 1205 2556 tangit
1231 2481 1321 2537 etiam
1344 2478 1383 2550 id,
1409 2479 1497 2556 quod
1524 2479 1585 2538 obi·

323 2568 406 2637 citur,
430 2586 483 2624 uos
507 2576 660 2644 precantes
691 2564 863 2624 miraculum
897 2575 1003 2644 petere,
1031 2564 1109 2644 quod
1132 2568 1303 2644 saepissime
1334 2585 1394 2623 uon
1425 2567 1501 2624 lieri
1533 2587 1583 2624 ex·

321 2653 423 2732 plicat,
454 2673 550 2730 neque
581 2673 645 2711 cum
678 2653 737 2724 fiat,
769 2651 929 2731 improbari
962 2673 1054 2731 posse,
1086 2655 1194 2731 quippe
1226 2673 1290 2710 cum
1321 2663 1403 2711 recta
1438 2667 1474 2712 et
1509 2656 1586 2712 iusta

323 2742 428 2818 petitio
451 2739 499 2797 vel
524 2741 657 2798 miraculi
681 2742 806 2798 tentatio
829 2741 887 2798 Dei
912 2743 1010 2798 vocari
1035 2753 1170 2818 nequeat.

433 2828 469 2885 Iu
492 2826 587 2885 altera
616 2839 700 2905 parte
730 2828 861 2905 opusculi
886 2807 922 2890 Z.
945 2828 1075 2906 explicat
1098 2839 1127 2885 et
1150 2826 1253 2906 probat
1283 2825 1502 2885 certitudinem
1528 2831 1581 2885 im-

324 2915 499 2992 petrationis
522 2925 614 2972 totam
645 2915 888 2993 promissionibus
912 2916 970 2972 Dei
993 2917 1090 2972 inuiti.
1125 2913 1224 2990 Quare
1247 2913 1329 2972 illam
1352 2935 1368 2970 e
1392 2933 1415 2972 s.
1440 2913 1510 2973 Scr.
1536 2913 1584 2972 de

325 2999 415 3067 ducit,
438 2999 517 3058 uude
539 3003 629 3058 etiam
653 3001 878 3080 amplitudinem
902 3003 1052 3060 efficaciae
1076 3003 1226 3078 cognoscit
1256 3009 1344 3078 atque
1375 2999 1583 3061 condiciones

326 3084 433 3164 quibus
455 3084 658 3160 obnoxiaest,
682 3091 745 3146 sive
768 3089 799 3146 id
822 3087 901 3166 quod
924 3091 1032 3166 petitur
1054 3091 1118 3146 sive
1142 3087 1253 3156 modus,
1276 3107 1333 3164 quo
1352 3085 1382 3144 id
1407 3087 1472 3160 fiat,
1499 3109 1583 3167 spec·
1668 3097 1669 3160 ζ

325 3181 412 3232 tatur.
446 3173 648 3234 Nihilominus
682 3177 771 3233 etium
806 3178 935 3234 rationes
969 3175 1188 3254 philosophicas
1222 3174 1321 3232 affert:
1353 3195 1369 3232 e
1404 3178 1583 3234 testimonio
1668 3195 1669 3238 ,

325 3263 443 3338 generis
466 3261 597 3332 humani,
620 3283 637 3320 e
660 3263 718 3320 tino
741 3273 770 3320 et
793 3267 898 3320 natura
927 3262 1088 3340 petitionis.
1122 3263 1272 3322 Summam
1303 3261 1522 3340 explicationis
1546 3262 1582 3320 de

324 3347 477 3407 infallibili
501 3349 634 3406 efficacia
656 3369 782 3426 precum,
805 3347 843 3408 de
867 3349 1097 3418 condicionibus,
1125 3349 1162 3408 de
1185 3351 1327 3427 petitione
1355 3347 1507 3408 donorum
1532 3371 1583 3408 uu-

322 3435 461 3494 turalium
484 3448 515 3493 et
537 3438 811 3512 supernaturalium,
839 3435 877 3494 de
900 3435 1107 3514 deprecatione
1129 3456 1182 3514 pro
1206 3436 1273 3494 aliis
1296 3435 1342 3494 his
1365 3435 1469 3494 verbis
1504 3457 1583 3495 com-

323 3522 482 3601 prehendit
504 3544 532 3600 p.
557 3525 615 3581 85:
649 3523 811 3595 ,Efficacia
834 3525 985 3601 petitionis
1008 3523 1151 3582 donorum
1174 3522 1370 3602 spiritualium
1395 3521 1435 3600 [v.
1459 3543 1492 3600 g.
1518 3545 1582 3602 per-

324 3612 517 3675 severantiae,
541 3608 628 3688 caeli]
653 3620 698 3667 est
721 3609 920 3668 infallibiliter
942 3621 1023 3669 certa
1047 3645 1085 3653 -
1110 3609 1147 3668 ad
1172 3631 1207 3668 ea
1226 3612 1304 3668 enim
1328 3608 1414 3678 dona
1438 3612 1581 3689 exceptis

322 3699 373 3767 eis,
398 3716 473 3774 quae
496 3708 564 3755 suut
587 3695 652 3777 (per
679 3717 710 3754 sc
734 3710 764 3754 et
785 3693 910 3777 directe)
934 3699 1043 3756 fructus
1073 3700 1222 3756 actionum
1253 3696 1376 3755 aliarum
1399 3717 1429 3753 r.
1452 3718 1485 3774 g,
1510 3719 1580 3776 pac·
1667 3731 1668 3734 =

324 3785 477 3854 nitentiac,
500 3794 758 3851 sacramentorum,
780 3787 911 3862 precatio
934 3796 1038 3843 natura
1061 3805 1113 3844 sua
1129 3785 1227 3845 fertur.
1251 3783 1401 3842 Donorum
1426 3795 1579 3864 tempera·

324 3869 397 3928 lium
422 3872 589 3948 impetratio
612 3882 657 3929 est
679 3869 878 3929 infallibiliter
894 3883 973 3929 certa
995 3871 1046 3930 sed
1071 3871 1170 3930 multis
1189 3869 1410 3929 condicionibus
1434 3869 1578 3935 obnoxia
1667 3869 1668 3920 Ῠ

325 3959 455 4014 maxime
477 3977 549 4014 vero
578 3958 715 4016 relationi
739 3957 777 4015 ad
799 3959 889 4016 finem
917 3959 1046 4017 hominis
1077 3958 1338 4036 supernaturalem.
1361 3989 1403 3998 —
1426 3958 1579 4018 Efficacia
1667 3961 1668 3966 ’

325 4062 445 4121 precum
468 4047 632 4120 peccatoris
652 4054 734 4102 certa
755 4054 800 4102 est
822 4047 853 4102 iu
877 4045 963 4104 rebus
987 4066 1051 4104 eum
1076 4048 1167 4123 ipsius
1184 4045 1375 4126 conversione
1397 4046 1577 4108 coniunctis,

325 4139 508 4188 nontamen
531 4131 562 4188 in
586 4130 661 4191 aliis.
692 4164 734 4174 -
757 4132 901 4190 Efficacia
927 4131 1143 4210 deprecationis
1171 4132 1299 4190 hominis
1328 4133 1396 4189 iusti
1424 4152 1480 4208 pro
1510 4133 1577 4191 aliis

324 4219 397 4276 item
420 4215 625 4276 videturesse
650 4217 843 4279 infallibilis*
875 4253 911 4262 -

434 4304 492 4363 His
515 4307 658 4383 expositis
680 4305 767 4364 rebus
791 4285 828 4367 Ζ.
851 4305 1034 4383 probandam
1062 4327 1126 4364 esse
1149 4303 1283 4364 defendit
1306 4301 1454 4380 publicam
1481 4308 1577 4381 grati-
1666 4307 1667 4322 ³

324 4411 406 4450 arum
430 4393 575 4450 actionem
599 4413 651 4471 pro
674 4395 889 4471 impetratione,
917 4414 976 4451 non
999 4403 1113 4451 tantum
1137 4393 1304 4451 summatim
1327 4387 1498 4450 exhibitam
1524 4391 1576 4450 sed

323 4481 412 4537 etiam
436 4478 474 4536 de
497 4499 568 4537 casu
590 4481 690 4557 aliquo
712 4481 900 4557 particulari;
924 4491 968 4538 est
992 4483 1071 4538 enim
1095 4481 1183 4538 etiam
1214 4499 1250 4536 ea
1272 4480 1348 4554 grati
1378 4497 1451 4552 erga
1474 4478 1574 4537 Deum

322 4567 416 4624 animi
447 4565 600 4624 bominum
630 4568 765 4637 amantis,
797 4588 869 4645 quos
897 4567 935 4625 ad
963 4567 1101 4624 fiduciam
1130 4565 1219 4625 etad
1243 4565 1300 4622 Dei
1332 4563 1574 4641 implorationem

325 4664 432 4711 movet.
463 4653 641 4727 Difficultas,
671 4673 746 4732 quae
783 4657 815 4712 in
845 4675 916 4713 casu
945 4655 1115 4733 particulari
1146 4656 1177 4711 in
1207 4649 1362 4711 statuenda
1392 4650 1575 4711 certitudine
