3450 5342
693 454 730 464 -
756 423 860 480 59...

137 605 245 685 etde
272 611 334 658 tota
356 605 411 659 hae
451 605 610 660 uaestione
629 605 656 660 J.
677 603 832 672 Stuller,
859 605 915 660 Die
935 605 1103 675 Hetligkeit
1123 606 1232 661 Gottes
1252 606 1317 663 und
1336 606 1396 662 dor

139 689 248 755 ewrge
268 674 345 756 T⁰.d²
365 674 442 774 lnns
464 675 544 756 ¹tiroli
565 676 640 741 1903,
661 675 690 729 S.
710 676 826 742 35-39;
848 675 898 729 Fr.
911 674 1086 758 'Schmid
1108 674 1396 775 Dieausserordent·

136 742 941 883 iiiiisiiiwiitiiiggeeniuidiiiigeiabiieii-Msiisohhfflt'
955 744 1066 800 anen
1081 746 1157 810 1899,
1174 745 1245 800 Chr.
1261 745 1394 813 Pesch,

253 913 326 972 Pars
349 914 406 972 ΙΙΙ.
430 915 510 972 Data
531 924 576 973 est
599 925 728 992 potestas
751 913 922 973 remittendi
946 923 1068 991 peccata
1090 916 1190 973 omnia
1209 926 1239 974 et
1259 917 1391 975 omnium

142 1000 221 1077 (Leo
246 1001 300 1062 lx.
323 997 442 1082 defini:
466 1022 537 1059 sane
562 1021 621 1060 uon
645 1002 780 1060 absoluta
803 1001 854 1060 sed
878 1003 966 1059 certis
988 1000 1104 1077 legibus
1128 1001 1229 1079 ligata.

256 1124 334 1179 Dub.
354 1127 377 1180 1.
397 1124 429 1179 Si
449 1125 487 1179 de
507 1125 653 1180 omnibus
668 1125 801 1194 peccatis
821 1130 976 1196 ageretur,
995 1126 1151 1194 potuisset
1176 1126 1397 1208 unusquisque

141 1193 312 1262 apostolus
338 1195 428 1248 etiam
451 1209 507 1249 sua
526 1193 626 1264 ipsius
668 1199 769 1250 eecata
791 1195 964 1261 remittere3
986 1209 1042 1250 nee
1062 1210 1137 1250 sane
1157 1195 1398 1266 impossibilitas

144 1263 219 1318 talis
247 1263 291 1318 rei
317 1263 504 1332 acceptionis
530 1210 682 1346 apostoiis
701 1265 832 1320 evidens
851 1279 923 1319 esse
943 1265 1052 1333 potuit,
1070 1264 1145 1334 quia
1165 1271 1248 1321 certe
1267 1266 1398 1337 quilibet

146 1331 271 1387 habens
308 1338 493 1402 potestatem
525 1332 728 1402 drspensandi
758 1350 775 1388 a
804 1339 878 1388 voto
905 1333 992 1398 alios,
1028 1333 1121 1389 etiam
1150 1349 1184 1389 se
1212 1335 1262 1391 dis
1287 1351 1399 1391 ensare

144 1401 337 1525 potleelst.d0{.
365 1403 476 1525 ξτες.
508 1402 555 1465 ll,
585 1403 667 1486 Hom
706 1405 747 1458 26.
773 1404 804 1458 in
829 1419 942 1473 evang.
967 1418 996 1458 n.
1021 1405 1036 1456 4
1063 1419 1085 1458 s.
1115 1429 1148 1444 -—
1180 1403 1225 1460 (li.
1282 1406 1345 1460 hes.
1373 1407 1399 1472 8,

144 1487 175 1540 p.
235 1513 251 1537 .,
294 1487 345 1526 u).
385 1513 390 1524 .

253 1543 277 1594 2.
297 1541 329 1594 Si
357 1541 395 1595 de
423 1541 570 1596 omnibus
590 1541 723 1610 peccatis
743 1547 899 1612 ageretur,
927 1542 1130 1610 peccatelam
1151 1542 1286 1598 remissa
1304 1543 1398 1598 etiam

143 1611 277 1664 retineri
318 1617 434 1674 essent,
456 1615 575 1668 retenta
595 1610 719 1666 remitti.

253 1681 278 1734 3.
297 1626 329 1734 gi
350 1681 388 1734 de
403 1681 550 1735 omnibus
564 1679 679 1750 peccati
692 1684 844 1750 ageretur,
864 1686 995 1803 possent
1008 1680 1136 1763 retineri
1149 1681 1241 1736 etiam
1256 1681 1398 1763 venialia.

877 1755 1015 1804 ationem
1036 1765 1169 1804 remissa
1188 1765 1271 1806 nova
1291 1758 1396 1806 statim

254 1753 278 1802 t.
298 1749 377 1804 Item
406 1755 535 1818 possent
581 1757 683 1804 eccata
711 1765 768 1820 per
785 1749 863 1804 abso

144 1817 347 1874 absolutione
367 1819 482 1874 remitti
503 1819 541 1873 ad
560 1765 684 1874 iibitum
705 1818 844 1888 repetita.
866 1817 910 1875 cf.
923 1835 960 1942 X.
979 1819 1031 1887 II.,
1052 1819 1125 1875 dub.
1145 1823 1169 1875 5.

255 1892 279 1943 5.
299 1888 401 1944 Verba
426 1889 557 1957 analoga
582 1905 599 1943 a
624 1929 630 1942 .
656 1888 700 1942 Mt
720 1889 761 1954 18,
782 1890 885 1944 15-22
903 1903 921 1942 a
962 1904 1072 1944 omnes
1091 1888 1228 1958 proterri
1247 1887 1397 1944 videntur

143 1972 182 2011 ex
193 1963 342 2012 contextu
353 1963 383 2012 et
394 1973 475 2014 nexu
487 1962 560 2014 natu
566 1905 630 2012 raii.
651 1957 690 2012 Et
701 1962 937 2028 aestuabatque
952 1964 1106 2030 σσνηηνόνοι
1119 1959 1393 2028 congregationem

145 2026 336 2096 significant,
365 2042 458 2108 quam
487 2027 647 2096 apostolos
675 2028 777 2082 vocari
803 2032 833 2082 et
859 2027 954 2082 textui
989 2033 1143 2098 repugnat
1174 2043 1231 2082 nec
1255 2033 1329 2082 tunc
1354 2028 1395 2082 ab

144 2096 351 2152 audientibus
378 2097 508 2167 intelligi
535 2097 697 2166 potuisset.
726 2097 771 2154 Cf.
791 2097 1014 2166 Origenes,
1044 2098 1082 2152 In
1102 2096 1392 2163 littom.13.lin.;

146 2165 483 2231 AnastasiusSin,
498 2166 710 2236 Interrog.61;
732 2167 943 2235 Theophyl.
960 2166 998 2221 In
1012 2167 1056 2222 Mt
1070 2169 1117 2222 tu:
1137 2167 1191 2222 Au
1226 2165 1396 2235 ustinus,

146 2233 249 2289 Serm.
269 2237 310 2295 28.
331 2253 359 2290 n.
378 2239 402 2289 7.
423 2237 483 2290 Ner
503 2236 615 2300 obstat,
635 2236 718 2305 qirod
740 2235 852 2290 similia
873 2237 970 2290 verba
988 2237 1178 2292 adhibentur
1232 2238 1298 2298 tro,
1317 2235 1392 2306 quia

146 2304 222 2358 nihil
251 2305 334 2360 alind
360 2306 458 2360 simile
482 2312 530 2360 est
556 2305 616 2359 nisi
640 2306 708 2374 ipsa
729 2306 861 2374 phrasis
890 2305 984 2376 Atqui
1004 2306 1062 2360 hoo
1081 2306 1185 2375 posito
1204 2321 1267 2360 non
1287 2310 1392 2375 potest

144 2389 255 2428 serino
275 2391 344 2430 esse
363 2376 401 2429 de
422 2375 572 2429 trudentia
592 2381 676 2429 tanta
696 2381 857 2444 potestate.

253 2447 277 2498 6.
299 2445 376 2498 llato
402 2446 498 2498 verba
522 2443 572 2498 illa
598 2445 703 2498 eadem
726 2443 861 2513 proferri
882 2444 983 2498 solum
1002 2443 1043 2498 ad
1061 2445 1230 2512 apostolos,
1260 2444 1299 2499 dc
1324 2443 1398 2502 aliis.

143 2512 282 2581 pereatis
301 2513 344 2568 ibi
365 2530 425 2568 non
446 2513 559 2583 agitur,
581 2514 638 2567 nisi
658 2514 696 2568 de
715 2515 768 2578 eie,
787 2513 904 2583 quibus
925 2513 1059 2582 proximi
1073 2513 1296 2570 offenduntur:
1318 2514 1393 2569 haec

143 2582 169 2636 si
191 2585 263 2652 quis
284 2584 509 2637 corrdimarerit
528 2583 680 2648 ‹iliensus
700 2583 982 2638 condonabuntura
1002 2582 1066 2638 Deo
1085 2589 1116 2638 et
1130 2583 1224 2638 simul
1237 2583 1395 2638 condona·

147 2651 268 2707 buntur
295 2655 499 2707 condonantis
527 2657 649 2721 peccata
674 2658 782 2707 eontra
808 2653 916 2708 Deum.
947 2652 984 2707 si
1009 2658 1122 2716 autem,
1147 2653 1196 2708 cui
1222 2653 1394 2708 condonari

144 2737 211 2775 non
239 2728 350 2791 potest,
379 2723 452 2791 quia
478 2737 538 2776 uon
565 2723 758 2788 emendatur,
787 2737 841 2777 nec
867 2722 950 2776 Deus
974 2721 1172 2777 condonabit.
1202 2722 1263 2777 Nee
1288 2723 1395 2777 obstat

145 2792 232 2858 quod
253 2791 368 2846 dicitnr
387 2792 625 2914 ,quodcumque
651 2792 697 2846 vel
718 2807 765 2860 ap.
786 2791 935 2846 Ioannem
955 2790 1128 2860 generatim
1154 2797 1296 2862 ,peccata‘
1320 2791 1396 2862 quia

147 2861 413 2926 subintelligenda
434 2869 508 2916 suut
528 2875 565 2915 ve
596 2867 727 2929 peccata,
756 2875 833 2930 quae
859 2861 993 2916 saneah
1014 2860 1194 2916 hominibus
1214 2861 1393 2928 condonari,

150 2930 198 2984 vel
218 2946 300 3000 (quae
320 2932 359 2984 ab
374 2931 576 3000 ecclesiaque
590 2931 641 2986 tali
658 2931 772 2985 remitti
787 2935 937 2998 possunt;
960 2945 1108 3000 »quorum
1130 2931 1385 2985 remiseritis·

147 2998 277 3061 dicitnr;
299 3001 487 3069 supponitur
498 3015 567 3054 nem
573 3015 609 3066 pe
622 3000 840 3054 antecedenter
850 2999 889 3054 ad
901 2999 994 3054 ullam
1010 3005 1196 3069 potestatem
1207 2999 1392 3055 tradendam

151 3083 204 3122 eos
233 3070 392 3124 remittere
417 3069 568 3139 quaedam
598 3076 728 3138 peccata.
758 3070 820 3123 Nec
844 3070 957 3136 obstat,
985 3070 1068 3138 quod
1089 3085 1113 3124 s.
1133 3069 1250 3124 Paulus
1269 3069 1393 3124 veniam

148 3138 236 3262 gadir
266 3138 448 3262 gfrarissimi
477 3138 600 3207 peccati,
629 3137 702 3208 qaia
731 3153 797 3192 eam
827 3154 890 3194 non
915 3138 1010 3205 dedit,
1038 3138 1099 3192 nisi
1127 3144 1283 3209 quatenus
1308 3153 1395 3194 scan-

174 3223 255 3262 aum
292 3216 388 3262 uerat.

255 3281 279 3332 7.
301 3277 352 3332 Mt.
374 3281 413 3340 12,
434 3281 481 3331 31:
502 3281 579 3331 Πᾶσα
604 3283 716 3344 ἁμαρτία
739 3284 785 3330 καὶ
809 3281 960 3346 βλασφημία
979 3279 1142 3343 &ethrinam
1165 3286 1220 3343 σοῖς
1239 3281 1395 3344 ἀνθρώποις,

148 3349 212 3412 ἡδὲ
230 3355 276 3400 τοῦ
295 3351 438 3413 ισιεὺμνισσς
457 3351 607 3414 βλασφημία
626 3353 674 3400 οὐκ
695 3351 866 3414 declinaret.
892 3349 948 3411 (32)
977 3349 1030 3399 Καὶ
1048 3349 1076 3412 ὃς
1095 3351 1127 3400 ᾰν
1145 3351 1208 3414 clap
1226 3351 1307 3416 λόγον
1324 3353 1396 3400 κατὰ

147 3424 192 3469 τσῦ
218 3425 273 3470 uici
300 3425 344 3470 τσῦ
370 3421 518 3483 ἀνθρώπων,
547 3421 710 3484 ἀφεθήσεται
734 3421 812 3483 αὐτῷ·
831 3419 860 3482 ὃς
879 3420 933 3471 σ’ᾶν
955 3421 1016 3484 clap
1034 3421 1106 3469 κατὰ
1123 3422 1168 3470 τοῦ
1186 3420 1330 3482 aestuem
1348 3423 1395 3470 τσῦ

149 3488 232 3557 apoc,
251 3492 301 3540 σὺν.
321 3490 483 3554 ἀφεθήσεται
502 3491 570 3553 αὐτῷ
591 3491 617 3538 ἑν
636 3493 718 3553 eol-q
736 3495 772 3554 τῷ
791 3493 872 3550 αἰῶνι,
891 3489 952 3540 obes
969 3489 997 3538 ἐν
1016 3494 1052 3553 τῷ
1071 3489 1203 3552 pilleati.

251 3559 277 3609 8.
298 3555 412 3618 1.Ιιν.ι’ν,
434 3559 480 3610 16:
507 3560 569 3608 Ἐάν
593 3575 629 3622 τις,
653 3562 694 3622 leq
713 3562 756 3610 τὸν
781 3559 895 3622 &helpis
914 3560 993 3609 αὑτοῦ
1012 3561 1194 3622 ἁμαρτάνσνια
1212 3559 1339 3623 &papatem
1358 3558 1393 3622 μὴ

149 3629 211 3689 πρὸς
230 3629 355 3690 θάνατον,
380 3631 487 3692 αἰτήσει,
511 3632 558 3678 καὶ
574 3630 650 3679 δώσει
669 3631 737 3692 αὐτῷ
757 3630 834 3693 ζωήν,
857 3634 913 3689 τοῖς
932 3630 1119 3692 ἁμαρτάνουσιν
1137 3629 1171 3693 μὴ
1191 3629 1254 3692 πρὸς
1271 3628 1396 3679 θάνατον.

152 3695 237 3746 Ἔστιν
257 3700 369 3762 ἁμαρτία
388 3700 450 3762 πρὸς
468 3699 591 3748 boisum·
611 3700 641 3749 ob
659 3701 717 3762 aspi
736 3700 837 3763 ἐκσίνης
857 3699 929 3765 λέγω
948 3700 992 3748 ἵνα
1010 3701 1136 3764 ἐρωτήσῃ.

255 3767 279 3820 9.
302 3763 380 3819 Heb.
401 3767 440 3830 12,
462 3767 508 3819 17:
529 3764 603 3818 'Iota
615 3771 675 3835 γάρ,
693 3769 944 3832 tarentinaeque
962 3763 1078 3833 [Ἠσαῦ]
1097 3767 1187 3818 &llus
1199 3768 1397 3832 κληρονομῆσαι

152 3835 198 3896 την
217 3839 339 3904 εὐλογίαν
360 3839 566 3902 ἀπεδοκιμάσθη
585 3840 721 3901 μετανοίας
746 3840 796 3904 γὰρ
814 3839 893 3887 τόπον
912 3838 961 3901 οὐχ
980 3832 1062 3900 cepo,
1080 3839 1177 3900 καίπερ
1195 3839 1261 3901 putei
1278 3838 1398 3901 δακρὺισν

154 3904 300 3970 ἐκζητήσας
320 3909 407 3972 αὐτὴν.

259 4004 460 4062 Nihilominus
491 4015 519 4062 ct
549 4005 623 4061 hatto
653 4023 720 4080 pars
751 4002 907 4082 probetur:
945 3997 988 4060 1⁰.
1013 4003 1134 4061 Dictum
1157 4012 1218 4061 est:
1243 4006 1326 4061 ‘sicut
1349 4024 1398 4062 me

150 4089 228 4146 misit
241 4091 339 4160 Pater,
352 4094 393 4149 ita
405 4112 460 4168 ego
473 4093 556 4149 mitto
571 4113 630 4152 vos,
652 4093 692 4148 At
705 4099 820 4148 constat
833 4089 984 4148 Christum
998 4089 1160 4148 Dominum
1177 4110 1237 4148 nou
1250 4093 1399 4149 remisisse

148 4173 240 4233 solum
268 4188 387 4255 peecata
418 4191 519 4236 contra
543 4199 573 4235 so
608 4179 770 4241 ‹solmnissa
802 4177 859 4241 vel,
892 4189 924 4234 ut
954 4186 1042 4254 capnt
1065 4177 1217 4249 ecclesias,
1254 4176 1398 4236 scandala

146 4259 265 4337 publica
290 4268 367 4322 inter
390 4264 558 4344 discipulos.
583 4264 634 4321 sod
658 4265 748 4321 etiam
772 4264 839 4332 alia,
863 4262 1022 4321 dummodo
1046 4265 1077 4322 in
1099 4265 1173 4342 ipsis
1203 4263 1334 4322 dolorem
1358 4263 1396 4322 de

148 4353 276 4422 peccatis
300 4353 464 4415 invenerit:
489 4353 563 4410 alias
587 4354 666 4408 cuim
691 4371 744 4408 neo
769 4351 892 4409 iniurias
915 4348 973 4408 sibi
993 4350 1093 4409 illatas
1127 4348 1315 4417 condonarit,
1344 4349 1398 4410 ssd

151 4441 182 4489 ut
212 4436 454 4498 ιινιιιίινιιιιιινιιιιιι·Ι
495 4441 512 4496 i.
543 4460 568 4496 e.
600 4449 630 4496 ut
661 4439 743 4495 Deus
767 4439 882 4496 animos
905 4436 943 4494 ad
966 4436 1098 4495 dolorem
1121 4436 1158 4495 de
1180 4440 1311 4515 peccatis
1335 4459 1396 4495 mo-

155 4535 244 4593 veret,
269 4528 392 4602 rogarit.

263 4608 305 4669 2⁰.
336 4633 402 4670 rum
435 4611 625 4670 Ambrosio
656 4612 715 4686 (lle
745 4612 862 4688 poenit,
894 4609 912 4668 l.
946 4614 971 4676 l,
1003 4631 1031 4668 u.
1063 4605 1121 4689 7.):
1155 4609 1259 4686 „Quod
1284 4609 1400 4682 ligandi

158 4691 202 4750 ius
228 4696 328 4758 habeo.
353 4702 397 4758 ius
421 4699 515 4756 habeo
539 4711 568 4756 ot
591 4697 756 4756 solvendi‘.
