3450 5342
633 487 647 492 —
698 453 737 509 tta

81 641 160 720 disp.
199 645 260 702 10:
296 640 458 706 llicastillo.
494 645 610 710 Sumen,
643 641 775 700 'l‘homas
810 639 879 718 (Ill.
913 663 941 720 q.
976 644 1030 720 88)
1060 652 1090 701 et
1119 654 1283 711 comment„
1306 643 1343 702 P.

82 727 192 786 Lomir.
227 728 246 785 l.
276 730 304 798 t,
333 728 360 786 d.
385 729 424 786 22
449 736 478 787 et
501 727 678 804 comment),
701 729 743 786 ita
766 747 820 786 nec
842 739 967 806 angetur
988 749 1042 808 per
1063 749 1096 788 se
1117 750 1170 808 por
1192 729 1342 789 diuturni·

81 823 177 874 tatem
203 814 369 874 habitualis
392 817 564 884 aversionis,
587 813 639 874 sed
663 815 765 882 solum,
789 817 813 874 si
837 817 1004 875 volontarie
1020 819 1051 875 in
1066 837 1102 875 ea
1121 817 1340 894 perseverando

81 902 182 960 denuo
216 912 365 980 peccatur.
398 903 468 980 lpsa
497 905 612 960 aversio
643 901 803 960 habitualis
826 923 880 981 per
901 903 1072 962 relationem
1096 902 1135 960 nd
1158 913 1254 963 actum
1278 903 1340 982 (vel

81 988 178 1065 actus)
204 991 321 1068 pocomi
344 1009 409 1047 earn
433 1003 603 1049 causantem
625 1001 669 1048 est
693 991 787 1066 magis
809 991 857 1048 vel
881 993 978 1049 minus
1000 991 1157 1068 culpabilis
1172 1011 1225 1068 pro
1240 993 1341 1068 gravi-

81 1087 144 1134 tate
168 1075 234 1154 (vel
260 1076 393 1154 numero)
416 1087 534 1134 actuum
557 1077 749 1134 causantium·

194 1163 335 1222 Actualis
358 1165 510 1222 conversio
534 1163 572 1220 ad
594 1163 691 1222 Deum
715 1173 745 1220 ut
769 1163 857 1220 finem
874 1175 1011 1243 exparte
1032 1165 1195 1242 peccatoris
1209 1164 1243 1222 fit
1258 1174 1339 1226 certe

81 1250 253 1308 formaliter
287 1271 338 1328 per
368 1260 464 1309 actum
495 1251 634 1308 caritatis.
665 1251 706 1308 At
738 1271 796 1308 non
826 1252 896 1308 item
927 1251 1102 1329 (formaliter
1123 1250 1337 1329 pereundam(

81 1339 242 1395 conversio
266 1336 436 1396 habitualis.
458 1338 618 1396 Peccatum
641 1339 720 1396 euim
741 1335 893 1396 habituale
916 1359 975 1397 non
998 1347 1095 1416 potest
1116 1338 1181 1396 tolli
1204 1340 1263 1396 nisi
1284 1358 1340 1417 per

81 1423 122 1486 id.
154 1427 239 1482 cuins
272 1426 399 1502 privatio
431 1434 483 1483 est.
518 1423 637 1498 „Potest
667 1425 790 1498 cogitari
820 1423 998 1502 dignitatem
1032 1423 1093 1484 odii
1123 1427 1282 1483 consistere
1305 1427 1338 1483 in

81 1513 255 1588 privatione
279 1511 404 1570 actualis
427 1513 628 1570 conversionis
651 1509 688 1568 ad
705 1511 813 1586 Deum3
837 1510 890 1570 sed
912 1512 968 1570 hoc
983 1531 1085 1570 verum
1110 1522 1244 1580 nonest,
1267 1514 1340 1590 quia

82 1611 238 1675 peccatum
264 1619 324 1656 nou
347 1600 504 1678 opponitur
528 1599 674 1677 privative
697 1598 804 1656 actuali
828 1601 1023 1668 conversioni,
1046 1619 1112 1658 eum
1136 1599 1223 1657 homo
1246 1600 1339 1677 pessit

84 1704 138 1742 nec
161 1706 289 1763 peecare
312 1705 368 1744 nee
391 1695 488 1744 actum
511 1686 713 1744 conversionis
736 1685 860 1759 elicere;
884 1696 980 1764 potest
1006 1687 1130 1763 cogitosi
1153 1706 1219 1743 eam
1242 1688 1340 1745 cousi-

84 1781 159 1829 stere
185 1775 216 1830 in
242 1773 307 1831 sola
331 1775 496 1850 privatione
519 1781 616 1830 rectae
639 1771 823 1831 habitudinis
851 1771 890 1830 ad
919 1773 1008 1831 finem
1032 1793 1070 1830 ex
1092 1782 1175 1850 parte
1198 1771 1337 1840 hominis,

86 1877 172 1934 qnam
196 1862 305 1938 quovis
329 1869 476 1918 momento
499 1862 652 1918 restituere
675 1861 782 1938 possit:
807 1857 859 1918 sed
883 1860 989 1918 falsum
1004 1870 1051 1918 est
1066 1859 1130 1931 boc,
1146 1861 1216 1937 quia
1239 1862 1339 1938 requi-

85 1946 157 2002 ritur
179 1947 347 2005 satisfactio
370 1947 417 2004 vel
441 1945 627 2006 condonatio.
651 1946 714 2005 lam
738 1967 807 2004 vero
830 1948 993 2005 satisfactio
1017 1956 1116 2006 nostra
1131 1967 1183 2024 pro
1206 1949 1337 2024 peccatis

86 2041 129 2089 est
152 2033 318 2092 satisfactio
342 2033 453 2092 Christi
478 2032 563 2091 nobis
585 2033 754 2112 applicata:
785 2033 951 2112 applicatur
979 2044 1077 2091 autem
1107 2033 1270 2092 formaliter
1291 2054 1336 2103 eo,

85 2119 161 2195 qnod
185 2123 409 2199 incorporamur
432 2120 551 2178 Christo
575 2120 659 2179 alteri
685 2119 822 2183 Adamo:
854 2141 931 2199 qnae
952 2123 1150 2198 incorporatio
1173 2119 1337 2178 formaliter

89 2204 118 2262 fit
141 2227 193 2284 per
215 2207 437 2266 deificationem
460 2217 582 2266 naturae
604 2218 721 2266 nostrae
745 2227 796 2266 seu
820 2227 872 2285 per
894 2209 1146 2283 regenerationem
1169 2209 1336 2284 suspiritu

88 2313 127 2364 ιις
151 2315 218 2352 narn
245 2297 427 2373 incorporari
451 2293 570 2354 Christo
593 2297 683 2372 capiti
708 2307 751 2353 est
775 2295 838 2352 fieri
863 2295 901 2355 id.
925 2292 1003 2372 qnod
1026 2303 1070 2352 est
1095 2293 1240 2359 Christus,
1270 2295 1334 2352 fieri

89 2378 178 2438 filium
193 2381 262 2446 Dei,
282 2384 356 2440 sicut
373 2383 551 2459 incorporari
568 2381 685 2440 Adamo
701 2381 796 2458 (nasci
813 2380 998 2455 naturaliter)
1010 2390 1054 2438 est
1074 2381 1136 2437 ficri
1152 2380 1330 2442 homiuem*

88 2465 165 2524 Slav.
188 2469 244 2526 litt
269 2468 359 2527 theol.
383 2469 414 2541 1.‚
440 2469 544 2527 112-3.
590 2469 694 2548 ltaque
717 2471 958 2547 quotiescumque
989 2483 1109 2545 peccota
1139 2468 1335 2540 remittuntur,

88 2555 191 2632 accipit
215 2555 305 2615 homo
329 2559 454 2633 gratiam
477 2577 529 2634 per
552 2559 773 2634 generationem
795 2576 832 2612 ex
857 2557 967 2633 Spiritu
999 2578 1020 2612 s.
1045 2555 1190 2612 iternissio
1220 2557 1333 2632 peccati

89 2635 274 2720 (habitualis)
298 2653 343 2702 est
358 2652 571 2722 cousequenter
593 2645 683 2701 etiam
701 2641 827 2702 sublatio
844 2642 999 2719 diguitatis
1015 2663 1163 2719 poenae
1188 2653 1335 2714 aeternae,

87 2725 284 2806 inquantum
310 2733 471 2790 restituitur
493 2730 702 2808 attingibilitas
726 2731 802 2788 finis.

192 2834 229 2892 In
252 2835 407 2893 veniali
431 2846 551 2912 peccato
575 2833 705 2894 tollendo
728 2835 851 2894 actualis
875 2837 1028 2892 conversio
1044 2854 1081 2891 ex
1097 2848 1179 2911 parte
1204 2833 1333 2890 hominis

91 2921 220 2978 consistit
242 2923 276 2980 in
300 2931 366 2980 actu
390 2925 531 3000 opposito,
561 2933 590 2979 et
620 2924 644 2980 si
676 2920 766 2980 habet
789 2923 924 2998 gratiam,
948 2919 1029 2978 nulla
1052 2919 1111 2977 alia
1139 2921 1334 2978 conversione

92 3023 157 3078 opus
178 3017 242 3082 est3
277 3008 330 3066 sed
352 3011 377 3066 si
401 3029 460 3067 non
482 3008 580 3073 habet,
611 3008 700 3066 debet
729 3029 767 3066 ex
794 3019 877 3086 parte
907 3007 967 3066 liei
997 3006 1136 3064 accedere
1167 3009 1270 3084 gratia.
1301 3017 1335 3064 nt

92 3087 192 3151 habeat
214 3097 440 3154 conversionem
464 3095 502 3153 ad
525 3097 633 3154 finem:
665 3094 795 3172 dignitas
829 3115 977 3174 poenae
1000 3105 1098 3151 antem
1121 3113 1172 3170 per
1194 3091 1250 3150 hoc
1273 3113 1334 3151 non

91 3176 204 3238 tollitur.
227 3183 312 3240 Deus
335 3184 458 3240 remittit
482 3193 632 3260 [torcatum
657 3183 773 3240 veniale
797 3202 855 3260 qua
878 3180 937 3240 tale
961 3190 1075 3238 tantum
1098 3192 1228 3248 eatenus,
1262 3199 1333 3256 qua-

91 3271 168 3322 tenus
192 3279 291 3328 actum
314 3268 423 3328 bouum
448 3271 612 3348 oppositum
635 3278 667 3327 ut
690 3289 778 3328 causa
801 3267 973 3346 principalis
995 3265 1130 3345 producit
1154 3265 1250 3344 quoad
1281 3285 1333 3324 en-

93 3351 199 3411 titatem
223 3365 252 3414 et
278 3357 474 3414 moralitatem
497 3355 607 3429 (aetum
630 3357 740 3414 malum
764 3365 878 3416 tantum
902 3352 999 3432 quoad
1018 3355 1172 3411 entitatem
1189 3352 1332 3430 producit,

93 3437 149 3494 sive
171 3445 253 3517 ponis
278 3453 430 3520 peccatum
453 3445 667 3501 commissionis
690 3445 721 3501 in
744 3443 843 3521 aliquo
866 3442 1002 3520 positivo,
1031 3441 1094 3497 sive
1117 3442 1148 3498 in
1172 3440 1332 3516 negativ03

93 3522 125 3578 cf.
148 3525 260 3586 l'rins
286 3533 316 3587 in
341 3529 477 3588 Ztschrft.
501 3531 520 3589 f.
544 3529 625 3587 kath.
648 3530 752 3588 'l'heol¹
779 3531 861 3588 1890
892 3550 919 3606 p.
944 3527 1004 3582 ssu
1037 3523 1077 3591 ff.)
1109 3527 1198 3584 l'lnra
1228 3540 1333 3606 postea

94 3605 172 3684 (tiras.
197 3613 243 3692 Υ.)

193 3701 380 3761 Potestas
405 3703 574 3761 remittendi
598 3717 718 3782 peccota
740 3706 781 3760 ita
806 3701 999 3774 intelligenda
1024 3716 1076 3759 cst.
1100 3717 1128 3758 ut
1144 3716 1210 3756 artu
1230 3702 1330 3756 terruit-

94 3781 167 3840 tendi
190 3800 339 3868 tamquam
363 3810 451 3848 causa
474 3791 690 3850 instrumentali
721 3788 893 3848 infundatur
924 3809 941 3846 a
965 3789 1028 3846 lieo
1059 3803 1208 3864 tamqnam
1240 3808 1330 3844 canan

94 3870 240 3950 principali
263 3880 360 3954 gratia
383 3879 622 3955 supernaturalis.

194 3963 219 4018 2.
243 3965 338 4022 Locus
362 3966 522 4042 scripturae
538 3963 574 4022 dc
599 3986 655 4042 quo
678 3964 726 4020 hic
750 3966 863 4040 agimus
888 3979 930 4018 est
956 3963 996 4018 ln.
1014 3967 1061 4020 21).
1080 3967 1129 4017 rt.
1153 3957 1250 4020 Εἶπεν
1274 3956 1333 4018 οὖν

92 4039 188 4110 αὗῑθῖς
208 4051 316 4112 πάλιν·
353 4052 458 4131 εἰρήνη
482 4051 574 4130 ὑμῖν·
608 4051 721 4117 καθὼς
751 4048 941 4110 ἀπέσταλκέν
964 4072 1004 4126 μι-
1037 4048 1055 4105 ct
1081 4045 1200 4124 Πατήρ,
1235 4045 1327 4124 κάγὼ

95 4125 201 4194 ”frosm
215 4135 301 4214 ὑμᾶς.
326 4141 375 4196 22.
399 4138 451 4198 καὶ
466 4144 556 4198 τοῦτο
579 4139 676 4198 εἰπὼν
692 4137 880 4216 ἕιϊιριιῖσι]σιι·
899 4135 950 4195 καὶ
974 4136 1051 4213 λέγει
1075 4157 1094 4193 o
1117 4139 1196 4196 τοῖς·
1221 4132 1328 4210 lrlprrs

97 4205 217 4296 Πνεῦμα
240 4224 335 4304 ἅγιον.
360 4227 410 4286 23.
433 4225 471 4284 ἄν
494 4249 585 4286 ιινιιιν
607 4225 706 4304 ἀφῆτε
730 4223 781 4286 nir
805 4223 966 4302 ἁμαρτίας,
989 4223 1146 4300 ἀτρέιιινιιιι
1173 4219 1222 4296 pqr
1240 4225 1265 4276 A
1285 4220 1326 4283 D:

98 4293 221 4373 ἆριέιιιιιι.
244 4307 296 4369 Bb:
331 4313 367 4370 cf.
390 4311 551 4389 explicatio
573 4311 681 4371 Gihr.
719 4311 773 4368 ltie
798 4311 868 4367 bril,
895 4312 1085 4367 sacramente
1109 4307 1148 4367 ΙΙ.
1172 4306 1331 4380 (l'reihurg

100 4383 183 4465 ¹899)
205 4397 296 4460 5925:
321 4399 509 4480 ἀφεθήσεται
534 4407 557 4462 N
578 4397 721 4478 primitus]
747 4397 859 4466 αὐτοῖς,
883 4397 921 4455 ἄν
940 4419 1031 4456 ιινιιιν
1054 4401 1193 4473 κρατῆτε,
1217 4393 1331 4470 κεκρά-

99 4487 195 4546 ”ll’isst
216 4481 310 4544 Huius
333 4485 391 4544 loci
414 4488 686 4565 interpretationem
709 4485 786 4542 lianc
809 4485 906 4562 posuit
928 4484 1017 4540 Cone.
1040 4481 1329 4543 'l'ridcntinnm

101 4555 166 4618 ⁸⁹⁸³·
191 4569 234 4640 14,
256 4593 299 4650 cp.
325 4577 363 4646 13
387 4594 431 4632 cn.
456 4575 491 4632 3:
531 4575 581 4646 „Si
605 4575 668 4651 quis
692 4571 801 4630 dixerit
830 4569 921 4628 verba
944 4571 996 4628 illa
1021 4571 1140 4626 lloruini
1165 4567 1328 4623 Salvatoris

104 4639 240 4728 ’Accipite
256 4661 395 4737 Spiritum
420 4683 441 4718 s.
461 4673 534 4718 etc«
558 4681 615 4718 uon
632 4681 696 4718 esse
719 4657 917 4734 intelligendo
939 4657 975 4714 dr
993 4666 1135 4734 potestate
1160 4651 1328 4710 remittendi

102 4741 127 4784 et
147 4740 279 4802 retinendi
303 4759 425 4824 peccata
448 4749 478 4806 in
503 4757 685 4806 sacramento
703 4746 911 4823 poenitentiae,
935 4747 1008 4800 sicut
1033 4743 1156 4800 ecclesia
1180 4739 1328 4796 catholica
