3450 5342
854 364 896 373 -
923 334 1049 387 11111-

328 514 572 586 philosophicae,
600 530 680 585 11999
707 516 824 571 Romae
842 515 874 569 in
894 514 1003 585 pontii.
1028 513 1231 569 universitate
1257 513 1349 582 (1191.
1375 511 1580 567 tradiderat.

327 616 360 627 -
392 585 435 640 Lo
460 590 515 651 ica,
546 584 721 655 Ontologia,
753 582 961 653 Cosmologia,
993 583 1034 637 Ps
1059 582 1148 637 cholo
1171 581 1200 637 19
1228 584 1245 637 2
1273 582 1369 649 Tom,
1403 581 1582 637 Theodicea

326 602 495 723 (Valisoffeti
513 655 547 711 Α.
568 654 703 721 0999191,
723 654 773 709 Dr.
791 653 953 709 Kottantin
974 599 1142 733 Gutsserlet:
1209 651 1383 732 cherson,
1408 651 1581 731 Lebrbuch

325 725 383 780 der
403 724 612 793 philosophie,
640 722 749 793 Logili,
775 722 991 792 Psychologie,
1017 722 1121 789 Ethili,
1146 720 1338 791 allgememe
1365 720 1582 790 ldetapbysrlr,

327 792 635 863 Naturpbilosophie,
655 792 826 848 Theodicee
845 792 1010 859 1111199191,
1030 790 1216 861 Theissing),
1236 790 1357 844 Tilman
1377 790 1496 845 Pesch:
1524 790 1582 845 Die

328 864 446 933 grotien
472 862 673 918 Weltraithsel
698 863 877 931 (Freiburg,
907 860 1052 929 Herder),
1082 860 1246 917 Catbrein:
1277 859 1581 929 lloralpliilosoplrie

327 932 505 1002 (Freiburg,
524 932 671 1000 llerder),
692 932 745 989 Dr.
765 932 799 987 E.
819 930 1022 987 Kadoi-aveir:
1043 929 1271 1000 Psychologie.}

430 1018 542 1073 Totum
569 1017 683 1073 librum
711 1017 824 1072 dividit
848 1023 957 1072 auctor
975 1016 1006 1072 in
1026 1022 1176 1086 quattuor
1199 1022 1317 1097 partes,
1345 1016 1463 1086 quibus
1488 1031 1579 1097 prae

327 1086 422 1142 mittit
431 1086 549 1157 aliquas
562 1088 706 1142 notiones
717 1087 868 1157 praevias.
890 1086 981 1141 Recte
992 1092 1128 1153 annotat,
1141 1084 1273 1140 radicale
1285 1085 1396 1140 adesse
1406 1085 1579 1141 discrimen

326 1160 486 1227 (aopoasoc
505 1159 652 1227 paam-rio(
671 1158 750 1212 inter
761 1157 926 1226 physicum
940 1161 971 1211 et
986 1156 1168 1225 psychicum
1184 1156 1329 1224 111931.
1349 1156 1578 1224 Argumentum

326 1242 402 1281 vero
421 1227 461 1282 ad
480 1227 547 1293 hoc,
574 1229 679 1294 (omne
703 1226 870 1297 physicum
890 1232 938 1281 est
957 1230 1131 1291 extensum,
1160 1239 1252 1279 omne
1279 1224 1464 1294 psychicum
1490 1224 1580 1281 inex·

326 1300 465 1362 tensum)
491 1312 553 1350 non
572 1302 622 1351 est
640 1295 793 1351 strictum.
832 1294 958 1351 Certum
979 1294 1106 1365 quidem
1126 1300 1174 1349 est
1194 1300 1260 1349 turn
1281 1294 1412 1363 physica
1429 1309 1578 1365 corpora,

326 1372 391 1420 tum
412 1366 626 1435 phaenomena
641 1380 726 1420 mere
740 1365 879 1434 physica,
899 1379 1030 1433 quorum
1052 1364 1118 1419 sola
1137 1378 1270 1432 corpora
1297 1369 1369 1418 sunt
1389 1364 1579 1433 subiectum,

325 1450 396 1489 esse
411 1434 515 1489 991919
533 1440 670 1490 91119999.
691 1434 770 1489 Item
786 1440 904 1489 certum
921 1438 977 1501 est,
996 1433 1131 1488 animam
1147 1438 1176 1488 et
1189 1433 1294 1487 omnia
1309 1448 1345 1488 ea
1359 1432 1580 1502 phaenomena

325 1504 482 1585 psychica,
512 1520 648 1573 quorum
681 1504 747 1558 sola
779 1503 883 1557 anima
910 1508 958 1557 est
986 1502 1169 1570 subiectum,
1201 1502 1364 1557 1991119999
1383 1517 1456 1557 9999
1475 1512 1579 1559 (actus

325 1573 498 1628 intellectus
523 1579 552 1628 et
576 1573 769 1642 voluntatis).
809 1572 943 1627 Exstant
967 1588 1043 1627 vero
1068 1572 1159 1627 etiam
1186 1572 1401 1641 phaenomena
1426 1573 1580 1642 psychica

325 1648 460 1709 extensa,
488 1658 523 1697 ea
542 1658 663 1712 nempe,
691 1658 828 1712 quorum
851 1648 881 1698 et
900 1641 1003 1697 anima
1023 1648 1053 1697 et
1071 1656 1186 1708 corpus
1211 1640 1287 1707 (scil.
1306 1648 1476 1711 organum(
1504 1644 1579 1698 sub

326 1711 512 1767 stantialiter
530 1712 612 1767 inter
631 1727 665 1767 se
689 1712 776 1767 unita
797 1718 873 1766 sunt
892 1711 1065 1767 subiectum
1085 1714 1184 1777 (actus
1204 1726 1365 1774 sensuum,
1391 1710 1475 1766 inter
1494 1727 1578 1783 quos

325 1782 433 1837 saltent
454 1788 543 1836 actus
562 1787 663 1836 tactus
683 1780 1089 1836 191919191991919191919
1115 1779 1235 1835 extensi
1262 1780 1452 1835 conscientia
1480 1781 1578 1851 perci-

325 1852 462 1921 piuntur,
482 1852 554 1921 plus
573 1851 623 1905 vel
644 1852 749 1905 minus
768 1850 850 1905 clare
870 1856 957 1904 99199
977 1856 1091 1919 gustus
1111 1855 1140 1905 et
1159 1848 1314 1914 ollactus).
1333 1850 1451 1905 Auctor
1472 1853 1579 1920 utique

325 1926 412 1975 actus
432 1936 584 1976 sensuum
613 1920 732 1975 insola
760 1920 862 1975 anima
883 1917 978 1989 ponit,
1007 1918 1137 1987 ideoque
1156 1919 1335 1973 inextensos
1364 1934 1435 1975 esse
1461 1926 1578 1989 censet,

326 1990 557 2045 99111911991119
592 1997 626 2045 ut
646 1990 806 2059 posterius
825 1988 1017 2044 ostendetur.
1056 1988 1135 2043 Vera
1160 1988 1239 2043 ratio
1264 1988 1579 2045 999991191191119911-

326 2060 417 2113 minis
437 2060 518 2113 inter
538 2032 703 2129 physicum
718 2064 749 2113 91
763 2058 945 2129 psychicum
961 2073 996 2113 ea
1011 2064 1066 2126 est,
1085 2057 1167 2127 quod
1187 2063 1275 2111 actus
1295 2058 1434 2128 psychici
1455 2075 1579 2129 reprae-

325 2127 471 2183 sentativi
502 2133 576 2183 sunt
608 2132 708 2193 (actus
739 2127 956 2197 cognoscitivi)
989 2126 1036 2183 vel
1069 2128 1372 2197 repraesentationes
1405 2137 1576 2199 sequentes

326 2198 424 2263 (actus
441 2196 625 2266 appetitivi),
645 2198 860 2268 phaenomena
875 2212 951 2251 vero
965 2196 1094 2267 physica
1112 2212 1150 2251 ne
1166 2195 1329 2251 minimum
1349 2198 1478 2267 quidem
1493 2199 1577 2253 111199

325 2266 524 2334 1191199119919
546 2273 798 2337 »repraesentare
817 2266 947 2334 aliquid«
970 2267 1000 2321 in
1022 2280 1055 2321 se
1075 2266 1240 2321 continent.
1265 2268 1384 2322 Auctor
1403 2268 1483 2322 11999
1504 2268 1576 2323 1911-

324 2350 415 2390 onem
434 2335 505 2390 ideo
525 2352 588 2391 non
610 2338 756 2401 ,adduxit
785 2336 857 2406 quia
884 2342 972 2391 99199
998 2335 1283 2405 repraesentativus
1314 2343 1349 2392 ut
1367 2336 1577 2393 elementares

324 2410 412 2459 99199
431 2406 552 2460 9911999
571 2421 633 2460 999
653 2406 801 2475 agnoscit.

427 2491 592 2547 Notionem
613 2491 714 2561 ipsius
733 2493 854 2547 animae
875 2492 953 2547 bene
972 2492 1121 2561 exprimit
1140 2498 1257 2559 auctor,
1284 2492 1360 2547 dum
1380 2492 1465 2559 dicit,
1491 2493 1576 2549 illam

323 2574 393 2615 esse
421 2561 629 2617 substantiam
660 2561 853 2630 spiritualem
885 2565 1132 2631 1194111911111111
1161 2561 1358 2631 9199199919).
1395 2562 1576 2631 (Notionem

324 2630 518 2685 substantiae
543 2646 605 2685 nou
625 2631 823 2686 9111111911119
848 2630 1029 2699 primariam
1050 2632 1068 2685 i.
1090 2647 1114 2685 e.
1134 2636 1169 2686 ut
1194 2646 1250 2686 ens
1269 2647 1327 2701 per
1346 2646 1381 2687 se
1401 2638 1499 2698 stans,
1521 2634 1576 2688 9911

325 2699 551 2766 secundariam,
578 2701 596 2756 i.
615 2716 639 2757 e.
660 2707 695 2755 ut
720 2702 894 2756 subiectum
921 2714 1108 2769 permanens
1135 2700 1166 2754 in
1191 2701 1388 2770 oppositione
1414 2703 1454 2756 911
1480 2703 1506 2757 91
1533 2702 1577 2757 in-

325 2768 484 2823 haerentia
509 2769 678 2824 accidentia
704 2770 884 2836 mutabilia).
921 2770 1063 2825 Animam
1084 2776 1118 2824 ut
1139 2770 1347 2825 substantiam
1377 2771 1576 2841 spiritualem

327 2841 408 2892 recte
427 2838 624 2894 demonstrat
643 2854 679 2893 ex
698 2839 766 2893 eius
783 2840 906 2894 actibus
925 2844 955 2894 et
974 2838 1118 2908 quidem:
1149 2842 1172 2893 1.
1194 2840 1238 2894 Ex
1257 2840 1309 2903 919,
1333 2840 1460 2910 quibus,
1481 2842 1578 2896 91991-

323 2906 457 2962 19919191
471 2908 575 2963 991199
590 2915 770 2963 9991191919
782 2906 995 2978 cognitionum
1007 2938 1040 2947 -
1051 2926 1195 2972 9111119199
1209 2910 1348 2963 9991191119
1366 2918 1406 2991 (p.
1418 2914 1455 2975 5).
1471 2912 1577 2977 Actus,

322 2976 435 3045 quibus
455 2992 610 3048 cognosco
630 2978 751 3041 silvam,
780 2978 810 3032 in
830 2992 893 3047 qua
921 2977 1129 3045 deambulavi,
1159 2978 1310 3045 119191999,
1335 2980 1526 3049 quibuscum
1548 2980 1579 3035 in

324 3046 380 3100 hac
409 3046 459 3101 via
486 3048 609 3103 locutus
639 3063 708 3102 sum
738 3050 803 3114 919,
837 3046 1023 3116 multiplices
1052 3052 1126 3101 sunt
1154 3053 1184 3102 et
1208 3052 1312 3102 tamen
1343 3054 1443 3104 totum
1476 3064 1576 3105 unuin

327 3114 475 3172 efficiunt.
502 3117 570 3171 Hoc
589 3122 710 3172 tantum
731 3117 850 3170 ratione
869 3116 963 3171 99199
984 3116 1185 3184 substantiae,
1204 3132 1285 3186 11999
1304 3128 1413 3173 9111919
1435 3126 1486 3173 est
1505 3120 1577 3175 sub·

326 3184 448 3255 lectum,
468 3186 537 3241 lieri
556 3191 668 3255 potest.
686 3190 711 3240 2.
726 3186 774 3240 Ex
787 3185 917 3253 actibus,
936 3185 1052 3255 qulbus
1068 3186 1286 3241 manifestatur
1301 3189 1405 3242 unitas
1421 3204 1577 3257 personae

327 3256 367 3323 (11.
391 3258 408 3311 6
434 3257 607 3326 cognosco,
639 3270 688 3310 me
713 3256 773 3309 sub
798 3254 903 3324 aliquo
929 3261 1072 3324 respectu
1099 3256 1220 3322 mutari,
1255 3256 1315 3313 sub
1341 3257 1400 3311 alio
1430 3265 1576 3327 respectu

328 3338 453 3395 semper
475 3329 673 3380 immutatum
700 3339 841 3380 manere:
875 3323 950 3393 Ego,
978 3324 1029 3392 qui
1054 3340 1137 3379 nunc
1156 3329 1315 3395 tamquam
1338 3326 1387 3380 vir
1406 3327 1575 3395 profundis

328 3393 567 3462 quaestionibus
596 3394 717 3462 studeo,
749 3393 917 3448 identicum
940 3408 988 3447 me
1016 3408 1170 3463 cognosco
1202 3394 1345 3450 99191119
1374 3410 1445 3451 1999
1477 3412 1576 3467 19919,

326 3465 410 3531 quod
431 3463 626 3529 1199919919
647 3461 1091 3531 1919999911199119119119191.
1125 3463 1256 3519 Realis
1274 3464 1326 3519 illa
1347 3464 1495 3521 identitas
1515 3466 1574 3523 11191

330 3546 415 3601 x>egoi
437 3532 523 3587 omni
544 3539 685 3602 tempore
703 3532 786 3587 vitae
805 3546 891 3585 meac
911 3546 973 3586 non
987 3537 1091 3601 potest
1104 3533 1256 3656 9111119911,
1276 3534 1337 3588 9191
1359 3548 1462 3589 meum
1487 3551 1572 3605 »ego«

328 3600 368 3654 sit
386 3602 479 3656 realis
500 3601 675 3656 substantia
695 3615 884 3670 permanens
911 3616 944 3655 re
963 3616 980 3655 a
1000 3602 1065 3655 suis
1085 3602 1143 3657 acti
1168 3618 1205 3657 us
1226 3602 1382 3667 distincta,
1411 3620 1474 3659 non
1500 3620 1575 3660 veru

326 3682 411 3724 mera
431 3670 528 3725 series
547 3676 672 3726 actuum
693 3674 734 3740 (p.
753 3671 778 3738 6,
797 3672 813 3724 7
832 3686 983 3740 9111991199
1003 3673 1177 3740 cylicranuia
1198 3689 1271 3725 9911»
1291 3676 1387 3727 icharo
1408 3678 1576 3738 org’sisnoe

326 3753 384 3789 ora,
403 3756 531 3792 1191111111.
550 3757 733 3809 1111999191)
753 3738 929 3806 1991999111).

432 3823 480 3878 Ex
503 3823 634 3887 influxu,
662 3841 752 3894 119919
778 3825 881 3879 anima
901 3830 930 3879 91
949 3840 1003 3881 cor
1027 3841 1064 3881 us
1089 3825 1222 3883 invicem
1247 3834 1399 3893 exercent,
1431 3830 1573 3886 intimam

325 3888 407 3945 iuter
425 3907 460 3946 ea
480 3892 659 3948 relationem
680 3894 816 3949 ostendit
856 3894 945 3949 Illam
967 3842 1147 3951 resstionom
1168 3912 1238 3952 esse
1258 3898 1406 3953 unionem
1429 3901 1574 3955 substan·

326 3959 436 4030 tialem,
456 3960 552 4017 latere
570 3978 641 4019 eum
662 3962 796 4020 videtur.

430 4048 468 4102 19
482 4048 584 4116 prima
596 4049 668 4106 libri
678 4056 769 4174 garis
782 4051 847 4121 agit
859 4058 968 4105 auctor
981 4051 1019 4106 de
1032 4052 1154 4109 actibus
1168 4054 1392 4123 cognoscitivis
1406 4057 1570 4125 etquidem

325 4118 471 4197 primum·
491 4131 650 4186 sensuum,
700 4121 789 4175 919119
814 4120 996 4186 intellectus,
1025 4122 1103 4177 bene
1129 4128 1291 4190 99991999,
1320 4139 1447 4181 9199991
1469 4142 1505 4181 co
1530 4126 1572 4181 ni·

325 4191 450 4254 tionem,
463 4200 560 4240 119199
573 4203 696 4243 9199919
711 4189 890 4258 psychicum
906 4189 1001 4244 vitam
1013 4191 1133 4246 animae
1145 4192 1281 4261 incipere
1294 4208 1312 4248 a
1326 4196 1484 4251 sensibus
1538 4212 1573 4251 oc

326 4270 387 4311 non
408 4256 477 4311 vult
494 4255 664 4324 intelligere
683 4272 778 4313 sensu
799 4258 905 4314 Locliii
919 4264 948 4312 91
963 4258 1143 4315 Condillacii
1165 4263 1237 4327 (acsi
1254 4262 1452 4319 sensationes
1465 4270 1571 4320 essent

325 4326 414 4380 99199
439 4326 599 4390 elementa,
627 4325 782 4407 equibus
808 4334 872 4383 tota
896 4328 1018 4402 99111199
1044 4329 1107 4384 vita
1132 4331 1353 4399 evolvereturl,
1383 4334 1439 4387 sed
1466 4334 1571 4403 potius

326 4409 420 4473 sensu
442 4393 613 4461 Leibnitzii,
637 4395 748 4465 1191911
769 4397 866 4452 verba
887 4397 1008 4452 Lockii:
1039 4399 1134 4453 »Nihil
1154 4399 1252 4455 99119
1272 4401 1445 4457 intellectu<
1469 4434 1501 4441 —
1521 4403 1572 4458 ad·

326 4462 417 4531 didit;
452 4463 528 4518 »nisi
553 4463 725 4518 intellectus
751 4464 832 4533 ipse«
861 4467 902 4587 (ht.
922 4467 958 4531 8).
996 4467 1096 4523 Sensu
1122 4464 1181 4523 hoc
1205 4476 1363 4525 auctorem
1384 4469 1418 4525 in
1438 4471 1570 4527 alterum

323 4532 471 4588 incidisse
498 4538 684 4599 extremum,
717 4548 780 4602 quo
805 4534 868 4589 1919
893 4540 979 4589 99199
1007 4537 1112 4605 potins
1140 4538 1255 4593 iaceret
1281 4554 1374 4595 suum
1405 4541 1571 4611 obiectum,

322 4618 417 4673 quam
433 4610 644 4671 cognosceret,
665 4601 852 4670 videbimus,
868 4602 920 4656 ubi
934 4604 973 4659 de
986 4606 1159 4674 cognitione
1171 4606 1369 4663 intellectuali
1383 4610 1444 4664 erit
1458 4625 1570 4665 991199.

1377 5210 1380 5217 .
1485 5210 1535 5238 ,ΙΙ
1576 5239 1583 5254 .

1366 5265 1443 5287 ,191ὲὶ-
