3450 5342
769 359 935 412 -23-

227 542 363 620 Rogobat
386 543 512 602 eundem
536 563 650 622 papam.
675 555 703 602 ut
729 545 881 622 liturgicus
903 543 994 603 libms
1016 544 1203 622 glagoliticos
1226 545 1322 604 denuo
1345 545 1476 606 edendos

230 640 344 689 curaret
358 629 643 708 commendavitque,
668 641 697 688 ut
710 632 822 690 Romae
834 630 884 690 vel
900 633 933 690 in
948 631 1101 690 Dalmatia
1116 633 1304 692 seminarium
1329 633 1476 706 conderet,

229 716 279 775 ubi
293 717 516 776 ncosacerdotes
532 717 663 792 linguam
676 718 925 796 palaeoslavicam
937 717 1095 778 discerent.
1111 720 1291 798 Eloquentia
1307 732 1335 777 et
1350 719 1475 779 eruditio

227 806 358 883 episcopi
394 807 595 884 Strossmaycr
629 805 733 877 eil'ecit,
768 817 800 862 ut
833 825 911 884 papa
944 807 1086 883 scriptum
1119 808 1183 864 eius
1221 827 1290 884 ‚pro
1314 809 1472 864 memoria“

228 900 392 970 porrectum
426 894 583 950 secretario
617 893 716 951 curiae
750 913 819 950 suae
854 891 990 950 redderet
1020 891 1126 951 iubens
1163 892 1228 951 sine
1261 914 1343 952 mora
1376 895 1477 952 omnia

229 980 260 1035 in
284 978 340 1036 hae
363 998 394 1035 re
418 977 569 1055 possibilia
596 981 706 1056 peragi.
738 977 888 1037 Libellum
911 979 1072 1058 supplicem
1096 982 1252 1038 renovarit
1276 984 1477 1060 Strossrnayer

228 1085 307 1123 anno
326 1067 415 1123 1⁸64.
439 1064 516 1144 apud
537 1087 559 1124 s.
575 1065 843 1143 Congregationem
855 1065 894 1124 de
908 1064 1100 1146 propaganda
1111 1065 1178 1126 fide.
1190 1070 1219 1125 S.
1232 1067 1324 1125 Sedes
1339 1069 1476 1146 episcopo

229 1152 431 1230 Strossmayer
452 1154 576 1230 primam
600 1171 698 1211 curam
722 1151 901 1211 redactionis
923 1152 1064 1211 librorum
1087 1153 1289 1230 liturgicarum
1315 1156 1476 1223 summisit,

229 1241 280 1316 qui
304 1240 454 1316 negotium
484 1239 540 1297 hoo
571 1240 645 1298 viris
678 1241 866 1318 peritissimis
900 1239 1062 1298 Franciseo
1095 1240 1200 1309 Rothi,
1234 1240 1410 1298 Paulinovit'·
1445 1252 1476 1300 et

230 1325 303 1404 prof.
325 1325 438 1384 Joanni
462 1326 546 1384 Brut
578 1325 692 1386 detulit.
726 1325 921 1405 Aliquamdiu
956 1329 1045 1384 etiam
1067 1325 1159 1403 Jngie
1193 1326 1355 1386 membrum
1388 1328 1475 1386 huius

229 1413 379 1470 societatis
401 1423 472 1470 crat.
503 1412 702 1472 Constitutum
726 1424 770 1471 est
793 1412 891 1492 quoad
914 1413 1046 1490 linguam
1069 1415 1244 1491 originalem
1275 1414 1475 1472 redactionem

229 1499 551 1558 slavonico-crosticam
574 1499 786 1559 restituendam
810 1521 882 1561 esse.
907 1500 989 1578 (lpus
1012 1502 1108 1578 ipsum
1132 1535 1171 1544 -
1196 1502 1315 1560 missale
1349 1536 1378 1543 -
1404 1501 1475 1559 diri-

230 1585 358 1664 gendum
382 1585 523 1645 traditum
546 1597 591 1645 est
613 1587 771 1664 professori
795 1587 889 1658 ertit,
924 1589 974 1666 qui
997 1590 1086 1665 operti
1115 1588 1293 1665 glagolantis
1317 1585 1477 1667 (glagolai)

232 1672 332 1732 Caroli
355 1673 458 1732 Parcis
482 1672 626 1732 utebatur.
649 1675 764 1732 Mortuo
788 1674 874 1732 Breit
897 1672 1008 1754 (1870)
1043 1686 1073 1732 et
1103 1687 1214 1733 mutato
1249 1688 1325 1732 statu
1358 1675 1477 1753 publico

231 1759 343 1818 Romae
365 1759 467 1818 eodem
492 1781 570 1820 anno
593 1773 681 1840 atque
703 1771 816 1820 mortuo
842 1761 895 1818 Pio
918 1761 974 1818 lx.
998 1757 1108 1839 (187⁸)
1132 1761 1223 1819 editio
1235 1762 1363 1820 missalis
1387 1764 1476 1820 inter·

232 1849 323 1904 missa
338 1856 390 1904 est.
414 1849 470 1905 Ast
495 1847 619 1925 epistola
642 1848 797 1927 encyclica
823 1846 963 1920 „Grande
986 1852 1109 1907 mnnm‘
1135 1869 1230 1926 papae
1254 1850 1364 1907 Leonis
1389 1849 1476 1907 x111.

230 1933 268 1992 de
292 1935 341 1991 30.
365 1933 539 2012 septembris
565 1937 656 2004 1880,
679 1943 796 2014 pactum
820 1937 898 1993 inter
920 1955 942 1992 a.
966 1933 1073 1993 b'edem
1109 1947 1139 1992 et
1171 1938 1334 2014 prinoipem
1361 1937 1474 1994 Monte-

231 2023 436 2098 negrinensem
460 2041 538 2080 anuo
564 2021 655 2090 1886,
685 2023 735 2099 qui
770 2023 802 2080 in
837 2020 1050 2080 archidioecesi
1086 2023 1288 2081 Antivariensi
1325 2024 1476 2100 liturgiam

230 2107 371 2166 slavioam
396 2106 540 2166 introduci
572 2107 699 2178 volebat,
730 2109 762 2165 iu
793 2128 883 2166 causa
905 2117 976 2179 erat,
1011 2120 1111 2167 utres
1135 2111 1241 2168 iterum
1272 2122 1407 2188 suscepta
1439 2111 1479 2167 sit

230 2205 360 2252 stanno
386 2195 467 2252 1⁸93
496 2195 615 2253 missale
645 2195 847 2272 glagolitieum
882 2205 1000 2254 auctore
1035 2196 1141 2254 Carolo
1177 2197 1279 2254 Pareit-
1314 2199 1344 2255 iu
1381 2197 1476 2254 lucem

230 2279 381 2358 prodierit.
419 2283 529 2340 Omnia
563 2282 746 2360 exemplaria
782 2281 866 2340 brevi
903 2291 1034 2360 tompore
1068 2281 1223 2340 divendita
1257 2300 1331 2345 suut.
1368 2285 1410 2340 ita
1443 2294 1475 2341 ut

231 2369 260 2426 S.
284 2367 359 2426 sede
383 2366 502 2426 iubente
525 2367 601 2426 libor
623 2370 704 2448 typis
728 2367 824 2426 denuo
847 2367 975 2428 exscribi
999 2368 1140 2427 debuerit.

334 2454 438 2512 Parere
473 2475 587 2513 summa
621 2457 735 2514 laetitia
770 2457 891 2514 allectus
922 2458 971 2516 20.
1004 2467 1077 2534 sept.
1114 2459 1194 2513 1893
1229 2458 1308 2513 misit
1339 2459 1478 2535 ‹piscopo

231 2541 432 2620 Strossmayer
466 2562 574 2600 novum
609 2542 736 2613 missale,
775 2545 824 2622 qui
871 2544 920 2600 29.
955 2553 1028 2620 sept.
1063 2545 1090 2601 ei
1125 2541 1297 2621 respondit:
1347 2546 1475 2602 ..inimo

230 2625 336 2686 libenti
359 2627 446 2686 audio
469 2649 490 2686 s.
515 2628 601 2687 Sedis
624 2630 775 2688 Romanae
799 2629 901 2687 favore
930 2630 1053 2688 alteram
1086 2629 1246 2688 editionem
1281 2629 1367 2688 haim
1400 2633 1476 2688 sarri

231 2714 299 2772 libri
327 2717 505 2792 praeparari.
539 2715 626 2791 Quod
656 2737 726 2774 vero
756 2717 889 2774 maxima
910 2737 957 2774 me
980 2717 1073 2774 afficit
1094 2718 1210 2774 laetitia
1242 2717 1296 2775 hoc
1321 2719 1477 2795 pramipue

231 2810 276 2860 est
291 2823 312 2860 s.
326 2801 434 2860 Sedem
446 2802 611 2860 Romanam
627 2824 679 2880 pro
695 2805 843 2882 sapientia
866 2813 896 2862 et
917 2805 1032 2862 iustitia
1043 2824 1097 2862 sua
1108 2825 1126 2862 a
1142 2825 1173 2862 se
1189 2803 1350 2881 reppulisse
1374 2825 1477 2863 ourues

232 2891 296 2947 sine
326 2908 415 2946 causa
448 2897 562 2948 tentata
590 2898 618 2947 ct
654 2910 741 2968 saepe
764 2891 913 2948 malitiosa
943 2890 1076 2961 consilia,
1111 2890 1216 2968 quibus
1241 2889 1270 2948 id
1293 2891 1477 2969 petebantur,

230 2986 261 3033 ut
285 2976 375 3034 nostri
400 2973 468 3033 libri
491 2978 565 3035 sacri
590 2978 909 3054 supprimerentur...
932 2977 1102 3035 Excellenti
1125 2977 1287 3037 decretos.
1310 2977 1395 3036 Sedis
1421 2979 1476 3036 llo-

231 3082 336 3120 manac
368 3061 484 3120 finitum
515 3073 559 3121 est
592 3074 732 3142 perpetuo
764 3072 888 3142 tempus,
922 3083 980 3141 quo
1012 3066 1130 3142 caepim
1164 3086 1216 3142 per
1249 3064 1392 3127 homines,
1427 3067 1478 3142 qui

232 3152 324 3227 ipsam
358 3149 514 3208 eeclesiam
538 3169 723 3228 nequaquam
746 3153 846 3227 magni
871 3149 1076 3221 aestimabant,
1099 3150 1319 3209 affirmabatur:
1345 3153 1476 3225 linguam

231 3237 477 3314 palaeoslavioam
513 3238 543 3294 in
568 3237 746 3296 occidentali
780 3238 860 3295 cultu
894 3235 972 3315 apud
996 3237 1101 3296 Slavos
1135 3240 1242 3296 unitati
1277 3261 1298 3295 s.
1333 3240 1476 3296 oct-lesiae

232 3322 391 3390 adversari,
414 3323 547 3401 mihique
569 3344 740 3401 persuasum
763 3334 815 3396 est,
851 3325 876 3381 si
900 3326 1040 3401 temporis
1071 3323 1195 3382 decursu
1218 3324 1376 3382 secundum
1400 3323 1480 3383 dona

231 3421 261 3468 et
290 3413 375 3487 signa
397 3409 609 3469 Providentiae
643 3411 764 3470 divinae
792 3409 946 3489 probabile
976 3411 1073 3481 fuerit,
1112 3431 1165 3489 per
1199 3411 1330 3488 linguam
1363 3424 1477 3469 retero-

232 3497 374 3555 slarieam
409 3498 440 3554 iu
475 3516 558 3556 sacra
591 3498 711 3574 liturgia
742 3497 897 3556 Slavorum
929 3496 967 3556 ad
997 3500 1135 3556 unionem
1171 3500 1201 3555 in
1237 3521 1258 3554 s.
1290 3497 1415 3555 ecclesia
1446 3507 1476 3558 et

232 3583 289 3641 fide
312 3585 461 3662 perveniri
491 3604 584 3661 posse,
619 3584 680 3642 fore
711 3595 742 3642 ut
765 3585 899 3642 Romana
931 3596 1033 3643 saneta
1064 3583 1156 3642 Sedes
1187 3596 1316 3642 nostram
1345 3585 1477 3660 linguam

231 3670 475 3729 veteroslavicarn
499 3673 530 3728 in
553 3671 675 3748 liturgia
696 3670 924 3730 occidentalium
948 3671 1103 3730 slavorum
1130 3673 1291 3735 confirmet.
1325 3674 1480 3750 ipsamque

232 3768 335 3816 saneta
356 3755 563 3816 benedictione
588 3777 640 3816 sua
656 3761 687 3816 in
702 3758 831 3816 radicem
852 3768 882 3816 et
897 3757 1008 3816 fontem
1032 3761 1240 3836 sempiternum
1265 3759 1480 3837 pacificationis

231 3853 262 3902 et
284 3845 402 3903 unionis
425 3843 548 3902 duarum
572 3865 744 3923 magnarum
768 3845 959 3903 ecelesiarum
983 3845 1196 3903 transformet·

338 3933 539 4010 Strossmayer
561 3932 702 4010 plurimos
725 3931 842 3990 libellos
866 3931 1021 4009 supplicos,
1044 3933 1134 3990 immo
1162 3944 1237 3990 totos
1261 3932 1418 3990 faseiculos
1441 3931 1478 3989 de

233 4016 336 4094 lingua
358 4019 573 4076 voteroslaviea
595 4017 809 4078 introducenda
835 4019 1034 4087 concinnavit
1058 4020 1109 4096 qui
1139 4022 1171 4076 in
1194 4019 1323 4076 arrlriris
1358 4019 1478 4089 llomae,

234 4101 429 4162 Vindobonae
453 4107 497 4182 (in
521 4101 712 4184 nuntiatura),
735 4103 907 4182 Bellogradi
930 4114 959 4163 et
975 4105 1085 4164 Cetinii
1103 4116 1299 4173 asservantur,
1324 4107 1478 4184 fontesque

232 4189 365 4249 historici
388 4194 488 4268 magni
512 4195 654 4250 momenti
676 4211 741 4252 esse
763 4201 928 4251 censentur.

337 4277 404 4353 Qua
427 4277 464 4335 de
488 4299 519 4336 re
542 4281 631 4337 etiam
655 4280 775 4337 clericos
799 4299 866 4337 suos
889 4280 920 4336 in
943 4277 1046 4355 lingua
1063 4280 1276 4337 veteroslarira
1293 4276 1482 4336 instruendos

232 4362 361 4422 curabat.
387 4366 475 4423 Auno
502 4367 648 4423 leae-4
682 4366 739 4424 hoc
773 4385 895 4424 munere
929 4365 1106 4422 Franciseus
1143 4367 1269 4423 Kurrelat·
1305 4376 1333 4422 ot
1372 4364 1480 4422 deinde

230 4452 410 4528 professores
434 4452 553 4528 linguae
576 4455 729 4523 eroaticae,
762 4455 805 4510 uti
840 4453 980 4528 Korajac,
1014 4451 1110 4519 saort,
1144 4453 1247 4521 Parii,
1285 4451 1417 4510 Par-lidie
1451 4461 1481 4508 et

232 4536 285 4594 alii
309 4538 402 4596 functi
425 4549 501 4598 sunt.

342 4625 415 4682 Eius
432 4625 556 4684 consilio
568 4625 639 4684 Pius
651 4625 708 4684 IX.
720 4626 769 4684 die
786 4627 835 4684 26.
849 4623 988 4684 februarii
1008 4627 1090 4683 1863
1107 4647 1160 4703 per
1174 4628 1358 4684 occasionem
1371 4645 1481 4683 memo·

232 4712 294 4768 riae
317 4711 500 4770 millenariae
517 4711 709 4772 festivitatem
732 4733 754 4772 s.
771 4711 880 4793 Cyrilli
902 4721 932 4770 et
946 4710 1081 4773 Mothodi
1105 4715 1262 4792 quotannis
1286 4712 1334 4770 (lie
1359 4717 1385 4770 5.
1403 4712 1481 4770 Julii
